2680 4112
486 259 508 292 C.
527 258 622 293 tantvs
640 259 741 294 omno.

131 379 200 459 χήν,
227 375 270 452 ὥς
299 375 447 457 (Ἀ)τήϊος
474 377 592 456 ἱστόρη-

131 463 590 533 uev;¹-Plutareh.0u.llom.50.

195 564 243 625 1³.
265 561 352 623 ²lliuc
366 576 394 622 et
405 569 497 623 Ateius
509 566 603 640 Capito
615 585 713 624 aunum
725 585 740 624 a
751 571 866 626 circuitu
877 573 1005 644 temporis
1018 580 1097 645 putat

131 654 246 723 dictum,
269 653 331 724 quia
353 661 462 708 ueteres
477 649 534 706 ‘aa'
550 667 599 723 pro
616 651 738 708 ‘circum'
756 669 857 726 ponere
872 665 1051 725 consuerunt,
1066 664 1097 712 ut

132 740 199 794 Cato
223 737 251 792 iu
275 735 440 808 originibus:
470 733 580 790 ‘Arator
595 752 628 791 au
644 737 797 791 terminum’
821 737 847 793 id
864 747 904 794 est
920 741 990 796 circa
1007 742 1097 796 termi-

132 821 223 892 num’,
245 828 273 874 et
296 816 422 876 ‘ambire’
445 819 543 875 dicitur
566 835 614 892 pro
632 821 786 896 circumire.
800 849 842 862 -
863 820 977 879 llacrob.
993 822 1049 878 Sat.
1068 825 1096 894 1,

134 905 186 976 14,
202 904 231 962 5.

85 1054 127 1104 [si]
403 1037 444 1092 lie
466 1038 543 1092 iure
565 1036 838 1094 sacrificiorum.

195 1153 239 1213 14.
261 1155 344 1211 Cuius
364 1153 413 1226 (sc.
429 1155 499 1209 Ateii
514 1150 660 1229 Capitonis)
682 1153 766 1210 uerba
781 1171 813 1211 ex
827 1153 897 1212 libro
912 1156 1001 1229 primo
1017 1158 1097 1214 sacri·

132 1240 257 1298 liciorum
271 1239 339 1296 haec
352 1245 430 1294 sunt:
464 1236 568 1310 ‘ltaque
583 1237 641 1292 loui
654 1246 742 1308 tauro,
759 1254 848 1308 uerre,
870 1240 954 1295 ariete
968 1239 1098 1296 immolari

132 1341 191 1382 nou
205 1323 291 1380 licet’.
307 1351 348 1362 -
365 1320 478 1378 llaorob.
494 1320 550 1376 Sat.
567 1321 597 1393 3,
613 1320 662 1380 10.
678 1321 706 1393 S.
723 1321 752 1379 3.
768 1351 810 1364 -·-
826 1315 939 1378 ³Ateius
959 1325 1030 1380 enim
1052 1323 1098 1380 Ca·

133 1411 208 1482 pito,
224 1419 301 1480 quem
316 1409 342 1462 in
357 1407 413 1462 acie
428 1413 523 1462 contra
537 1404 672 1461 Maronem
687 1406 793 1478 locasti,
808 1407 903 1464 adiecit
918 1407 984 1464 haec
999 1409 1097 1464 uerba:

137 1491 181 1547 ‘Si
204 1493 263 1564 quis
285 1490 353 1546 forte
375 1498 452 1546 tauro
469 1489 526 1544 loni
540 1488 643 1562 lecerit,
665 1491 801 1564 piaculum
817 1489 902 1546 dato’.
919 1520 962 1531 -
976 1491 1097 1548 llacrob.

135 1574 196 1632 Sat.
214 1573 243 1645 3,
260 1574 308 1631 10.
324 1575 351 1646 S.
366 1574 395 1630 7.
1074 1624 1080 1632 ,

198 1655 243 1716 16.
268 1652 485 1732 ‘¹‘Propudiauus
500 1673 600 1730 porcus
615 1657 702 1714 dictus
718 1659 782 1726 est’,
799 1666 829 1712 ut
840 1660 876 1714 ait
888 1657 981 1732 Capito
994 1661 1097 1731 Ateius,

133 1743 195 1817 ‘qui
217 1744 244 1798 in
261 1739 391 1798 sacrificio
407 1741 497 1814 gentis
513 1739 636 1796 Claudiae
651 1740 728 1796 uelut
742 1742 905 1814 piamentum
918 1751 946 1798 et
961 1743 1096 1799 exsolutio

132 1828 222 1884 omnis
233 1833 388 1882 contractae
399 1824 539 1898 religionis
551 1822 616 1883 est'.
624 1823 745 1885 -Fest.
754 1841 778 1880 v.
786 1823 973 1898 Propudiauus
984 1843 1012 1898 p.
1025 1826 1095 1883 238.

193 1907 241 1971 lo.
265 1907 377 1965 Porcam
399 1923 505 1964 auream
527 1917 555 1963 et
577 1916 732 1981 argenteam
755 1907 817 1978 dici,
839 1910 876 1964 ait
887 1907 981 1982 Capito
993 1909 1097 1980 Ateius,

134 2010 206 2068 quae
221 1994 273 2049 etsi
288 2008 401 2048 numero
417 1991 566 2047 hostiarum
582 2007 636 2046 non
652 1993 717 2063 sint,
731 2007 829 2046 nomen
840 2000 930 2048 tamen
946 2007 1037 2048 earum
1053 1992 1098 2048 ha·

132 2078 212 2148 bere,
232 2076 345 2132 alteram
361 2092 394 2131 ex
409 2091 488 2146 auro,
502 2075 613 2132 alteram
629 2091 662 2130 ex
678 2083 791 2148 argento
808 2075 905 2132 iactam
920 2073 1042 2132 adhiberi
1057 2092 1099 2132 sa·

133 2160 238 2219 criiicio
255 2159 362 2216 Ceriali.
376 2189 418 2199 -
432 2157 503 2215 rest.
519 2177 545 2216 u.
560 2158 673 2215 Porcam
688 2175 716 2232 p.
734 2157 805 2216 238.

199 2242 244 2303 lt.
261 2242 383 2300 ¹‘Rutilae
397 2259 489 2314 canes,
511 2241 539 2298 id
555 2249 666 2298 estnon
681 2242 778 2316 procul
793 2260 807 2298 a
822 2240 906 2298 rubro
923 2242 1028 2314 colore,
1049 2244 1098 2298 im·

133 2327 298 2399 molantur’,
322 2335 353 2382 ut
374 2328 411 2382 ait
425 2327 518 2382 Ateius
535 2324 638 2400 Capito,
660 2325 778 2382 ‘canario
801 2325 932 2384 sacrificio
948 2343 998 2402 pro
1014 2325 1100 2401 irugi·

133 2411 186 2469 bus
203 2411 388 2486 deprecandae
406 2412 534 2468 saeuitiae
549 2427 629 2466 causa
644 2409 740 2469 sideris
756 2410 914 2471 caniculae'.
931 2441 969 2450 —
985 2409 1058 2468 Fest.
1073 2428 1098 2468 v.

134 2495 244 2552 Rutilae
257 2513 285 2570 p.
304 2493 374 2554 285.

342 2637 345 2642 '
421 2627 462 2684 lie
484 2627 610 2684 cilicio
634 2630 821 2684 senatorio.

199 2743 247 2804 18.
271 2745 301 2802 C.
317 2745 414 2803 Caesar
435 2747 464 2802 in
486 2743 639 2811 consulatu,
663 2760 743 2819 quem
767 2761 827 2802 cum
842 2743 876 2802 ti.
892 2743 986 2802 Bibulo
1002 2747 1100 2821 gessit,

134 2839 269 2906 quattuor
290 2830 365 2886 solos
388 2839 463 2886 extra
478 2829 601 2886 ordinem
616 2846 729 2902 rogasse
743 2831 907 2885 sententiam
922 2830 1030 2887 dicitur.
1063 2829 1099 2886 En

133 2916 177 2971 his
201 2921 334 2988 quattuor
355 2916 502 2988 principem
524 2912 639 2986 rogabat
660 2913 695 2969 ll.
719 2911 857 2984 Crassum,
885 2912 933 2968 sed
955 2923 1099 2987 postquam

134 2997 220 3054 liliam
235 2995 284 3054 Cn.
300 2997 428 3072 Pompeio
451 2997 642 3071 desponderat,
665 2997 779 3070 primum
803 3005 930 3070 coeperat
944 2997 1101 3071 Pompeium

133 3097 245 3156 rogare.
268 3079 333 3138 lius
349 3083 389 3138 rei
403 3083 535 3138 rationem
550 3077 700 3137 reddidisse
716 3097 777 3136 eum
791 3081 897 3136 senatui
908 3081 971 3137 'liro
983 3081 1100 3152 Tullius,

133 3165 167 3225 ll.
183 3165 322 3222 Ciceronis
338 3165 461 3238 libertus,
483 3164 577 3238 refert,
592 3167 682 3238 itaque
698 3180 727 3220 se
742 3181 774 3220 ex
789 3173 907 3238 patrono
922 3181 973 3221 suo
989 3166 1099 3222 audisse

209 3369 230 3439 ¹)
245 3371 321 3424 Haec
338 3387 437 3437 quoque
450 3387 485 3422 ex
503 3371 578 3422 libris
595 3373 663 3420 iuris
677 3372 809 3436 pontificii
821 3385 884 3433 esse,
903 3372 1041 3420 verisimile
1055 3377 1100 3418 est.

134 3439 314 3508 ¹)Acceart'ia.
321 3444 365 3494 ed
381 3439 467 3508 ⁸)Hoo
478 3445 677 3506 supplementum
686 3444 803 3505 inprimet
810 3449 835 3490 et
844 3444 928 3490 altero
935 3441 975 3488 ed.
983 3440 1101 3489 omissum

133 3513 213 3564 debeo
233 3511 702 3579 Ubdelotldio(Gdtt.9el.Anz.1868.
718 3528 746 3575 p.
767 3511 838 3576 1148).
871 3507 891 3574 ⁴)
914 3510 968 3558 Viae
982 3508 1101 3558 datditan·

135 3585 203 3646 dum,
219 3587 283 3649 quiet
298 3585 337 3648 fr.
353 3595 448 3636 15-17.
464 3599 499 3634 eae
513 3584 603 3634 iisdem
621 3583 713 3645 sacrif.
730 3581 806 3631 libris
819 3583 951 3643 desumpta
965 3581 1025 3628 sint.
