2694 4110
241 163 299 200 vsa.
314 163 416 199 cvivsn.
431 163 517 199 rasse.
532 161 716 199 concremaro.
731 144 803 199 VIII.
819 144 927 198 a.-1x.
944 152 966 198 1.
1029 145 1090 210 855

185 294 269 368 lmpp.
287 292 457 352 Theodosius
473 299 499 348 et
514 291 642 348 Arcadius
658 299 685 347 et
697 292 831 347 Honorius
848 292 1014 350 antistant
1030 309 1093 366 pro·

185 379 291 435 consuli
305 377 391 432 Asiae.
418 375 588 445 Procurator,
602 374 667 431 licet
678 376 789 430 maritus
801 377 846 446 sit,
859 375 885 429 id
897 377 985 432 solum
998 380 1094 452 exequi

185 458 282 532 debet,
301 459 373 534 quod
389 461 542 532 procuratio
559 460 654 515 emissa
675 459 888 532 praescripserit.
919 459 977 518 liat.
995 461 1025 520 V.
1041 461 1092 518 lral.

184 543 234 600 lul.
250 543 404 600 'ilreodosio
421 543 451 598 d.
469 541 511 599 lll.
528 550 556 598 et
571 540 741 598 abundantio
758 557 829 598 coss.

226 625 255 686 3.
277 627 410 700 Agnoscis
432 627 555 682 maritum
578 625 655 682 uelut
675 633 831 682 extraneum
855 640 960 682 causam
976 631 1095 686 uxoriam

143 703 342 786 prosecutum.¹
379 708 409 769 4.
425 709 559 784 'Agnosce
569 703 622 766 .et²
637 708 750 766 iudicem
767 708 799 764 de
814 708 963 764 manifestis
975 712 1028 765 reis
1040 728 1095 768 non

143 797 264 868 potuisse
280 793 384 850 tardare
399 795 568 850 sententiam.
606 790 633 850 5.
658 793 722 848 ltem
739 809 770 848 en
785 806 899 865 corpore
916 791 1094 852 theodosiani

143 877 189 936 lib.
205 877 246 936 lll.
262 879 304 934 tit.
322 877 355 933 de
371 877 585 934 accusationibus
601 885 628 932 et
643 877 814 950 inscription.
826 869 852 929 :³

184 961 268 1036 lmpp.
285 960 414 1017 Arcadius
430 970 457 1017 et
472 960 607 1016 Honorius
620 961 673 1015 ΑΑ.
704 959 757 1016 Nec
769 959 939 1015 diuersorum
956 962 1095 1018 criminum

184 1047 224 1102 rei
244 1045 288 1100 uel
303 1043 404 1101 desidia
425 1043 553 1116 iudicum,
578 1042 621 1100 uel
644 1042 757 1116 quadam
781 1037 928 1098 ’lenitatis4
950 1044 1095 1102 ambitione

184 1144 233 1202 per
256 1128 408 1201 prouincias
431 1127 533 1182 detenti
555 1128 581 1182 in
605 1120 741 1182 ’carcerel
769 1125 905 1182 crudelius
929 1125 1095 1200 dillerantur,

185 1219 346 1268 moneantur
369 1225 462 1266 omnes
477 1209 593 1282 iudices,
616 1209 766 1283 productos
782 1225 796 1265 e
812 1209 942 1266 custodiis
964 1227 1026 1267 reos
1043 1211 1096 1268 dis·

186 1295 304 1351 cassiani
327 1292 433 1349 debitae
456 1291 587 1349 subiicere
603 1302 647 1364 et,
671 1291 743 1366 quod
766 1291 841 1367 leges
863 1295 1008 1368 suaserint,
1031 1294 1095 1353 deli·

185 1379 252 1436 nire.
279 1377 371 1432 Datum
387 1375 429 1435 lli.
446 1391 508 1432 non.
521 1377 590 1450 Aug.
604 1375 652 1431 GP.
665 1376 777 1432 Arcadio
789 1377 831 1433 lll.
848 1386 874 1433 ct
887 1375 1006 1435 Honorio
1023 1397 1094 1438 coss.

227 1455 256 1516 6.
280 1459 337 1516 Hoc
353 1461 431 1516 etlam
447 1459 597 1544 specialiter
612 1469 675 1536 post
690 1460 759 1517 hanc
774 1461 862 1535 legem
879 1459 957 1516 iudex
974 1463 1024 1519 sibi
1041 1480 1095 1523 me-

143 1552 201 1601 tuat
221 1543 406 1614 inferendam,
428 1543 501 1618 quod
524 1543 546 1600 si
562 1543 669 1617 dignam
685 1543 796 1600 tardarit
818 1561 850 1600 ex
874 1544 934 1618 lege
950 1545 1021 1602 serre
1037 1563 1097 1604 sen·

143 1629 270 1699 tentiam,
296 1627 359 1683 dum
385 1629 535 1702 principum
562 1636 704 1701 praecepta
731 1630 864 1701 respexit,
897 1631 956 1700 ipse
989 1630 1096 1704 legibus

143 1710 320 1768 damnabitur.
357 1706 384 1768 7.
407 1705 509 1767 ’Undat
524 1727 556 1766 en
572 1727 687 1784 corpore
699 1709 879 1766 Theodosiani
894 1708 945 1765 sub
958 1713 1037 1768 titulo
1055 1714 1097 1771 'de

143 1795 257 1854 diuersis
273 1787 448 1867 rescriptis:⁷

72 1872 132 1920 [⁷4³]
185 1879 270 1952 impp.
287 1877 477 1933 Constantinus
497 1875 532 1934 Α.
545 1882 572 1932 ct
593 1875 709 1932 lulianus
729 1875 801 1932 Caes.
823 1875 855 1931 ad
873 1875 990 1934 'laurum
1008 1879 1047 1934 Pl.
1066 1880 1096 1939 P.

186 1961 231 2016 nd
252 1961 378 2016 locum:
402 1957 586 2015 liultabuntur
611 1959 729 2028 iudices,
756 1961 801 2032 qui
823 1961 954 2034 rescripta
976 1971 1096 2020 contem·

158 2109 160 2114 .
186 2045 290 2117 pserlnt
310 2051 357 2099 aut
378 2042 542 2099 distulerint.
577 2041 635 2098 liat.
652 2041 695 2100 lll.
716 2058 780 2098 non.
802 2042 850 2098 lul.
873 2041 1049 2102 Constantino
1066 2049 1096 2104 A.

187 2127 238 2184 Vll.
255 2135 283 2183 et
298 2126 400 2182 iuliano
416 2143 488 2182 coss.

229 2209 258 2267 8.
280 2209 415 2284 latelllgat
430 2225 502 2266 nunc
517 2208 655 2283 improbus
671 2217 829 2280 accusator,
852 2212 969 2266 cinctum
985 2212 1097 2270 iudicem

145 2303 172 2352 et
188 2295 288 2360 uxoria,
306 2292 381 2348 uelut
397 2301 523 2366 extersa,
545 2291 671 2349 debuisse
686 2295 795 2368 negotia
810 2292 937 2366 definire,
954 2304 981 2351 et
997 2313 1051 2352 non
1067 2297 1098 2354 ll·

134 2379 244 2448 ¹cuisse,
260 2385 290 2433 ut
305 2375 419 2432 alienum
435 2385 538 2432 reatum
553 2385 696 2448 metueret,
713 2378 755 2434 cui
768 2377 800 2434 de
812 2377 960 2435 manifestis
972 2381 1026 2436 reis
1042 2397 1097 2438 non

145 2461 222 2518 licuit
238 2449 343 2516 tardare
358 2461 529 2518 sententiam.

230 2544 271 2600 lli.
293 2543 318 2602 1.
342 2537 393 2598 ⁸En
409 2559 524 2618 corpore
539 2539 783 2618 Hermogeniani:⁹

145 2661 357 2670 -—-.-———

145 2714 240 2778 copnit.
252 2710 283 2777 (a,
294 2709 338 2776 12).
354 2726 377 2760 a.
388 2721 436 2762 393.
485 2705 505 2776 ¹)
522 2710 617 2760 Contra
627 2711 675 2760 laos
683 2711 870 2762 tentatationes
880 2713 931 2762 vid.
955 2713 1010 2776 Ulp.
1022 2714 1053 2762 L.
1065 2727 1098 2765 ιο.

145 2784 177 2832 D.
193 2784 224 2832 de
238 2781 368 2832 iurisdict.
378 2783 410 2847 (a,
421 2780 451 2846 1).
500 2777 520 2844 ²)
532 2780 594 2829 Par.
605 2792 639 2831 86.
659 2781 768 2842 agnoscis
780 2781 842 2830 Par.
854 2793 886 2832 tt.
904 2782 987 2847 Pupp.
1036 2779 1098 2848 Ἣ.

145 2866 178 2905 18.
198 2852 242 2902 Tla.
255 2852 280 2902 0.
291 2851 322 2918 (a,
333 2850 364 2917 1).
380 2865 404 2900 o.
414 2862 461 2902 aas.
513 2847 534 2917 ⁴)
549 2849 593 2900 Eat
607 2849 688 2902 rte.
704 2850 807 2900 leuitatis
822 2851 879 2900 edd.
927 2849 1003 2917 ⁶)Ex
1016 2853 1060 2904 Tb.
1073 2855 1097 2904 0.

145 2938 266 2972 carcerem
275 2923 333 2972 edd.
382 2919 402 2987 ⁶)
423 2921 533 2971 Videtur
543 2921 675 2985 legendum
688 2920 743 2968 uide
757 2927 781 2968 et
794 2923 915 2984 saperius
929 2923 1037 2986 desperit
1047 2941 1099 2987 pro

145 2994 257 3056 respexit.
297 2989 427 3058 'tumeant
436 2991 499 3041 Par.
508 3003 541 3042 tt.
553 2992 577 3040 id
588 2998 624 3040 est
633 2991 813 3042 auctoritatibus
823 2992 897 3041 addit
906 2992 968 3041 Par.
978 3005 1011 3046 ea.
1039 2995 1098 3044 Vid.

145 3063 247 3111 Haenel
256 3062 292 3112 ad
300 3062 332 3110 L.
343 3073 363 3112 t.
382 3061 425 3110 Tb.
440 3061 465 3110 C.
480 3075 501 3120 1,
511 3073 541 3121 a,
556 3077 620 3126 quae
634 3069 671 3110 est
681 3077 705 3110 a.
715 3071 762 3114 aad.
815 3058 835 3124 ⁸)
853 3060 922 3121 Quae
931 3063 974 3112 laic
983 3067 1100 3128 sequitur

145 3133 287 3196 specierum
298 3131 463 3196 lepenclorum
472 3132 593 3197 sarrapo,
602 3133 677 3194 finito
691 3138 813 3188 tractatu,
827 3133 866 3180 vel
877 3131 908 3180 ab
923 3135 978 3195 ipso
989 3135 1043 3182 eius
1053 3151 1098 3184 au·

146 3201 1099 3267 ctareael,qaodaerisa’milius‚obalio(nametalioallepondirutioneuti·

145 3271 356 3338 tor)supplendio
365 3273 474 3319 maxime
485 3273 526 3330 iis,
534 3287 599 3335 quae
606 3273 637 3320 de
643 3274 731 3335 pactis
739 3287 761 3320 c.
772 3283 792 3322 t.
803 3272 902 3320 tradita
910 3279 993 3330 erant,
1009 3273 1100 3323 addita

80 3355 82 3360 ’
145 3357 199 3392 esse
209 3343 318 3391 videtur.
365 3335 387 3404 ⁹)
402 3341 441 3390 De
455 3341 602 3404 disceptem
616 3341 847 3400 constitutionibus,
862 3357 927 3406 qnae
942 3358 975 3390 ex
990 3357 1099 3406 corpore

145 3413 349 3478 Hermopeniani
357 3412 480 3469 citantur,
488 3413 539 3460 aid.
548 3411 668 3475 Haenel,
676 3412 711 3462 ad
717 3411 806 3460 Herm.
817 3412 842 3462 0.
849 3428 877 3476 p.
886 3423 919 3464 aa.
928 3413 964 3461 ad
974 3411 1017 3462 Tb.
1029 3413 1063 3472 (1.,
1071 3429 1099 3477 p.

145 3492 192 3533 216.
206 3479 476 3532 amnemamnem
485 3483 581 3531 iared.
590 3493 609 3533 3.
618 3481 728 3545 p.666.I.
741 3481 857 3546 Gothosr.
867 3485 945 3532 cosin
958 3483 1001 3532 Ta.
1011 3483 1102 3542 O.,se.'c
