<?xml version="1.0" encoding="UTF-8"?>
<!DOCTYPE html PUBLIC "-//W3C//DTD XHTML 1.0 Transitional//EN"
    "http://www.w3.org/TR/xhtml1/DTD/xhtml1-transitional.dtd">
<html xmlns="http://www.w3.org/1999/xhtml" xml:lang="en" lang="en">
 <head>
  <title>
</title>
<meta http-equiv="Content-Type" content="text/html;charset=utf-8" />
  <meta name='ocr-system' content='tesseract 3.04.00' />
  <meta name='ocr-capabilities' content='ocr_page ocr_carea ocr_par ocr_line ocrx_word'/>
</head>
<body>
  <div class='ocr_page' id='page_1' title='image "./ivrisprvdentiae00huscgoog_0491.png"; bbox 0 0 2684 4112; ppageno 0'>
   <div class='ocr_carea' id='block_1_1' title="bbox 8 665 10 768">
    <p class='ocr_par' dir='ltr' id='par_1_1' title="bbox 8 655 10 768">
     <span class='ocr_line' id='line_1_1' title="bbox 8 665 10 768; baseline 0 0"><span class='ocrx_word' id='word_1_1' title='bbox 8 665 10 768; x_wconf 84' lang='lat' dir='ltr'>i</span> 
     </span>
    </p>
   </div>
   <div class='ocr_carea' id='block_1_2' title="bbox 384 212 1072 278">
    <p class='ocr_par' dir='ltr' id='par_1_2' title="bbox 384 212 1072 278">
     <span class='ocr_line' id='line_1_2' title="bbox 384 212 1072 278; baseline 0.016 -12"><span class='ocrx_word' id='word_1_2' title='bbox 384 233 450 270; x_wconf 76' lang='lat' dir='ltr'>ruma</span> <span class='ocrx_word' id='word_1_3' title='bbox 468 232 562 269; x_wconf 73' lang='lat' dir='ltr'>ravum</span> <span class='ocrx_word' id='word_1_4' title='bbox 581 233 652 268; x_wconf 81' lang='lat' dir='ltr'>auur.</span> <span class='ocrx_word' id='word_1_5' title='bbox 670 214 691 266; x_wconf 90' lang='lat' dir='ltr'>I.</span> <span class='ocrx_word' id='word_1_6' title='bbox 712 221 752 268; x_wconf 77' lang='lat'>14.</span> <span class='ocrx_word' id='word_1_7' title='bbox 775 219 814 268; x_wconf 78' lang='lat'>15.</span> <span class='ocrx_word' id='word_1_8' title='bbox 1009 212 1072 278; x_wconf 76' lang='grc'>467</span> 
     </span>
    </p>
   </div>
   <div class='ocr_carea' id='block_1_3' title="bbox 382 374 816 420">
    <p class='ocr_par' dir='ltr' id='par_1_3' title="bbox 382 374 816 420">
     <span class='ocr_line' id='line_1_3' title="bbox 382 374 816 420; baseline -0.005 -2"><span class='ocrx_word' id='word_1_9' title='bbox 382 379 445 418; x_wconf 78' lang='grc' dir='ltr'>ΤΠ.</span> <span class='ocrx_word' id='word_1_10' title='bbox 461 378 521 420; x_wconf 79' lang='lat' dir='ltr'>xiv.</span> <span class='ocrx_word' id='word_1_11' title='bbox 550 379 592 419; x_wconf 74' lang='lat' dir='ltr'>DE</span> <span class='ocrx_word' id='word_1_12' title='bbox 607 377 661 419; x_wconf 78' lang='lat' dir='ltr'>VIA</span> <span class='ocrx_word' id='word_1_13' title='bbox 674 374 816 418; x_wconf 73' lang='lat' dir='ltr'>PVBLICA.</span> 
     </span>
    </p>
   </div>
   <div class='ocr_carea' id='block_1_4' title="bbox 121 472 1075 721">
    <p class='ocr_par' dir='ltr' id='par_1_4' title="bbox 121 472 1075 721">
     <span class='ocr_line' id='line_1_4' title="bbox 306 472 891 556; baseline -0.003 -20"><span class='ocrx_word' id='word_1_14' title='bbox 306 475 352 556; x_wconf 80' lang='lat' dir='ltr'>[L.</span> <span class='ocrx_word' id='word_1_15' title='bbox 367 480 386 538; x_wconf 90' lang='lat'><strong>3</strong></span> <span class='ocrx_word' id='word_1_16' title='bbox 400 499 448 552; x_wconf 87' lang='lat' dir='ltr'>pr.</span> <span class='ocrx_word' id='word_1_17' title='bbox 472 481 506 536; x_wconf 88' lang='lat' dir='ltr'>D.</span> <span class='ocrx_word' id='word_1_18' title='bbox 522 483 557 536; x_wconf 91' lang='lat' dir='ltr'>de</span> <span class='ocrx_word' id='word_1_19' title='bbox 572 484 618 537; x_wconf 84' lang='lat' dir='ltr'>aia</span> <span class='ocrx_word' id='word_1_20' title='bbox 629 481 709 552; x_wconf 82' lang='lat' dir='ltr'><em>publ.</em></span> <span class='ocrx_word' id='word_1_21' title='bbox 726 473 794 556; x_wconf 89' lang='grc'>(43,</span> <span class='ocrx_word' id='word_1_22' title='bbox 812 472 891 553; x_wconf 77' lang='grc'><strong>10)]</strong></span> 
     </span>
     <span class='ocr_line' id='line_1_5' title="bbox 183 559 1075 638; baseline -0.004 -18"><span class='ocrx_word' id='word_1_23' title='bbox 183 562 208 620; x_wconf 95' lang='lat'>1.</span> <span class='ocrx_word' id='word_1_24' title='bbox 235 559 302 631; x_wconf 86' lang='lat' dir='ltr'>¹Qui</span> <span class='ocrx_word' id='word_1_25' title='bbox 329 566 397 620; x_wconf 91' lang='lat' dir='ltr'>uiam</span> <span class='ocrx_word' id='word_1_26' title='bbox 423 563 557 638; x_wconf 81' lang='lat' dir='ltr'>publicam</span> <span class='ocrx_word' id='word_1_27' title='bbox 580 564 744 634; x_wconf 77' lang='lat' dir='ltr'>exercuerit,</span> <span class='ocrx_word' id='word_1_28' title='bbox 766 562 798 618; x_wconf 94' lang='lat' dir='ltr'>ad</span> <span class='ocrx_word' id='word_1_29' title='bbox 820 563 995 617; x_wconf 87' lang='lat' dir='ltr'>munitionem</span> <span class='ocrx_word' id='word_1_30' title='bbox 1018 562 1075 618; x_wconf 83' lang='lat' dir='ltr'>eius</span> 
     </span>
     <span class='ocr_line' id='line_1_6' title="bbox 121 647 391 721; baseline 0.004 -18"><span class='ocrx_word' id='word_1_31' title='bbox 121 647 196 704; x_wconf 86' lang='lat' dir='ltr'>solus</span> <span class='ocrx_word' id='word_1_32' title='bbox 212 647 391 721; x_wconf 78' lang='lat' dir='ltr'><strong>compellitur.</strong></span> 
     </span>
    </p>
   </div>
   <div class='ocr_carea' id='block_1_5' title="bbox 229 833 964 883">
    <p class='ocr_par' dir='ltr' id='par_1_5' title="bbox 229 833 964 883">
     <span class='ocr_line' id='line_1_7' title="bbox 229 833 964 883; baseline 0.001 -8"><span class='ocrx_word' id='word_1_33' title='bbox 229 836 293 876; x_wconf 79' lang='lat' dir='ltr'>&#39;1¹l&#39;1&#39;.</span> <span class='ocrx_word' id='word_1_34' title='bbox 309 836 358 877; x_wconf 83' lang='lat' dir='ltr'>XV.</span> <span class='ocrx_word' id='word_1_35' title='bbox 391 834 420 876; x_wconf 81' lang='lat' dir='ltr'>si</span> <span class='ocrx_word' id='word_1_36' title='bbox 437 835 620 883; x_wconf 70' lang='lat' dir='ltr'>Qvauuvt’us</span> <span class='ocrx_word' id='word_1_37' title='bbox 636 834 768 876; x_wconf 71' lang='lat' dir='ltr'>DAMNVH</span> <span class='ocrx_word' id='word_1_38' title='bbox 783 833 964 876; x_wconf 69' lang='lat' dir='ltr'>INTVIAEBIT·</span> 
     </span>
    </p>
   </div>
   <div class='ocr_carea' id='block_1_6' title="bbox 54 929 1078 1930">
    <p class='ocr_par' dir='ltr' id='par_1_6' title="bbox 124 929 1077 1262">
     <span class='ocr_line' id='line_1_8' title="bbox 186 929 1077 1010; baseline -0.003 -18"><span class='ocrx_word' id='word_1_39' title='bbox 186 934 211 992; x_wconf 92' lang='lat'>1.</span> <span class='ocrx_word' id='word_1_40' title='bbox 235 929 280 992; x_wconf 81' lang='lat' dir='ltr'>²Si</span> <span class='ocrx_word' id='word_1_41' title='bbox 307 937 460 1010; x_wconf 81' lang='lat' dir='ltr'>quadrupes</span> <span class='ocrx_word' id='word_1_42' title='bbox 483 939 637 1010; x_wconf 80' lang='lat' dir='ltr'>pauperiem</span> <span class='ocrx_word' id='word_1_43' title='bbox 667 937 762 992; x_wconf 87' lang='lat' dir='ltr'>iecerit</span> <span class='ocrx_word' id='word_1_44' title='bbox 790 935 950 991; x_wconf 88' lang='lat' dir='ltr'>damnumuc</span> <span class='ocrx_word' id='word_1_45' title='bbox 972 934 1077 991; x_wconf 81' lang='lat' dir='ltr'>dederit</span> 
     </span>
     <span class='ocr_line' id='line_1_9' title="bbox 125 1018 1076 1093; baseline -0.005 -17"><span class='ocrx_word' id='word_1_46' title='bbox 125 1021 223 1093; x_wconf 92' lang='lat' dir='ltr'>quidue</span> <span class='ocrx_word' id='word_1_47' title='bbox 245 1021 354 1093; x_wconf 89' lang='lat' dir='ltr'>depasta</span> <span class='ocrx_word' id='word_1_48' title='bbox 377 1022 428 1088; x_wconf 84' lang='lat' dir='ltr'>sit,</span> <span class='ocrx_word' id='word_1_49' title='bbox 453 1023 480 1075; x_wconf 89' lang='lat' dir='ltr'>in</span> <span class='ocrx_word' id='word_1_50' title='bbox 502 1021 638 1077; x_wconf 90' lang='lat' dir='ltr'>domiuum</span> <span class='ocrx_word' id='word_1_51' title='bbox 661 1021 731 1076; x_wconf 93' lang='lat' dir='ltr'>actio</span> <span class='ocrx_word' id='word_1_52' title='bbox 753 1019 847 1088; x_wconf 90' lang='lat' dir='ltr'>datur,</span> <span class='ocrx_word' id='word_1_53' title='bbox 869 1027 899 1074; x_wconf 93' lang='lat' dir='ltr'>ut</span> <span class='ocrx_word' id='word_1_54' title='bbox 921 1026 968 1074; x_wconf 93' lang='lat' dir='ltr'>aut</span> <span class='ocrx_word' id='word_1_55' title='bbox 989 1018 1076 1072; x_wconf 88' lang='lat' dir='ltr'>damni</span> 
     </span>
     <span class='ocr_line' id='line_1_10' title="bbox 124 1095 1076 1177; baseline -0.003 -18"><span class='ocrx_word' id='word_1_56' title='bbox 124 1106 335 1160; x_wconf 78' lang='lat' dir='ltr'>aestimationem</span> <span class='ocrx_word' id='word_1_57' title='bbox 357 1103 452 1160; x_wconf 87' lang='lat' dir='ltr'>subeat</span> <span class='ocrx_word' id='word_1_58' title='bbox 474 1113 519 1159; x_wconf 90' lang='lat' dir='ltr'>aut</span> <span class='ocrx_word' id='word_1_59' title='bbox 542 1103 740 1177; x_wconf 78' lang='lat' dir='ltr'>quadrupedem</span> <span class='ocrx_word' id='word_1_60' title='bbox 762 1095 888 1170; x_wconf 78' lang='lat' dir='ltr'>&#39;dedat;³</span> <span class='ocrx_word' id='word_1_61' title='bbox 909 1102 1076 1176; x_wconf 83' lang='lat' dir='ltr'>quodetiam</span> 
     </span>
     <span class='ocr_line' id='line_1_11' title="bbox 125 1182 634 1262; baseline 0 -18"><span class='ocrx_word' id='word_1_62' title='bbox 125 1188 186 1262; x_wconf 77' lang='lat' dir='ltr'>lege</span> <span class='ocrx_word' id='word_1_63' title='bbox 201 1182 368 1244; x_wconf 82' lang='lat' dir='ltr'>&#39;Pesulania⁴</span> <span class='ocrx_word' id='word_1_64' title='bbox 386 1188 418 1243; x_wconf 93' lang='lat' dir='ltr'>de</span> <span class='ocrx_word' id='word_1_65' title='bbox 435 1203 500 1244; x_wconf 88' lang='lat' dir='ltr'>caue</span> <span class='ocrx_word' id='word_1_66' title='bbox 515 1196 634 1244; x_wconf 90' lang='lat' dir='ltr'>cauetur.</span> 
     </span>
    </p>

    <p class='ocr_par' dir='ltr' id='par_1_7' title="bbox 397 1263 807 1347">
     <span class='ocr_line' id='line_1_12' title="bbox 397 1263 807 1347; baseline -0.005 -19"><span class='ocrx_word' id='word_1_67' title='bbox 397 1266 455 1347; x_wconf 77' lang='lat' dir='ltr'><em>[Cf.</em></span> <span class='ocrx_word' id='word_1_68' title='bbox 471 1272 535 1328; x_wconf 81' lang='lat' dir='ltr'>Lex</span> <span class='ocrx_word' id='word_1_69' title='bbox 551 1271 643 1344; x_wconf 78' lang='lat' dir='ltr'>Burp.</span> <span class='ocrx_word' id='word_1_70' title='bbox 660 1275 701 1326; x_wconf 79' lang='lat' dir='ltr'>tit.</span> <span class='ocrx_word' id='word_1_71' title='bbox 720 1263 807 1346; x_wconf 63' lang='grc'>13.]5</span> 
     </span>
    </p>

    <p class='ocr_par' dir='ltr' id='par_1_8' title="bbox 125 1347 1078 1677">
     <span class='ocr_line' id='line_1_13' title="bbox 188 1347 1075 1428; baseline -0.003 -18"><span class='ocrx_word' id='word_1_72' title='bbox 188 1352 218 1411; x_wconf 80' lang='lat'>2.</span> <span class='ocrx_word' id='word_1_73' title='bbox 241 1348 351 1412; x_wconf 66' lang='lat' dir='ltr'>6leram</span> <span class='ocrx_word' id='word_1_74' title='bbox 375 1355 486 1411; x_wconf 87' lang='lat' dir='ltr'>bestiam</span> <span class='ocrx_word' id='word_1_75' title='bbox 509 1358 535 1410; x_wconf 91' lang='lat' dir='ltr'>iu</span> <span class='ocrx_word' id='word_1_76' title='bbox 559 1371 590 1410; x_wconf 91' lang='lat' dir='ltr'>ca</span> <span class='ocrx_word' id='word_1_77' title='bbox 612 1364 705 1428; x_wconf 86' lang='lat' dir='ltr'>parte,</span> <span class='ocrx_word' id='word_1_78' title='bbox 727 1371 778 1426; x_wconf 90' lang='lat' dir='ltr'>qua</span> <span class='ocrx_word' id='word_1_79' title='bbox 802 1347 928 1427; x_wconf 72' lang='lat' dir='ltr'>&#39;populi⁷</span> <span class='ocrx_word' id='word_1_80' title='bbox 950 1355 1002 1410; x_wconf 88' lang='lat' dir='ltr'>iter</span> <span class='ocrx_word' id='word_1_81' title='bbox 1025 1361 1075 1420; x_wconf 83' lang='lat' dir='ltr'>est,</span> 
     </span>
     <span class='ocr_line' id='line_1_14' title="bbox 125 1432 1078 1512; baseline -0.003 -18"><span class='ocrx_word' id='word_1_82' title='bbox 125 1432 278 1510; x_wconf 77' lang='lat' dir='ltr'>&#39;colligaris</span> <span class='ocrx_word' id='word_1_83' title='bbox 294 1447 402 1512; x_wconf 88' lang='lat' dir='ltr'>praetor</span> <span class='ocrx_word' id='word_1_84' title='bbox 418 1439 553 1512; x_wconf 83' lang='lat' dir='ltr'>prohibet,</span> <span class='ocrx_word' id='word_1_85' title='bbox 570 1439 683 1506; x_wconf 78' lang='lat' dir='ltr'>uideo,</span> <span class='ocrx_word' id='word_1_86' title='bbox 698 1440 757 1494; x_wconf 84' lang='lat' dir='ltr'>siue</span> <span class='ocrx_word' id='word_1_87' title='bbox 773 1437 805 1494; x_wconf 90' lang='lat' dir='ltr'>ab</span> <span class='ocrx_word' id='word_1_88' title='bbox 820 1440 876 1511; x_wconf 90' lang='lat' dir='ltr'>ipsa</span> <span class='ocrx_word' id='word_1_89' title='bbox 891 1439 950 1496; x_wconf 80' lang='lat' dir='ltr'>siue</span> <span class='ocrx_word' id='word_1_90' title='bbox 965 1445 1078 1511; x_wconf 88' lang='lat' dir='ltr'>propter</span> 
     </span>
     <span class='ocr_line' id='line_1_15' title="bbox 127 1521 1076 1594; baseline -0.004 -16"><span class='ocrx_word' id='word_1_91' title='bbox 127 1538 183 1578; x_wconf 88' lang='lat' dir='ltr'>eam</span> <span class='ocrx_word' id='word_1_92' title='bbox 205 1521 236 1578; x_wconf 85' lang='lat' dir='ltr'>ab</span> <span class='ocrx_word' id='word_1_93' title='bbox 258 1522 309 1578; x_wconf 86' lang='lat' dir='ltr'>aiio</span> <span class='ocrx_word' id='word_1_94' title='bbox 330 1523 406 1578; x_wconf 87' lang='lat' dir='ltr'>alteri</span> <span class='ocrx_word' id='word_1_95' title='bbox 428 1523 551 1578; x_wconf 88' lang='lat' dir='ltr'>damnum</span> <span class='ocrx_word' id='word_1_96' title='bbox 567 1523 657 1578; x_wconf 91' lang='lat' dir='ltr'>datum</span> <span class='ocrx_word' id='word_1_97' title='bbox 679 1521 776 1592; x_wconf 81' lang='lat' dir='ltr'>suerit,</span> <span class='ocrx_word' id='word_1_98' title='bbox 797 1538 847 1594; x_wconf 92' lang='lat' dir='ltr'>pro</span> <span class='ocrx_word' id='word_1_99' title='bbox 869 1522 949 1578; x_wconf 89' lang='lat' dir='ltr'>modo</span> <span class='ocrx_word' id='word_1_100' title='bbox 970 1521 1076 1578; x_wconf 79' lang='lat' dir='ltr'>admissi</span> 
     </span>
     <span class='ocr_line' id='line_1_16' title="bbox 126 1605 1076 1677; baseline -0.002 -15"><span class='ocrx_word' id='word_1_101' title='bbox 126 1614 200 1662; x_wconf 80' lang='lat' dir='ltr'>extra</span> <span class='ocrx_word' id='word_1_102' title='bbox 215 1606 333 1662; x_wconf 81' lang='lat' dir='ltr'>ordinem</span> <span class='ocrx_word' id='word_1_103' title='bbox 349 1609 419 1662; x_wconf 88' lang='lat' dir='ltr'>actio</span> <span class='ocrx_word' id='word_1_104' title='bbox 435 1609 462 1662; x_wconf 89' lang='lat' dir='ltr'>iu</span> <span class='ocrx_word' id='word_1_105' title='bbox 477 1607 614 1662; x_wconf 88' lang='lat' dir='ltr'>dominum</span> <span class='ocrx_word' id='word_1_106' title='bbox 629 1605 673 1662; x_wconf 89' lang='lat' dir='ltr'>uel</span> <span class='ocrx_word' id='word_1_107' title='bbox 690 1606 830 1662; x_wconf 77' lang='lat' dir='ltr'>custodem</span> <span class='ocrx_word' id='word_1_108' title='bbox 846 1606 940 1677; x_wconf 89' lang='lat' dir='ltr'>datur;</span> <span class='ocrx_word' id='word_1_109' title='bbox 964 1606 1076 1660; x_wconf 81' lang='lat' dir='ltr'>maxime</span> 
     </span>
    </p>

    <p class='ocr_par' dir='ltr' id='par_1_9' title="bbox 54 1683 1078 1930">
     <span class='ocr_line' id='line_1_17' title="bbox 54 1683 1078 1763; baseline -0.007 -14"><span class='ocrx_word' id='word_1_110' title='bbox 54 1710 114 1758; x_wconf 84' lang='lat' dir='ltr'>[aaa]</span> <span class='ocrx_word' id='word_1_111' title='bbox 125 1691 148 1744; x_wconf 90' lang='lat' dir='ltr'>si</span> <span class='ocrx_word' id='word_1_112' title='bbox 163 1705 195 1746; x_wconf 81' lang='lat' dir='ltr'>er</span> <span class='ocrx_word' id='word_1_113' title='bbox 210 1706 242 1745; x_wconf 94' lang='lat' dir='ltr'>eo</span> <span class='ocrx_word' id='word_1_114' title='bbox 259 1689 340 1746; x_wconf 89' lang='lat' dir='ltr'>lrorno</span> <span class='ocrx_word' id='word_1_115' title='bbox 356 1691 465 1763; x_wconf 89' lang='lat' dir='ltr'>perierit</span> <span class='ocrx_word' id='word_1_116' title='bbox 487 1690 532 1746; x_wconf 88' lang='lat' dir='ltr'>uei</span> <span class='ocrx_word' id='word_1_117' title='bbox 547 1690 630 1745; x_wconf 82' lang='lat' dir='ltr'>suerit</span> <span class='ocrx_word' id='word_1_118' title='bbox 644 1690 743 1747; x_wconf 86' lang='lat' dir='ltr'>laesus.</span> <span class='ocrx_word' id='word_1_119' title='bbox 779 1685 808 1748; x_wconf 77' lang='grc'><strong>3.</strong></span> <span class='ocrx_word' id='word_1_120' title='bbox 830 1683 894 1759; x_wconf 74' lang='lat' dir='ltr'>⁹Ei,</span> <span class='ocrx_word' id='word_1_121' title='bbox 910 1691 955 1760; x_wconf 89' lang='lat' dir='ltr'>qui</span> <span class='ocrx_word' id='word_1_122' title='bbox 971 1690 1078 1744; x_wconf 90' lang='lat' dir='ltr'>irritatu</span> 
     </span>
     <span class='ocr_line' id='line_1_18' title="bbox 125 1771 1078 1846; baseline -0.004 -18"><span class='ocrx_word' id='word_1_123' title='bbox 125 1789 175 1828; x_wconf 83' lang='lat' dir='ltr'>suo</span> <span class='ocrx_word' id='word_1_124' title='bbox 191 1773 273 1830; x_wconf 86' lang='lat' dir='ltr'>seram</span> <span class='ocrx_word' id='word_1_125' title='bbox 288 1773 401 1830; x_wconf 88' lang='lat' dir='ltr'>bestiam</span> <span class='ocrx_word' id='word_1_126' title='bbox 418 1773 462 1828; x_wconf 93' lang='lat' dir='ltr'>uel</span> <span class='ocrx_word' id='word_1_127' title='bbox 479 1789 673 1846; x_wconf 82' lang='lat' dir='ltr'>quamcumque</span> <span class='ocrx_word' id='word_1_128' title='bbox 697 1773 775 1828; x_wconf 88' lang='lat' dir='ltr'>aliam</span> <span class='ocrx_word' id='word_1_129' title='bbox 790 1772 990 1846; x_wconf 83' lang='lat' dir='ltr'>quadrupedem</span> <span class='ocrx_word' id='word_1_130' title='bbox 1006 1771 1033 1826; x_wconf 90' lang='lat' dir='ltr'>iu</span> <span class='ocrx_word' id='word_1_131' title='bbox 1049 1787 1078 1824; x_wconf 90' lang='lat' dir='ltr'>se</span> 
     </span>
     <span class='ocr_line' id='line_1_19' title="bbox 125 1851 1076 1930; baseline -0.004 -18"><span class='ocrx_word' id='word_1_132' title='bbox 125 1859 309 1930; x_wconf 82' lang='lat' dir='ltr'>proritauerit,</span> <span class='ocrx_word' id='word_1_133' title='bbox 322 1858 422 1930; x_wconf 88' lang='lat' dir='ltr'>’itaque</span> <span class='ocrx_word' id='word_1_134' title='bbox 437 1857 562 1912; x_wconf 89' lang='lat' dir='ltr'>damnum</span> <span class='ocrx_word' id='word_1_135' title='bbox 574 1851 715 1930; x_wconf 84' lang='lat' dir='ltr'>ceperit‚¹⁰</span> <span class='ocrx_word' id='word_1_136' title='bbox 728 1873 816 1928; x_wconf 90' lang='lat' dir='ltr'>neque</span> <span class='ocrx_word' id='word_1_137' title='bbox 829 1858 856 1912; x_wconf 90' lang='lat' dir='ltr'>iu</span> <span class='ocrx_word' id='word_1_138' title='bbox 868 1857 927 1912; x_wconf 90' lang='lat' dir='ltr'>eius</span> <span class='ocrx_word' id='word_1_139' title='bbox 939 1854 1076 1910; x_wconf 88' lang='lat' dir='ltr'>dominum</span> 
     </span>
    </p>
   </div>
   <div class='ocr_carea' id='block_1_7' title="bbox 126 1940 933 2102">
    <p class='ocr_par' dir='ltr' id='par_1_10' title="bbox 126 1940 933 2102">
     <span class='ocr_line' id='line_1_20' title="bbox 126 1940 600 2012; baseline 0.004 -18"><span class='ocrx_word' id='word_1_140' title='bbox 126 1957 214 2012; x_wconf 88' lang='lat' dir='ltr'>neque</span> <span class='ocrx_word' id='word_1_141' title='bbox 230 1943 256 1995; x_wconf 91' lang='lat' dir='ltr'>iu</span> <span class='ocrx_word' id='word_1_142' title='bbox 272 1942 412 1998; x_wconf 80' lang='lat' dir='ltr'>custodem</span> <span class='ocrx_word' id='word_1_143' title='bbox 428 1943 497 1996; x_wconf 90' lang='lat' dir='ltr'>aetio</span> <span class='ocrx_word' id='word_1_144' title='bbox 513 1940 600 1996; x_wconf 92' lang='lat' dir='ltr'>datur.</span> 
     </span>
     <span class='ocr_line' id='line_1_21' title="bbox 270 2015 933 2102; baseline -0.002 -24"><span class='ocrx_word' id='word_1_145' title='bbox 270 2016 313 2102; x_wconf 80' lang='lat' dir='ltr'>[L.</span> <span class='ocrx_word' id='word_1_146' title='bbox 331 2025 379 2080; x_wconf 88' lang='lat'>11.</span> <span class='ocrx_word' id='word_1_147' title='bbox 403 2025 438 2079; x_wconf 81' lang='grc' dir='ltr'><strong>Ι).</strong></span> <span class='ocrx_word' id='word_1_148' title='bbox 456 2026 490 2080; x_wconf 90' lang='lat' dir='ltr'>de</span> <span class='ocrx_word' id='word_1_149' title='bbox 506 2025 654 2082; x_wconf 78' lang='lat' dir='ltr'>extraord.</span> <span class='ocrx_word' id='word_1_150' title='bbox 672 2024 753 2084; x_wconf 83' lang='lat' dir='ltr'>crim.</span> <span class='ocrx_word' id='word_1_151' title='bbox 771 2015 836 2100; x_wconf 23' lang='lat'>(4¹7,</span> <span class='ocrx_word' id='word_1_152' title='bbox 854 2015 933 2100; x_wconf 86' lang='lat'>11).]</span> 
     </span>
    </p>
   </div>
   <div class='ocr_carea' id='block_1_8' title="bbox 124 2221 1081 3627">
    <p class='ocr_par' dir='ltr' id='par_1_11' title="bbox 127 2221 1078 2360">
     <span class='ocr_line' id='line_1_22' title="bbox 202 2221 1078 2288; baseline 0.002 -18"><span class='ocrx_word' id='word_1_153' title='bbox 202 2222 249 2271; x_wconf 79' lang='lat' dir='ltr'>lit.</span> <span class='ocrx_word' id='word_1_154' title='bbox 269 2221 346 2272; x_wconf 87' lang='lat' dir='ltr'><em>XIV.</em></span> <span class='ocrx_word' id='word_1_155' title='bbox 395 2221 415 2288; x_wconf 85' lang='grc' dir='ltr'>ι)</span> <span class='ocrx_word' id='word_1_156' title='bbox 434 2224 516 2273; x_wconf 73' lang='lat' dir='ltr'>Extat</span> <span class='ocrx_word' id='word_1_157' title='bbox 534 2227 609 2274; x_wconf 83' lang='lat' dir='ltr'>etiam</span> <span class='ocrx_word' id='word_1_158' title='bbox 628 2228 655 2274; x_wconf 90' lang='lat' dir='ltr'>iu</span> <span class='ocrx_word' id='word_1_159' title='bbox 674 2226 706 2274; x_wconf 89' lang='lat' dir='ltr'>L.</span> <span class='ocrx_word' id='word_1_160' title='bbox 725 2237 746 2277; x_wconf 86' lang='grc'><strong>9.</strong></span> <span class='ocrx_word' id='word_1_161' title='bbox 770 2227 793 2287; x_wconf 69' lang='grc' dir='ltr'>ἓ.</span> <span class='ocrx_word' id='word_1_162' title='bbox 809 2238 828 2275; x_wconf 91' lang='lat'>1.</span> <span class='ocrx_word' id='word_1_163' title='bbox 853 2225 885 2274; x_wconf 86' lang='lat' dir='ltr'>D.</span> <span class='ocrx_word' id='word_1_164' title='bbox 905 2226 936 2274; x_wconf 88' lang='lat' dir='ltr'>de</span> <span class='ocrx_word' id='word_1_165' title='bbox 950 2226 993 2273; x_wconf 86' lang='lat' dir='ltr'>oia</span> <span class='ocrx_word' id='word_1_166' title='bbox 1007 2223 1078 2287; x_wconf 85' lang='lat' dir='ltr'>publ.</span> 
     </span>
     <span class='ocr_line' id='line_1_23' title="bbox 127 2292 509 2360; baseline -0.003 -15"><span class='ocrx_word' id='word_1_167' title='bbox 127 2295 172 2360; x_wconf 82' lang='lat' dir='ltr'>(aa,</span> <span class='ocrx_word' id='word_1_168' title='bbox 188 2293 231 2357; x_wconf 84' lang='grc' dir='ltr'><strong>ιο).</strong></span> <span class='ocrx_word' id='word_1_169' title='bbox 252 2293 290 2356; x_wconf 80' lang='lat' dir='ltr'>Of.</span> <span class='ocrx_word' id='word_1_170' title='bbox 306 2294 366 2342; x_wconf 82' lang='lat' dir='ltr'>Lex</span> <span class='ocrx_word' id='word_1_171' title='bbox 379 2292 460 2359; x_wconf 67' lang='lat' dir='ltr'>Bury.</span> <span class='ocrx_word' id='word_1_172' title='bbox 476 2307 509 2344; x_wconf 85' lang='lat' dir='ltr'>ar.</span> 
     </span>
    </p>

    <p class='ocr_par' dir='ltr' id='par_1_12' title="bbox 202 2359 1078 2431">
     <span class='ocr_line' id='line_1_24' title="bbox 202 2359 1078 2431; baseline 0.001 -19"><span class='ocrx_word' id='word_1_173' title='bbox 202 2363 257 2412; x_wconf 81' lang='lat' dir='ltr'>Tit.¹</span> <span class='ocrx_word' id='word_1_174' title='bbox 270 2361 332 2413; x_wconf 89' lang='lat' dir='ltr'>XV.</span> <span class='ocrx_word' id='word_1_175' title='bbox 372 2359 393 2429; x_wconf 74' lang='lat'>²)</span> <span class='ocrx_word' id='word_1_176' title='bbox 410 2364 448 2428; x_wconf 79' lang='lat' dir='ltr'>Cf.</span> <span class='ocrx_word' id='word_1_177' title='bbox 464 2367 502 2414; x_wconf 86' lang='lat' dir='ltr'>tit.</span> <span class='ocrx_word' id='word_1_178' title='bbox 517 2365 540 2414; x_wconf 91' lang='lat' dir='ltr'>I.</span> <span class='ocrx_word' id='word_1_179' title='bbox 554 2368 579 2414; x_wconf 82' lang='lat' dir='ltr'>ai</span> <span class='ocrx_word' id='word_1_180' title='bbox 592 2367 684 2430; x_wconf 88' lang='lat' dir='ltr'>quadr.</span> <span class='ocrx_word' id='word_1_181' title='bbox 695 2382 776 2430; x_wconf 88' lang='lat' dir='ltr'>paup.</span> <span class='ocrx_word' id='word_1_182' title='bbox 791 2365 823 2431; x_wconf 82' lang='grc'>(4,</span> <span class='ocrx_word' id='word_1_183' title='bbox 833 2367 864 2430; x_wconf 93' lang='grc'><strong>9).</strong></span> <span class='ocrx_word' id='word_1_184' title='bbox 883 2366 915 2415; x_wconf 77' lang='lat' dir='ltr'>t.</span> <span class='ocrx_word' id='word_1_185' title='bbox 929 2377 962 2416; x_wconf 81' lang='lat'>14.</span> <span class='ocrx_word' id='word_1_186' title='bbox 977 2367 1000 2428; x_wconf 67' lang='grc' dir='ltr'>ξ.</span> <span class='ocrx_word' id='word_1_187' title='bbox 1010 2377 1031 2416; x_wconf 89' lang='grc'><strong>9.</strong></span> <span class='ocrx_word' id='word_1_188' title='bbox 1046 2366 1078 2414; x_wconf 89' lang='lat' dir='ltr'>D.</span> 
     </span>
    </p>

    <p class='ocr_par' dir='ltr' id='par_1_13' title="bbox 124 2433 1081 3627">
     <span class='ocr_line' id='line_1_25' title="bbox 128 2433 1078 2501; baseline 0.001 -17"><span class='ocrx_word' id='word_1_189' title='bbox 128 2436 159 2484; x_wconf 91' lang='lat' dir='ltr'>de</span> <span class='ocrx_word' id='word_1_190' title='bbox 170 2449 290 2498; x_wconf 74' lang='lat' dir='ltr'>praescr.</span> <span class='ocrx_word' id='word_1_191' title='bbox 305 2434 374 2484; x_wconf 82' lang='lat' dir='ltr'>verb.</span> <span class='ocrx_word' id='word_1_192' title='bbox 388 2433 436 2498; x_wconf 81' lang='lat' dir='ltr'>(re,</span> <span class='ocrx_word' id='word_1_193' title='bbox 450 2434 482 2501; x_wconf 95' lang='grc'>5).</span> <span class='ocrx_word' id='word_1_194' title='bbox 547 2433 568 2501; x_wconf 80' lang='lat'>³)</span> <span class='ocrx_word' id='word_1_195' title='bbox 583 2437 735 2499; x_wconf 89' lang='lat' dir='ltr'>quadrupede</span> <span class='ocrx_word' id='word_1_196' title='bbox 749 2438 818 2486; x_wconf 87' lang='lat' dir='ltr'>cedat</span> <span class='ocrx_word' id='word_1_197' title='bbox 837 2453 872 2486; x_wconf 81' lang='lat' dir='ltr'>eu</span> <span class='ocrx_word' id='word_1_198' title='bbox 885 2439 946 2486; x_wconf 81' lang='lat' dir='ltr'>aliia</span> <span class='ocrx_word' id='word_1_199' title='bbox 962 2437 1023 2486; x_wconf 83' lang='lat' dir='ltr'>Cdd.</span> <span class='ocrx_word' id='word_1_200' title='bbox 1038 2437 1078 2485; x_wconf 91' lang='lat' dir='ltr'>ed.</span> 
     </span>
     <span class='ocr_line' id='line_1_26' title="bbox 128 2501 1078 2572; baseline 0.003 -19"><span class='ocrx_word' id='word_1_201' title='bbox 128 2505 213 2554; x_wconf 78' lang='lat' dir='ltr'>Haeo.</span> <span class='ocrx_word' id='word_1_202' title='bbox 264 2501 286 2569; x_wconf 68' lang='grc'>4)</span> <span class='ocrx_word' id='word_1_203' title='bbox 301 2505 396 2554; x_wconf 90' lang='lat' dir='ltr'>Solouia</span> <span class='ocrx_word' id='word_1_204' title='bbox 411 2508 443 2569; x_wconf 74' lang='lat' dir='ltr'>ci.</span> <span class='ocrx_word' id='word_1_205' title='bbox 456 2507 542 2556; x_wconf 87' lang='lat' dir='ltr'>Cuiac.</span> <span class='ocrx_word' id='word_1_206' title='bbox 568 2507 658 2556; x_wconf 90' lang='lat' dir='ltr'>Malim</span> <span class='ocrx_word' id='word_1_207' title='bbox 668 2508 804 2556; x_wconf 82' lang='lat' dir='ltr'>Pessulauia</span> <span class='ocrx_word' id='word_1_208' title='bbox 820 2510 861 2556; x_wconf 91' lang='lat' dir='ltr'>uel</span> <span class='ocrx_word' id='word_1_209' title='bbox 875 2508 993 2556; x_wconf 86' lang='lat' dir='ltr'>Pisulauia</span> <span class='ocrx_word' id='word_1_210' title='bbox 1008 2505 1078 2572; x_wconf 82' lang='lat' dir='ltr'>(Phy-</span> 
     </span>
     <span class='ocr_line' id='line_1_27' title="bbox 129 2574 1079 2641; baseline 0.004 -19"><span class='ocrx_word' id='word_1_211' title='bbox 129 2575 220 2623; x_wconf 89' lang='lat' dir='ltr'>sclauia</span> <span class='ocrx_word' id='word_1_212' title='bbox 241 2575 283 2624; x_wconf 86' lang='lat' dir='ltr'>Cd.</span> <span class='ocrx_word' id='word_1_213' title='bbox 303 2574 348 2640; x_wconf 83' lang='lat' dir='ltr'>til).</span> <span class='ocrx_word' id='word_1_214' title='bbox 422 2575 443 2641; x_wconf 70' lang='grc' dir='ltr'>ὅ)</span> <span class='ocrx_word' id='word_1_215' title='bbox 468 2577 515 2626; x_wconf 72' lang='lat' dir='ltr'>lata·</span> <span class='ocrx_word' id='word_1_216' title='bbox 532 2579 572 2626; x_wconf 85' lang='lat' dir='ltr'>aio</span> <span class='ocrx_word' id='word_1_217' title='bbox 592 2579 701 2641; x_wconf 85' lang='lat' dir='ltr'>lepitur:</span> <span class='ocrx_word' id='word_1_218' title='bbox 725 2574 766 2626; x_wconf 81' lang='lat' dir='ltr'>‘Si</span> <span class='ocrx_word' id='word_1_219' title='bbox 786 2579 882 2626; x_wconf 83' lang='lat' dir='ltr'>animal</span> <span class='ocrx_word' id='word_1_220' title='bbox 906 2581 1079 2641; x_wconf 81' lang='lat' dir='ltr'>cuiuscunque</span> 
     </span>
     <span class='ocr_line' id='line_1_28' title="bbox 130 2646 1080 2706; baseline 0.003 -13"><span class='ocrx_word' id='word_1_221' title='bbox 130 2646 247 2694; x_wconf 86' lang='lat' dir='ltr'>damnum</span> <span class='ocrx_word' id='word_1_222' title='bbox 261 2647 388 2704; x_wconf 84' lang='lat' dir='ltr'>intulerit,</span> <span class='ocrx_word' id='word_1_223' title='bbox 403 2655 449 2696; x_wconf 89' lang='lat' dir='ltr'>aut</span> <span class='ocrx_word' id='word_1_224' title='bbox 462 2648 663 2696; x_wconf 76' lang='lat' dir='ltr'>aestimationem</span> <span class='ocrx_word' id='word_1_225' title='bbox 680 2648 768 2696; x_wconf 84' lang='lat' dir='ltr'>dammi</span> <span class='ocrx_word' id='word_1_226' title='bbox 785 2649 902 2698; x_wconf 80' lang='lat' dir='ltr'>domiuus</span> <span class='ocrx_word' id='word_1_227' title='bbox 919 2650 1015 2706; x_wconf 76' lang='lat' dir='ltr'>soluat,</span> <span class='ocrx_word' id='word_1_228' title='bbox 1034 2655 1080 2696; x_wconf 83' lang='lat' dir='ltr'>aut</span> 
     </span>
     <span class='ocr_line' id='line_1_29' title="bbox 129 2717 1080 2782; baseline 0.003 -19"><span class='ocrx_word' id='word_1_229' title='bbox 129 2717 225 2764; x_wconf 84' lang='lat' dir='ltr'>animal</span> <span class='ocrx_word' id='word_1_230' title='bbox 239 2717 327 2766; x_wconf 83' lang='lat' dir='ltr'>cedat:</span> <span class='ocrx_word' id='word_1_231' title='bbox 341 2717 409 2781; x_wconf 85' lang='lat' dir='ltr'>quod</span> <span class='ocrx_word' id='word_1_232' title='bbox 422 2719 498 2766; x_wconf 88' lang='lat' dir='ltr'>etiam</span> <span class='ocrx_word' id='word_1_233' title='bbox 513 2718 545 2766; x_wconf 88' lang='lat' dir='ltr'>de</span> <span class='ocrx_word' id='word_1_234' title='bbox 559 2732 623 2766; x_wconf 84' lang='lat' dir='ltr'>caue</span> <span class='ocrx_word' id='word_1_235' title='bbox 637 2724 662 2766; x_wconf 88' lang='lat' dir='ltr'>et</span> <span class='ocrx_word' id='word_1_236' title='bbox 675 2717 764 2780; x_wconf 79' lang='lat' dir='ltr'>bipede</span> <span class='ocrx_word' id='word_1_237' title='bbox 775 2720 878 2782; x_wconf 81' lang='lat' dir='ltr'>placuit</span> <span class='ocrx_word' id='word_1_238' title='bbox 890 2719 1027 2768; x_wconf 77' lang='lat' dir='ltr'>obseruari</span> <span class='ocrx_word' id='word_1_239' title='bbox 1039 2733 1080 2767; x_wconf 85' lang='lat' dir='ltr'>oe-</span> 
     </span>
     <span class='ocr_line' id='line_1_30' title="bbox 129 2787 1079 2853; baseline 0.001 -17"><span class='ocrx_word' id='word_1_240' title='bbox 129 2787 238 2836; x_wconf 86' lang='lat' dir='ltr'>cuudum</span> <span class='ocrx_word' id='word_1_241' title='bbox 256 2789 365 2851; x_wconf 77' lang='lat' dir='ltr'>speciem</span> <span class='ocrx_word' id='word_1_242' title='bbox 384 2787 473 2836; x_wconf 85' lang='lat' dir='ltr'>Paulli</span> <span class='ocrx_word' id='word_1_243' title='bbox 491 2789 674 2837; x_wconf 77' lang='lat' dir='ltr'>sententiarum</span> <span class='ocrx_word' id='word_1_244' title='bbox 693 2788 734 2837; x_wconf 78' lang='lat' dir='ltr'>til.</span> <span class='ocrx_word' id='word_1_245' title='bbox 754 2787 776 2836; x_wconf 90' lang='lat' dir='ltr'>I.</span> <span class='ocrx_word' id='word_1_246' title='bbox 795 2790 912 2838; x_wconf 76' lang='lat' dir='ltr'>titulari</span> <span class='ocrx_word' id='word_1_247' title='bbox 932 2790 1079 2853; x_wconf 77' lang='lat' dir='ltr'>quadrupes</span> 
     </span>
     <span class='ocr_line' id='line_1_31' title="bbox 124 2857 1079 2923; baseline 0.001 -17"><span class='ocrx_word' id='word_1_248' title='bbox 124 2859 276 2920; x_wconf 82' lang='lat' dir='ltr'>pauperiem</span> <span class='ocrx_word' id='word_1_249' title='bbox 287 2858 391 2920; x_wconf 75' lang='lat' dir='ltr'>fecerit.</span> <span class='ocrx_word' id='word_1_250' title='bbox 415 2858 454 2906; x_wconf 87' lang='lat' dir='ltr'>De</span> <span class='ocrx_word' id='word_1_251' title='bbox 464 2873 527 2907; x_wconf 85' lang='lat' dir='ltr'>caue</span> <span class='ocrx_word' id='word_1_252' title='bbox 541 2859 617 2906; x_wconf 88' lang='lat' dir='ltr'>etiam</span> <span class='ocrx_word' id='word_1_253' title='bbox 631 2857 677 2906; x_wconf 84' lang='lat' dir='ltr'>rub</span> <span class='ocrx_word' id='word_1_254' title='bbox 690 2859 777 2907; x_wconf 89' lang='lat' dir='ltr'>eadem</span> <span class='ocrx_word' id='word_1_255' title='bbox 790 2860 864 2908; x_wconf 88' lang='lat' dir='ltr'>titulo</span> <span class='ocrx_word' id='word_1_256' title='bbox 874 2859 1079 2923; x_wconf 74' lang='lat' dir='ltr'>comprehensum</span> 
     </span>
     <span class='ocr_line' id='line_1_32' title="bbox 128 2927 1078 2993; baseline 0.004 -17"><span class='ocrx_word' id='word_1_257' title='bbox 128 2934 173 2984; x_wconf 83' lang='lat' dir='ltr'>eat,</span> <span class='ocrx_word' id='word_1_258' title='bbox 189 2935 216 2976; x_wconf 86' lang='lat' dir='ltr'>ut</span> <span class='ocrx_word' id='word_1_259' title='bbox 229 2930 254 2976; x_wconf 85' lang='lat' dir='ltr'>ri</span> <span class='ocrx_word' id='word_1_260' title='bbox 267 2929 325 2992; x_wconf 85' lang='lat' dir='ltr'>quie</span> <span class='ocrx_word' id='word_1_261' title='bbox 338 2943 443 2976; x_wconf 75' lang='lat' dir='ltr'>saeuum</span> <span class='ocrx_word' id='word_1_262' title='bbox 457 2943 545 2978; x_wconf 85' lang='lat' dir='ltr'>canem</span> <span class='ocrx_word' id='word_1_263' title='bbox 554 2927 649 2978; x_wconf 83' lang='lat' dir='ltr'>lrabcua</span> <span class='ocrx_word' id='word_1_264' title='bbox 663 2930 690 2978; x_wconf 87' lang='lat' dir='ltr'>iu</span> <span class='ocrx_word' id='word_1_265' title='bbox 700 2931 796 2991; x_wconf 75' lang='lat' dir='ltr'>plateis</span> <span class='ocrx_word' id='word_1_266' title='bbox 806 2931 847 2978; x_wconf 89' lang='lat' dir='ltr'>uel</span> <span class='ocrx_word' id='word_1_267' title='bbox 857 2931 884 2978; x_wconf 84' lang='lat' dir='ltr'>iu</span> <span class='ocrx_word' id='word_1_268' title='bbox 894 2932 946 2978; x_wconf 79' lang='lat' dir='ltr'>uile</span> <span class='ocrx_word' id='word_1_269' title='bbox 956 2929 1078 2993; x_wconf 74' lang='lat' dir='ltr'>publicis,</span> 
     </span>
     <span class='ocr_line' id='line_1_33' title="bbox 128 2999 1079 3064; baseline 0.004 -18"><span class='ocrx_word' id='word_1_270' title='bbox 128 3012 183 3046; x_wconf 91' lang='lat' dir='ltr'>eam</span> <span class='ocrx_word' id='word_1_271' title='bbox 197 2999 225 3046; x_wconf 84' lang='lat' dir='ltr'>im</span> <span class='ocrx_word' id='word_1_272' title='bbox 240 3000 350 3062; x_wconf 79' lang='lat' dir='ltr'>lipameu</span> <span class='ocrx_word' id='word_1_273' title='bbox 364 2999 468 3047; x_wconf 74' lang='lat' dir='ltr'>diurnis</span> <span class='ocrx_word' id='word_1_274' title='bbox 481 2999 555 3047; x_wconf 79' lang='lat' dir='ltr'>laria</span> <span class='ocrx_word' id='word_1_275' title='bbox 564 3013 614 3048; x_wconf 84' lang='lat' dir='ltr'>nou</span> <span class='ocrx_word' id='word_1_276' title='bbox 624 2999 762 3064; x_wconf 64' lang='lat' dir='ltr'>redegerit,</span> <span class='ocrx_word' id='word_1_277' title='bbox 777 3000 902 3064; x_wconf 86' lang='lat' dir='ltr'>quidquid</span> <span class='ocrx_word' id='word_1_278' title='bbox 910 3001 998 3049; x_wconf 83' lang='lat' dir='ltr'>damni</span> <span class='ocrx_word' id='word_1_279' title='bbox 1009 3002 1079 3063; x_wconf 78' lang='lat' dir='ltr'>fece-</span> 
     </span>
     <span class='ocr_line' id='line_1_34' title="bbox 128 3068 1080 3134; baseline 0.004 -18"><span class='ocrx_word' id='word_1_280' title='bbox 128 3069 172 3126; x_wconf 86' lang='lat' dir='ltr'>rit,</span> <span class='ocrx_word' id='word_1_281' title='bbox 187 3083 203 3118; x_wconf 93' lang='lat' dir='ltr'>a</span> <span class='ocrx_word' id='word_1_282' title='bbox 217 3069 319 3118; x_wconf 84' lang='lat' dir='ltr'>domiuo</span> <span class='ocrx_word' id='word_1_283' title='bbox 332 3070 458 3118; x_wconf 74' lang='lat' dir='ltr'>soluatur.</span> <span class='ocrx_word' id='word_1_284' title='bbox 487 3068 540 3117; x_wconf 84' lang='lat' dir='ltr'>Hic</span> <span class='ocrx_word' id='word_1_285' title='bbox 557 3070 623 3118; x_wconf 85' lang='lat' dir='ltr'>illud</span> <span class='ocrx_word' id='word_1_286' title='bbox 636 3070 775 3128; x_wconf 82' lang='lat' dir='ltr'>adiectum,</span> <span class='ocrx_word' id='word_1_287' title='bbox 795 3077 823 3118; x_wconf 89' lang='lat' dir='ltr'>ut</span> <span class='ocrx_word' id='word_1_288' title='bbox 840 3072 865 3119; x_wconf 82' lang='lat' dir='ltr'>ai</span> <span class='ocrx_word' id='word_1_289' title='bbox 882 3071 940 3134; x_wconf 80' lang='lat' dir='ltr'>quia</span> <span class='ocrx_word' id='word_1_290' title='bbox 954 3069 1080 3121; x_wconf 85' lang='lat' dir='ltr'>caballum</span> 
     </span>
     <span class='ocr_line' id='line_1_35' title="bbox 127 3138 1080 3202; baseline 0.004 -16"><span class='ocrx_word' id='word_1_291' title='bbox 127 3139 227 3202; x_wconf 87' lang='lat' dir='ltr'>quodue</span> <span class='ocrx_word' id='word_1_292' title='bbox 241 3139 316 3188; x_wconf 86' lang='lat' dir='ltr'>aliud</span> <span class='ocrx_word' id='word_1_293' title='bbox 328 3139 425 3187; x_wconf 83' lang='lat' dir='ltr'>animal</span> <span class='ocrx_word' id='word_1_294' title='bbox 439 3138 533 3188; x_wconf 83' lang='lat' dir='ltr'>lrabeaa</span> <span class='ocrx_word' id='word_1_295' title='bbox 547 3139 678 3189; x_wconf 77' lang='lat' dir='ltr'>scabidum</span> <span class='ocrx_word' id='word_1_296' title='bbox 693 3141 730 3189; x_wconf 89' lang='lat' dir='ltr'>ita</span> <span class='ocrx_word' id='word_1_297' title='bbox 739 3139 870 3190; x_wconf 79' lang='lat' dir='ltr'>ambulare</span> <span class='ocrx_word' id='word_1_298' title='bbox 880 3143 1037 3202; x_wconf 73' lang='lat' dir='ltr'>permiserit,</span> <span class='ocrx_word' id='word_1_299' title='bbox 1053 3149 1080 3190; x_wconf 87' lang='lat' dir='ltr'>ut</span> 
     </span>
     <span class='ocr_line' id='line_1_36' title="bbox 128 3207 1081 3274; baseline 0.004 -18"><span class='ocrx_word' id='word_1_300' title='bbox 128 3211 273 3258; x_wconf 84' lang='lat' dir='ltr'>uicinorum</span> <span class='ocrx_word' id='word_1_301' title='bbox 280 3207 404 3274; x_wconf 78' lang='lat' dir='ltr'>prepibuo</span> <span class='ocrx_word' id='word_1_302' title='bbox 413 3210 560 3270; x_wconf 80' lang='lat' dir='ltr'>permixtae</span> <span class='ocrx_word' id='word_1_303' title='bbox 570 3211 707 3272; x_wconf 88' lang='lat' dir='ltr'>proprium</span> <span class='ocrx_word' id='word_1_304' title='bbox 717 3211 815 3272; x_wconf 77' lang='lat' dir='ltr'>inserat</span> <span class='ocrx_word' id='word_1_305' title='bbox 824 3210 944 3268; x_wconf 87' lang='lat' dir='ltr'>morbum,</span> <span class='ocrx_word' id='word_1_306' title='bbox 954 3212 1081 3274; x_wconf 86' lang='lat' dir='ltr'>quidquid</span> 
     </span>
     <span class='ocr_line' id='line_1_37' title="bbox 127 3277 992 3342; baseline 0.001 -15"><span class='ocrx_word' id='word_1_307' title='bbox 127 3279 215 3328; x_wconf 84' lang='lat' dir='ltr'>damni</span> <span class='ocrx_word' id='word_1_308' title='bbox 225 3295 276 3342; x_wconf 86' lang='lat' dir='ltr'>per</span> <span class='ocrx_word' id='word_1_309' title='bbox 290 3295 345 3328; x_wconf 88' lang='lat' dir='ltr'>eam</span> <span class='ocrx_word' id='word_1_310' title='bbox 359 3279 446 3327; x_wconf 88' lang='lat' dir='ltr'>datum</span> <span class='ocrx_word' id='word_1_311' title='bbox 456 3279 548 3341; x_wconf 77' lang='lat' dir='ltr'>fuerit,</span> <span class='ocrx_word' id='word_1_312' title='bbox 562 3281 681 3329; x_wconf 76' lang='lat' dir='ltr'>similiter</span> <span class='ocrx_word' id='word_1_313' title='bbox 694 3296 711 3330; x_wconf 88' lang='lat' dir='ltr'>a</span> <span class='ocrx_word' id='word_1_314' title='bbox 724 3281 826 3331; x_wconf 83' lang='lat' dir='ltr'>domimo</span> <span class='ocrx_word' id='word_1_315' title='bbox 840 3277 992 3331; x_wconf 63' lang='lat' dir='ltr'>sarciatur!</span> 
     </span>
     <span class='ocr_line' id='line_1_38' title="bbox 129 3345 1078 3417; baseline 0 -19"><span class='ocrx_word' id='word_1_316' title='bbox 129 3345 149 3412; x_wconf 71' lang='grc'>8)</span> <span class='ocrx_word' id='word_1_317' title='bbox 166 3349 204 3412; x_wconf 79' lang='lat' dir='ltr'>Cf.</span> <span class='ocrx_word' id='word_1_318' title='bbox 220 3349 251 3398; x_wconf 88' lang='lat' dir='ltr'>L.</span> <span class='ocrx_word' id='word_1_319' title='bbox 269 3359 365 3400; x_wconf 73' lang='lat'><strong>40—42.</strong></span> <span class='ocrx_word' id='word_1_320' title='bbox 385 3349 417 3398; x_wconf 86' lang='lat' dir='ltr'>D.</span> <span class='ocrx_word' id='word_1_321' title='bbox 432 3349 464 3398; x_wconf 86' lang='lat' dir='ltr'>de</span> <span class='ocrx_word' id='word_1_322' title='bbox 478 3350 555 3399; x_wconf 86' lang='lat' dir='ltr'>aedil.</span> <span class='ocrx_word' id='word_1_323' title='bbox 570 3351 610 3400; x_wconf 86' lang='lat' dir='ltr'>ed.</span> <span class='ocrx_word' id='word_1_324' title='bbox 626 3350 662 3417; x_wconf 78' lang='grc'>(91</span> <span class='ocrx_word' id='word_1_325' title='bbox 668 3385 676 3409; x_wconf 90' lang='grc'>,</span> <span class='ocrx_word' id='word_1_326' title='bbox 690 3349 722 3416; x_wconf 87' lang='grc'>1).</span> <span class='ocrx_word' id='word_1_327' title='bbox 791 3348 913 3416; x_wconf 81' lang='lat' dir='ltr'>⁷)populo</span> <span class='ocrx_word' id='word_1_328' title='bbox 929 3351 1001 3398; x_wconf 87' lang='lat' dir='ltr'>malti</span> <span class='ocrx_word' id='word_1_329' title='bbox 1017 3350 1078 3398; x_wconf 82' lang='lat' dir='ltr'>Cdd.</span> 
     </span>
     <span class='ocr_line' id='line_1_39' title="bbox 128 3417 1078 3484; baseline 0 -16"><span class='ocrx_word' id='word_1_330' title='bbox 128 3417 149 3483; x_wconf 71' lang='grc'>8)</span> <span class='ocrx_word' id='word_1_331' title='bbox 165 3421 270 3484; x_wconf 89' lang='lat' dir='ltr'>quamsi</span> <span class='ocrx_word' id='word_1_332' title='bbox 286 3421 353 3482; x_wconf 77' lang='lat' dir='ltr'>ligari</span> <span class='ocrx_word' id='word_1_333' title='bbox 371 3419 432 3470; x_wconf 85' lang='lat' dir='ltr'>Odd.</span> <span class='ocrx_word' id='word_1_334' title='bbox 448 3430 469 3470; x_wconf 83' lang='lat'>5.</span> <span class='ocrx_word' id='word_1_335' title='bbox 484 3431 503 3471; x_wconf 93' lang='grc'><strong>9.</strong></span> <span class='ocrx_word' id='word_1_336' title='bbox 537 3420 606 3470; x_wconf 81' lang='lat' dir='ltr'>Unde</span> <span class='ocrx_word' id='word_1_337' title='bbox 625 3421 787 3471; x_wconf 76' lang='lat' dir='ltr'>scribendum</span> <span class='ocrx_word' id='word_1_338' title='bbox 806 3422 922 3470; x_wconf 84' lang='lat' dir='ltr'>uidetur:</span> <span class='ocrx_word' id='word_1_339' title='bbox 939 3433 1078 3483; x_wconf 89' lang='lat' dir='ltr'>quamquam</span> 
     </span>
     <span class='ocr_line' id='line_1_40' title="bbox 127 3486 1078 3556; baseline 0.001 -18"><span class='ocrx_word' id='word_1_340' title='bbox 127 3491 245 3551; x_wconf 77' lang='lat' dir='ltr'>alligatam</span> <span class='ocrx_word' id='word_1_341' title='bbox 259 3491 350 3539; x_wconf 84' lang='lat' dir='ltr'>haberi.</span> <span class='ocrx_word' id='word_1_342' title='bbox 402 3486 423 3554; x_wconf 81' lang='lat'>⁹)</span> <span class='ocrx_word' id='word_1_343' title='bbox 441 3491 479 3552; x_wconf 81' lang='lat' dir='ltr'>Cf.</span> <span class='ocrx_word' id='word_1_344' title='bbox 494 3491 526 3540; x_wconf 83' lang='lat' dir='ltr'>L.</span> <span class='ocrx_word' id='word_1_345' title='bbox 538 3504 557 3541; x_wconf 86' lang='lat'>1.</span> <span class='ocrx_word' id='word_1_346' title='bbox 572 3494 595 3553; x_wconf 65' lang='grc' dir='ltr'>ξ.</span> <span class='ocrx_word' id='word_1_347' title='bbox 605 3504 626 3543; x_wconf 84' lang='grc'>6.</span> <span class='ocrx_word' id='word_1_348' title='bbox 646 3493 678 3541; x_wconf 81' lang='grc' dir='ltr'><strong>Ι).</strong></span> <span class='ocrx_word' id='word_1_349' title='bbox 693 3495 717 3541; x_wconf 79' lang='grc' dir='ltr'>εἰ</span> <span class='ocrx_word' id='word_1_350' title='bbox 731 3493 822 3556; x_wconf 86' lang='lat' dir='ltr'>quadr.</span> <span class='ocrx_word' id='word_1_351' title='bbox 838 3488 912 3555; x_wconf 71' lang='grc'><strong>(91).</strong></span> <span class='ocrx_word' id='word_1_352' title='bbox 927 3491 959 3538; x_wconf 85' lang='lat' dir='ltr'>L.</span> <span class='ocrx_word' id='word_1_353' title='bbox 975 3501 1008 3539; x_wconf 92' lang='lat'>11.</span> <span class='ocrx_word' id='word_1_354' title='bbox 1024 3492 1046 3551; x_wconf 65' lang='grc' dir='ltr'>ἓ.</span> <span class='ocrx_word' id='word_1_355' title='bbox 1058 3501 1078 3541; x_wconf 91' lang='grc'>5.</span> 
     </span>
     <span class='ocr_line' id='line_1_41' title="bbox 131 3559 1025 3627; baseline 0.002 -19"><span class='ocrx_word' id='word_1_356' title='bbox 131 3560 159 3610; x_wconf 86' lang='lat' dir='ltr'>l).</span> <span class='ocrx_word' id='word_1_357' title='bbox 175 3562 211 3609; x_wconf 87' lang='lat' dir='ltr'>ad</span> <span class='ocrx_word' id='word_1_358' title='bbox 224 3564 272 3626; x_wconf 80' lang='lat' dir='ltr'>lep.</span> <span class='ocrx_word' id='word_1_359' title='bbox 288 3561 375 3625; x_wconf 85' lang='lat' dir='ltr'>Aquil.</span> <span class='ocrx_word' id='word_1_360' title='bbox 392 3559 423 3625; x_wconf 91' lang='grc'>(9,</span> <span class='ocrx_word' id='word_1_361' title='bbox 437 3559 469 3626; x_wconf 77' lang='lat'>2).</span> <span class='ocrx_word' id='word_1_362' title='bbox 522 3559 555 3627; x_wconf 93' lang='lat'>¹⁰)</span> <span class='ocrx_word' id='word_1_363' title='bbox 571 3577 644 3625; x_wconf 89' lang='lat' dir='ltr'>eaque</span> <span class='ocrx_word' id='word_1_364' title='bbox 659 3563 767 3610; x_wconf 87' lang='lat' dir='ltr'>damnum</span> <span class='ocrx_word' id='word_1_365' title='bbox 782 3562 875 3611; x_wconf 84' lang='lat' dir='ltr'>dederit</span> <span class='ocrx_word' id='word_1_366' title='bbox 891 3561 952 3610; x_wconf 87' lang='lat' dir='ltr'>Cdd.</span> <span class='ocrx_word' id='word_1_367' title='bbox 968 3560 1025 3610; x_wconf 81' lang='lat' dir='ltr'>eda.</span> 
     </span>
    </p>
   </div>
   <div class='ocr_carea' id='block_1_9' title="bbox 809 3639 866 3688">
    <p class='ocr_par' dir='ltr' id='par_1_14' title="bbox 809 3639 866 3688">
     <span class='ocr_line' id='line_1_42' title="bbox 809 3639 866 3688; baseline -0.123 1"><span class='ocrx_word' id='word_1_368' title='bbox 809 3639 866 3688; x_wconf 70' lang='lat'>30*</span> 
     </span>
    </p>
   </div>
   <div class='ocr_carea' id='block_1_10' title="bbox 0 0 1352 4112">
    <p class='ocr_par' dir='ltr' id='par_1_15' title="bbox 0 0 1352 4112">
     <span class='ocr_line' id='line_1_43' title="bbox 0 0 1352 4112; baseline 0 0"><span class='ocrx_word' id='word_1_369' title='bbox 0 0 1352 4112; x_wconf 95' lang='lat' dir='ltr'> </span> 
     </span>
    </p>
   </div>
  </div>
 </body>
</html>
