2678 4116
428 229 490 264 our
506 229 602 269 msere.
621 211 655 265 ΙΙ.
676 219 818 269 182-186.
1047 217 1110 283 263

141 375 315 431 stitutionem
330 371 417 446 palam
433 371 538 443 iacere,
561 374 587 428 id
609 382 650 429 est
666 389 699 430 eo
715 374 793 446 loco,
814 391 869 448 quo
885 375 1017 450 pupillum
1033 377 1110 434 here·

141 459 203 515 dem
218 458 402 530 instituimus;
419 453 508 530 (nom)
525 457 647 532 uulgaris
662 459 821 516 substitutio
837 462 873 516 ita
889 469 970 518 uocat
985 460 1018 516 ad
1034 461 1110 518 here·

140 545 254 600 ditatern
269 541 466 614 substitutum,
493 543 516 597 si
532 544 642 598 omnino
657 544 776 616 pupillus
800 544 879 601 heres
895 561 949 601 non
973 547 1110 616 extiterit3

142 627 217 703 quod
240 626 353 695 accidit,
376 641 437 682 curn
459 628 525 682 uiuo
548 637 660 700 parente
684 629 812 700 moritur,
843 645 898 702 quo
920 645 984 686 casu
1007 629 1111 686 nullum

141 712 286 768 substituti
309 709 467 767 maleficium
491 713 621 785 suspicari
643 729 806 786 possumus,
836 730 896 769 cum
919 714 1022 771 scilicet
1045 715 1110 770 uiuo

143 803 275 854 testatore
292 797 396 866 omnia,
417 813 487 870 quae
504 798 530 850 in
552 803 716 853 testamento
732 797 835 870 scripta
851 800 916 870 sint,
933 799 1108 872 ignorentur:

142 882 214 938 illam
230 889 320 936 autem
336 879 575 952 substitutionem,
597 897 646 954 per
662 898 757 954 quam,
773 884 878 938 etiamsi
894 884 973 940 heres
989 885 1111 940 extiterit

143 965 274 1041 pupillus,
291 972 334 1021 set
346 966 416 1020 intra
427 963 598 1038 pubertatem
611 965 768 1034 decesserit,
779 966 957 1022 substitutum
971 985 1109 1038 nocemus,

143 1051 288 1124 separatim
319 1049 346 1104 in
374 1048 547 1104 interioribus
577 1048 674 1106 tabulis
699 1051 855 1123 scribimus,
884 1067 983 1124 easque
1007 1051 1111 1106 tabulas

144 1136 256 1209 proprio
284 1133 339 1190 lino
368 1135 532 1207 propriaque
555 1149 615 1190 cera
638 1137 846 1208 consignamus,
874 1145 901 1190 et
924 1137 950 1190 in
974 1135 1111 1209 prioribus

145 1218 245 1275 tubulis
260 1234 405 1288 canemus,
428 1234 462 1273 ne
484 1217 628 1274 interiores
645 1218 750 1274 tabulae
766 1220 830 1275 uiuo
855 1217 910 1276 lilio
926 1227 953 1275 et
969 1219 1056 1276 adhoc
1071 1219 1111 1275 iu·

144 1304 249 1378 pubere
264 1304 428 1376 aperiantur.
459 1311 501 1358 set
516 1303 598 1375 longe
615 1304 699 1358 tutius
715 1312 766 1374 est,
784 1311 929 1378 utrumque
945 1321 1033 1378 genus
1049 1302 1112 1360 sub·

145 1389 298 1443 stitutionis
319 1380 484 1460 'seperatim¹
501 1389 528 1442 ln
543 1387 717 1443 inferioribus
733 1388 830 1444 tabulis
846 1390 1011 1462 consignari,
1028 1387 1111 1462 quod,

148 1475 172 1528 si
184 1475 221 1527 ita
237 1471 418 1545 ’consignatae
431 1465 492 1527 uel¹
507 1482 644 1545 separatae
657 1472 758 1528 inerint
768 1472 990 1543 substitutiones,
1003 1481 1033 1529 ut
1045 1473 1112 1528 dini-

147 1573 220 1628 mus,
243 1572 282 1612 eac
301 1558 392 1629 priore
413 1564 506 1630 potest
521 1556 645 1630 intellegi
666 1559 693 1612 in
707 1551 823 1614 ’altera²
839 1575 949 1632 quoque
964 1559 1035 1614 idem
1052 1573 1112 1613 esse

147 1640 323 1697 substitutus.
344 1641 349 1710 Ι
367 1636 432 1700 182.
450 1641 508 1697 Non
530 1641 618 1696 solum
640 1649 729 1697 autern
752 1641 896 1698 heredibus
919 1644 1051 1698 institutis
1073 1645 1112 1698 in·
1126 1638 1183 1688 101·

78 1737 138 1790 [ree]
147 1724 295 1801 puberibus
319 1725 409 1781 liberis
432 1727 468 1781 ita
484 1724 651 1780 substituere
669 1743 831 1798 possumus,
853 1735 884 1782 ut
898 1729 920 1782 si
937 1735 998 1782 ante
1013 1726 1111 1800 puber-

145 1819 230 1867 tatem
247 1811 347 1865 mortui
362 1809 474 1883 inerint,
496 1811 531 1864 sit
546 1811 568 1864 is
585 1811 674 1878 heres,
696 1827 775 1882 quem
792 1827 842 1866 nos
858 1811 1043 1878 uoluerimus,
1065 1809 1112 1864 sed

146 1897 227 1952 etiam
243 1895 428 1951 exheredatis:
451 1896 542 1968 itaque
558 1912 590 1950 eo
606 1911 670 1949 casu
686 1897 709 1949 si
726 1895 788 1968 qnid
811 1894 915 1967 pupillo
931 1910 962 1949 er
979 1893 1112 1949 heredita·

147 1979 221 2036 tibus
250 1979 382 2053 legatisue
410 1987 456 2034 aut
484 1978 674 2035 donationibus
703 1980 919 2052 propinquorum
948 1977 1112 2050 adquisitum

148 2063 246 2134 inerit,
268 2064 294 2118 id
315 2080 395 2119 ornne
415 2066 451 2120 ad
470 2062 647 2120 substitutum
668 2063 794 2137 pertinet.
831 2058 897 2120 188.
918 2060 1113 2134 Quaecumque

147 2149 265 2204 diximus
285 2147 319 2203 de
338 2148 534 2204 substitutione
555 2145 715 2222 inpuberum
732 2145 898 2218 liberorum,
920 2145 964 2202 oel
983 2145 1114 2202 heredum

148 2235 338 2290 institutorum
362 2233 405 2288 nel
428 2231 669 2304 exheredatorum,
699 2231 792 2287 cadem
815 2233 894 2287 etiam
923 2231 955 2286 de
981 2231 1113 2304 postumis

148 2317 350 2389 intellegemus.
396 2314 461 2374 1⁸4.
479 2317 612 2374 Extraneo
636 2333 703 2372 uero
726 2315 818 2372 heredi
841 2317 967 2372 instituto
991 2317 1028 2371 ita
1051 2313 1114 2370 suh·

148 2404 263 2458 stituere
283 2419 338 2458 non
359 2418 521 2476 possumus,
546 2411 575 2458 ut
596 2403 619 2456 si
639 2402 717 2457 heres
733 2401 854 2457 extiterit
870 2409 897 2456 et
918 2403 988 2456 intra
1005 2399 1113 2473 aliquod

148 2496 258 2560 tenipus
274 2487 432 2559 decesserit,
448 2485 516 2542 alius
529 2489 552 2541 ei
564 2487 643 2542 heres
659 2487 711 2554 sit3
727 2485 775 2541 sed
791 2485 843 2541 hoc
854 2485 942 2541 solum
958 2487 1036 2542 uobis
1052 2502 1114 2558 per·

149 2573 263 2627 missum
279 2580 336 2642 est,
357 2581 388 2626 ut
403 2587 465 2626 eum
485 2587 535 2645 per
550 2569 785 2627 fideicommissum
802 2569 966 2644 obligemus,
991 2580 1022 2626 ut
1038 2570 1114 2625 here·

148 2655 263 2712 ditatem
278 2664 399 2712 nostram
416 2655 459 2712 uel
474 2664 558 2712 totam
574 2655 617 2711 uel
631 2652 712 2730 (pro)
728 2662 805 2727 parte
820 2656 960 2724 restituat;
984 2654 1057 2727 quod
1072 2655 1114 2708 ins

149 2740 230 2815 quale
245 2741 294 2810 sit,
313 2757 363 2796 suo
379 2740 439 2796 loco
456 2740 603 2800 trademus.

214 2821 276 2882 186.
293 2825 369 2880 Sicut
384 2833 473 2881 nutem
494 2824 571 2882 liberi
592 2823 731 2894 homines,
751 2824 788 2879 ita
804 2831 831 2879 et
846 2824 936 2894 serui,
958 2832 1012 2879 tam
1028 2823 1115 2878 nostri

148 2925 231 2983 quam
247 2909 341 2980 alieni,
357 2909 471 2966 heredes
487 2908 567 2965 scribi
584 2917 710 2981 possunt.
753 2902 819 2964 186.
841 2906 892 2964 Sed
908 2917 1003 2964 noster
1017 2923 1115 2964 seruus

149 2994 231 3049 simul
252 3004 280 3050 et
300 2993 368 3050 liber
390 3001 418 3049 et
440 2994 520 3050 heres
536 3009 595 3048 esso
611 2991 697 3047 iuberi
719 2991 815 3062 debet,
839 2993 922 3048 idest
944 2993 997 3048 hoe
1018 2991 1114 3048 modo:

226 3125 245 3194 1)
260 3129 405 3178 Herceum
420 3128 575 3178 Mommseoo
589 3127 694 3176 delendi
708 3125 788 3190 (quod
798 3127 867 3190 facit
880 3126 929 3176 Kr.
943 3126 981 3176 ed.
997 3125 1020 3191 2)
1036 3140 1116 3175 rausa

149 3201 224 3249 nullo
238 3207 283 3249 est.
350 3196 370 3263 ²)
385 3200 458 3248 altera
474 3199 533 3247 niter
549 3198 575 3247 0,
590 3197 692 3262 edeBg.

223 3302 248 3374 ἕ.
265 3308 325 3357 182.
341 3328 373 3348 =
388 3308 447 3368 §.n
467 3305 489 3354 I.
506 3307 543 3354 rit.
559 3307 602 3354 eit.
625 3304 662 3367 Cf.
682 3303 737 3368 Uip.
753 3316 821 3367 see.
891 3300 916 3372 §-
934 3307 991 3355 183.
1009 3305 1115 3364 =§.4.

150 3379 174 3428 I.
190 3379 233 3427 eit.
255 3378 292 3441 Of.
310 3377 362 3428 Cic.
377 3378 408 3426 de
423 3384 489 3427 orat.
506 3388 530 3437 1,
545 3387 579 3426 oo.
598 3377 621 3437 ξ.
637 3387 677 3426 1eo
699 3387 724 3436 s,
739 3387 765 3427 es
776 3377 823 3439 sio.
837 3375 869 3424 de
883 3377 934 3423 inv.
950 3386 974 3435 s,
989 3385 1022 3423 er.
1043 3375 1066 3434 §-
1081 3383 1116 3424 et.

149 3466 173 3499 o.
189 3461 223 3500 42.
243 3451 267 3512 §-
282 3460 328 3499 111.
390 3443 415 3516 ᾗ.
432 3449 491 3500 tot.
507 3469 540 3488 =
555 3449 578 3508 §-
592 3459 613 3498 e.
634 3445 655 3494 I.
671 3447 709 3494 tit.
725 3449 768 3497 cit.
784 3445 879 3512 (1,16).
904 3459 947 3492 sno
963 3441 1027 3510 loco]
1043 3445 1066 3505 ξ.
1078 3455 1116 3496 itt

149 3528 241 3585 etseq.
310 3515 430 3588 §§.185.
446 3521 505 3569 186.
523 3517 560 3581 Of.
575 3533 616 3581 pr.
632 3516 654 3566 I.
669 3517 701 3566 de
715 3517 769 3568 her.
786 3520 845 3566 inst.
862 3516 892 3582 (s,
908 3511 952 3580 14).
977 3513 1031 3578 Uip.
1048 3526 1081 3580 22,
1096 3526 1117 3565 n.

152 3591 229 3641 Pani.
244 3605 266 3654 e,
281 3603 294 3642 t
308 3589 338 3639 Β.
354 3593 376 3652 5.
392 3603 412 3642 n.
427 3605 508 3653 supra
523 3591 545 3651 §-
561 3599 608 3640 ree.
629 3600 649 3650 1,
664 3599 697 3638 st.
