2672 4112
432 271 467 304 nn
485 270 596 307 prorsus
615 271 694 306 muru
712 273 741 306 11.
1024 265 1062 321 61

20 387 34 402 “
102 413 158 455 esse
178 403 208 454 et
222 397 359 472 religione
376 405 509 453 teneatur.
540 393 588 456 56.
608 403 635 453 al
650 397 713 453 milri
729 397 836 472 quidem
851 399 1065 471 antiquissimum

101 481 257 556 sepulturae
273 498 360 556 genus
375 480 444 538 illud
459 480 542 536 luisse
557 480 674 552 uidetur,
697 497 752 554 quo
767 481 837 554 apud
860 482 1064 557 Xenophontem

102 566 184 640 Cyrus
204 567 308 622 utitur:
330 564 455 621 redditur
475 565 545 620 enim
566 572 654 621 terrac
674 581 773 639 corpus
794 574 822 622 et
842 568 879 622 ita
899 566 1018 622 locatum
1035 583 1066 623 ac

101 652 181 706 situm
202 651 281 722 quasi
301 650 471 724 operimento
491 649 584 704 matris
605 647 758 706 obducitur.
794 649 942 724 eodemque
962 652 1018 705 ritu
1037 652 1065 706 in

102 751 134 790 eo
156 733 314 808 sepulchro,
337 732 411 806 quod
435 728 532 808 (haud)
555 732 651 806 procul
674 749 688 788 a
708 731 800 789 Fontis
821 750 866 790 ara
886 743 943 804 est,
973 749 1065 807 regem

103 826 228 873 nostrum
250 817 362 872 Numam
391 815 528 872 conditum
556 818 707 888 accepimus
730 825 894 891 gentemque
915 817 1064 873 Corneliam

103 916 191 974 usque
212 901 244 956 ad
264 901 420 956 memoriam
436 908 555 956 nostram
571 901 620 956 hae
635 900 775 973 sepultura
789 903 888 957 scimus
903 918 963 957 esse
979 917 1063 958 usam.

103 985 132 1042 C.
158 983 222 1040 llari
247 986 313 1040 sitas
342 983 471 1056 reliquias
498 983 569 1058 apud
591 985 718 1040 Anienem
746 983 870 1058 dissipari
891 986 970 1040 iussit
992 985 1065 1040 Sulla

103 1070 201 1138 uictor,
221 1067 361 1124 acerbiore
376 1067 440 1123 odio
455 1069 597 1138 incitatus,
618 1083 697 1141 quam
713 1065 751 1139 (si
764 1066 832 1142 tom)
849 1070 955 1141 sapiens
970 1068 1065 1124 luisset

104 1168 184 1226 quam
200 1151 255 1208 luit
269 1153 426 1210 uehemens.
460 1146 505 1209 67.
526 1151 599 1225 quod
620 1151 691 1206 haud
707 1153 763 1208 seio
779 1169 813 1208 an
830 1153 925 1206 timeas
943 1148 997 1225 (ne)
1014 1168 1064 1212 suo

104 1235 213 1309 corpori
229 1242 324 1310 posset
339 1235 472 1309 accidere,
487 1239 592 1308 primus
604 1236 748 1308 epatrioiis
760 1235 891 1292 Corneliis
906 1236 963 1308 igni
980 1234 1066 1291 uoluit

103 1321 228 1377 cremari.
275 1318 392 1375 declarat
412 1320 483 1374 enim
503 1317 606 1374 Ennius
629 1319 663 1374 de
682 1318 823 1376 Africano:
851 1319 903 1376 hio
928 1327 982 1374 est
1003 1318 1065 1375 ille

103 1403 211 1458 situs.
236 1418 316 1470 uere3
330 1419 391 1458 nam
406 1403 453 1458 siti
466 1402 594 1458 dicuntur
604 1404 633 1474 ii,
649 1404 696 1476 qui
707 1403 809 1459 conditi
819 1411 892 1459 sunt.
915 1418 965 1459 neo
977 1409 1065 1460 tamen

103 1501 206 1544 eorum
221 1493 282 1540 ante
295 1486 466 1559 sepulchrum
482 1494 534 1556 est,
550 1502 630 1560 quam
644 1487 715 1544 iusta
731 1486 799 1544 lacta
814 1495 842 1544 et
856 1503 956 1560 porcus
971 1503 1064 1544 caesus

18 1613 20 1624 .
103 1577 158 1626 est.
189 1576 218 1625 et
232 1568 304 1642 quod
318 1586 390 1626 nuno
405 1571 584 1627 communiter
598 1571 626 1626 in
642 1570 766 1627 omuibus
780 1571 894 1645 sepultis
912 1573 987 1627 uenit
1002 1587 1062 1641 usu,

102 1660 134 1709 ut
148 1653 253 1709 humati
269 1653 402 1725 dicantur,
423 1653 450 1709 id
466 1661 525 1710 erat
539 1655 680 1728 proprium
696 1662 753 1710 tum
768 1656 795 1710 in
810 1657 853 1726 iis,
876 1671 945 1728 quos
967 1656 1064 1710 humus

103 1739 205 1793 iniecta
226 1744 393 1808 contexerat,
416 1753 532 1812 eumque
554 1754 655 1794 morem
677 1739 720 1794 ius
742 1736 896 1812 pontificale
911 1737 1062 1795 confirmat.

102 1837 163 1877 nam
178 1822 255 1895 prins
271 1837 351 1895 quam
365 1822 393 1876 in
409 1837 439 1877 os
455 1823 553 1878 iniecta
568 1821 646 1894 gleba
662 1831 714 1892 est,
734 1821 810 1878 loeus
826 1821 881 1892 ille,
903 1821 949 1878 ubi
965 1839 1065 1878 orema-

102 1913 160 1960 tum
175 1913 220 1961 est
234 1921 347 1980 corpus,
367 1905 433 1960 nihil
449 1905 529 1962 habet
544 1905 700 1978 religionis:
722 1907 818 1962 iniecta
834 1903 912 1978 gleba
928 1905 996 1960 ’tum
1011 1905 1066 1959 illio

101 1983 142 2044 et¹
159 1989 287 2044 humatus
302 1995 346 2045 est
361 1996 388 2044 et
404 1981 478 2063 (ex)²
493 1989 572 2063 gleba
587 1997 710 2059 uocatur,
727 2005 758 2044 ao
776 1996 834 2043 tum
849 1987 967 2060 denique
983 1986 1066 2043 multa

101 2072 231 2146 religiosa
245 2075 306 2128 iura
321 2072 509 2145 conplectitur.
540 2074 631 2146 itaque
645 2073 673 2127 in
688 2086 736 2142 eo,
757 2072 847 2144 quiin
862 2087 930 2126 naue
944 2079 1065 2144 necatus,

18 2173 19 2236 }
102 2155 202 2212 deinde
221 2157 249 2212 in
271 2173 344 2212 mare
365 2158 502 2230 proiectus
523 2163 612 2228 esset,
633 2155 754 2212 decreuit
774 2154 803 2210 P.
819 2154 921 2210 Mucius
941 2153 1065 2211 familiam

101 2256 209 2314 puram,
225 2239 298 2313 quod
315 2256 346 2296 os
362 2256 443 2313 supra
459 2248 558 2296 terram
573 2256 628 2296 non
644 2246 761 2308 extaret3
777 2255 886 2312 porcam
897 2238 991 2296 heredi
1006 2255 1065 2295 esse

101 2331 270 2380 contractam
285 2331 313 2380 et
325 2321 463 2380 habendas
479 2325 598 2380 triduum
614 2323 705 2395 ferias,
721 2332 749 2379 et
764 2339 848 2396 porco
864 2321 962 2379 semina
976 2324 1066 2397 piacu-

102 2407 161 2462 lum
180 2400 267 2472 dari³;
288 2409 312 2464 si
332 2409 441 2464 inmari
457 2416 581 2464 mortuus
597 2415 684 2480 esset,
700 2407 791 2464 eadem
808 2415 917 2481 praeter
931 2407 1065 2480 piaculum

102 2499 134 2547 et
150 2489 240 2546 terias.

172 2573 255 2632 xxiii.
281 2572 330 2632 58.
358 2575 393 2632 Α.
426 2575 524 2646 Video,
547 2591 615 2648 quae
636 2577 691 2631 sint
712 2576 740 2630 iu
761 2572 901 2648 pontificio
923 2575 995 2646 iure,
1018 2574 1066 2632 sed

102 2673 216 2732 quaero,
233 2659 391 2732 ecquidnam
406 2660 442 2714 sit
456 2660 484 2714 in
498 2658 615 2732 legibus.

166 2741 211 2798 M.
234 2741 321 2799 Pauca
335 2759 409 2814 sane,
432 2743 502 2812 Tite,
523 2750 560 2812 et,
581 2744 621 2798 uti
636 2742 763 2812 arbitror,
784 2759 840 2798 non
855 2743 949 2815 ignota
971 2741 1066 2812 uobis;

102 2826 150 2882 sed
170 2842 205 2882 ea
224 2843 281 2882 non
300 2834 354 2882 tam
375 2826 408 2882 ad
428 2825 586 2900 religionem
607 2833 742 2900 spectant,
764 2841 845 2898 quam
865 2825 899 2881 ad
919 2827 962 2882 ius
977 2827 1066 2900 sepul·

102 2910 244 2966 chrorum.
289 2910 459 2968 hominem
482 2918 667 2980 mortuum,
690 2911 777 2983 inquit
798 2910 841 2965 lex
864 2909 891 2964 in
914 2909 1065 2980 duodecim,

101 2995 137 3049 in
166 2992 254 3050 urbe
280 3009 318 3049 ne
345 2993 496 3067 sepelito
524 3009 610 3050 neue
638 2995 740 3050 unito.
785 2992 866 3050 oredo
889 2993 933 3048 uel
955 3001 1067 3067 propter

100 3079 173 3152 ignis
190 3076 353 3152 periculum.
383 3077 458 3151 quod
474 3084 561 3133 autem
573 3077 647 3134 addit
662 3093 749 3133 neue
764 3078 871 3149 urito‚
887 3077 996 3151 indicat,
1012 3093 1066 3134 non

101 3163 149 3234 qui
165 3171 265 3217 uratur
280 3161 399 3234 sepeliri,
416 3161 464 3216 sed
480 3163 525 3234 qui
541 3161 678 3218 humetur.

166 3246 203 3302 A.
228 3242 316 3312 Quid?
337 3244 420 3318 ’quod
442 3239 502 3301 uel⁴
521 3253 585 3319 post
605 3263 652 3303 xrr
674 3246 702 3300 in
724 3243 790 3300 urbe
809 3244 909 3318 sepulti
924 3253 987 3300 sunt
1002 3245 1067 3302 clari

101 3329 174 3385 uiri?

177 3515 199 3584 ¹)
214 3517 311 3566 tumulis
325 3525 349 3567 et
363 3517 416 3567 AB
428 3526 477 3568 tum
491 3525 515 3568 et
529 3517 574 3567 illis
589 3515 648 3582 (illic
662 3518 705 3582 <dul
720 3519 753 3568 ed
780 3518 810 3568 V.
841 3514 863 3582 ς)
878 3516 985 3565 Addidi.

102 3583 192 3652 ⁸)pati
206 3587 264 3636 AB
275 3589 332 3638 cdd.
347 3590 399 3638 oid.
414 3588 531 3640 Macrob.
546 3587 601 3638 Sat.
617 3600 637 3646 1,
652 3601 685 3647 ao,
701 3601 733 3640 ao.
763 3585 783 3646 ⁴)
798 3588 836 3651 qui
853 3586 907 3636 AB
918 3587 957 3636 ed.
978 3584 1008 3635 V.
