2694 4110
346 195 381 230 ns
399 194 593 232 nonemonmvs
610 193 646 230 An
664 196 753 232 naseu
771 197 884 234 exacuat.
1030 177 1087 242 791

140 329 318 382 instrumenta
333 324 613 394 donationisiecerit,
637 341 670 381 an
686 325 810 382 uideatur
827 327 1000 400 professione
1020 335 1093 384 ecto·

140 425 201 466 rum
222 409 342 482 perfecta
365 425 425 464 esse
440 408 568 464 donatio?
595 407 746 482 Respondi,
768 410 791 464 si
811 425 899 482 neque
921 411 1092 484 mancipatio,

141 508 229 566 neque
246 492 354 548 traditio
369 500 462 548 secuta
476 501 534 562 est,
555 492 620 547 solis
636 494 702 548 notis
717 492 864 548 dominium
884 510 940 550 non
954 497 1091 554 transisse.

204 571 273 633 269.
297 575 426 648 Ulpianus
441 575 510 631 libro
525 573 610 635 xtvt.
627 576 659 630 ad
674 574 811 631 Sabinum.
842 571 910 645 ‘Ut,¹
929 577 1000 650 quod
1017 563 1200 641 ntea-effla

141 661 205 716 dum
220 668 305 715 mater
320 657 389 714 filiae
405 659 489 728 dedit,
513 675 569 715 non
585 659 709 715 uideatur
722 659 862 730 donatum,
885 667 913 716 et
927 663 950 716 si
965 660 1093 718 donatum
1105 649 1137 684 ⁸⁰
1146 648 1200 686 ω’

141 745 187 813 sit,
201 759 257 798 non
269 741 365 811 ualeat,
380 745 407 798 in
422 750 558 816 potestate
569 741 621 798 fitia
634 744 781 800 constituta
796 741 904 817 patris:
922 738 1008 800 aliud²
1023 761 1093 817 esse,

142 829 165 882 si
180 826 270 882 dotem
282 825 376 882 dedit'
399 825 539 900 Ulpianus:
556 826 676 899 Constat,
692 827 764 899 quod
780 827 910 883 utendum
922 827 991 884 [iliae
1002 827 1093 885 datum

142 920 194 982 est,
216 927 271 968 non
294 927 353 966 esse
375 910 519 976 donatum;
542 910 589 965 sed
610 912 660 967 etsi
682 909 793 967 ’donate
815 905 878 968 res³
899 921 986 983 esset,
1009 928 1093 985 aeque

67 1002 131 1052 [697]
142 995 251 1051 donatio
279 1010 334 1050 nun
362 995 464 1050 ualeret
486 997 512 1049 in
536 992 614 1048 filiam
637 993 758 1064 conlata,
786 1012 856 1068 quae
877 997 905 1052 in
926 997 1009 1069 patris
1037 1004 1094 1053 erat

141 1071 303 1152 potestate.4
345 1079 425 1151 piane
441 1080 470 1149 ,si
491 1079 520 1132 in
541 1079 632 1133 dotem
655 1087 741 1132 mater
761 1077 831 1134 filiae
853 1079 987 1150 dedisset,
1011 1080 1092 1151 ualet,

142 1163 216 1236 quod
227 1163 328 1218 iactum
340 1171 393 1216 est:
405 1168 496 1234 potest
509 1162 578 1217 enim
589 1161 688 1218 donare
700 1159 780 1233 filiae,
793 1158 939 1236 ’quamutsi
949 1179 993 1219 res
1006 1165 1093 1220 mariti

142 1247 223 1316 daut,
252 1239 348 1301 ’anmi
376 1244 537 1317 quandoque
560 1244 612 1300 filia
634 1245 678 1300 uel
706 1246 778 1318 sola,
806 1249 828 1302 si
849 1249 916 1304 iuris
938 1249 980 1303 sui
1001 1245 1094 1318 iuerit,

141 1329 187 1386 aei
203 1328 344 1385 uoluntate
359 1325 428 1384 filiae
443 1335 519 1400 pater
534 1328 629 1385 habeat
640 1329 680 1385 rei
695 1331 805 1388 uxoriae
818 1327 974 1388 εόῑίοηειυ.6
999 1331 1093 1388 Merito

141 1415 226 1487 igitur
240 1411 354 1468 Sabinus
369 1413 416 1483 ait,
434 1412 457 1466 si
471 1413 555 1468 inscia
572 1429 654 1468 uxore
670 1412 712 1468 uel
728 1416 812 1470 inuita
826 1410 945 1474 ’marittd
960 1417 988 1472 in
1003 1415 1093 1472 dotem

142 1497 227 1568 dedit,
241 1512 298 1552 rem
313 1497 400 1552 mariti
413 1511 468 1552 uon
482 1511 543 1551 esse
557 1497 664 1566 iactam,
683 1505 710 1551 et
726 1497 787 1554 ideo
803 1499 931 1556 uindicari
947 1499 979 1554 ab
994 1499 1094 1556 herede

143 1579 262 1638 mulieris
273 1595 362 1653 posse.
393 1577 512 1654 quodni)
529 1583 631 1638 sciente
641 1597 672 1636 ea
687 1580 740 1638 hoe
753 1583 852 1640 iactum
864 1585 908 1653 sit,
925 1599 1094 1657 consequens

141 1665 194 1721 erit
208 1665 307 1736 dicere,
323 1665 350 1720 in
366 1663 456 1721 dotem
471 1680 633 1720 conuersum
649 1679 707 1720 esse
723 1665 759 1736 id,
777 1666 849 1738 quod
864 1665 954 1722 datum
970 1675 1020 1724 est.

204 1745 272 1812 270,
292 1751 424 1822 [Hermon.
439 1754 475 1802 tit.
491 1753 520 1802 de
535 1741 739 1818 ‹toritationibus.]s
783 1749 839 1804 diui
861 1749 1041 1804 diocletianus
1066 1757 1094 1804 et
1099 1742 1202 1821 min,

142 1832 631 1907 GonstantiusssaeeiiiaeAnagnianae.
648 1831 874 1888 Sidonationibus
883 1825 913 1888 in
923 1847 1000 1887 unam
1014 1831 1094 1888 uttam
1106 1827 1183 1865 W

142 1917 268 1986 eonlatis,
291 1927 383 1990 quarta
398 1934 453 1972 non
468 1926 583 1986 retenta,
599 1917 789 1988 patrimonium
805 1915 964 1972 exhaustum
977 1917 1005 1970 in
1022 1915 1093 1972 irau-

142 1999 203 2054 dem
219 2007 370 2055 ceterorum
387 1994 521 2056 filiorum⁹
544 2000 691 2074 probetur,
714 1999 761 2054 has
776 1999 891 2055 rescindi
907 1999 939 2054 ad
954 2001 1040 2056 instar
1053 2001 1094 2056 iu·

143 2079 259 2137 officiosi
282 2085 444 2154 testamenti,
467 2085 552 2140 saeris
567 2081 807 2139 constitutionibus
822 2091 965 2168 parentum
985 2091 1094 2140 nostro·

219 2265 238 2334 ¹)
252 2270 269 2318 i.
285 2285 306 2318 e.
321 2275 385 2327 utut,
400 2285 552 2334 quanquam.
604 2265 625 2334 ἵ)
639 2269 722 2332 patris.
742 2267 809 2317 diiud
823 2269 881 2318 edd.
932 2264 984 2334 ⁵)i.
1000 2284 1021 2322 e.
1036 2271 1094 2333 ipsa

142 2353 198 2398 res,
213 2354 264 2388 non
278 2354 347 2388 naus.
362 2339 477 2388 donatum
495 2355 529 2388 en
543 2339 608 2388 Mai.
627 2342 660 2402 ej.
675 2339 732 2389 edd.
747 2339 841 2388 Holtw.
861 2339 975 2389 Momms.
995 2340 1095 2390 donator

148 2409 206 2458 Vnt.
223 2411 262 2472 (ut
272 2411 452 2474 penetrandum
466 2412 501 2458 sit
512 2425 620 2474 sequens
634 2425 669 2468 es,
683 2417 729 2459 aut
742 2424 754 2458 r
764 2417 887 2472 pronote
896 2409 1093 2476 accipiendum).

143 2477 165 2544 ⁴)
179 2478 280 2529 Sedet:
294 2480 350 2528 Hie:
365 2480 439 2529 Mater
453 2481 500 2528 iiiio
516 2482 539 2528 in
554 2487 670 2544 potestate
684 2481 763 2542 posito
778 2480 886 2529 donando
901 2479 960 2529 nihii
974 2482 1022 2543 agit
1054 2481 1093 2545 Cf.

143 2550 175 2599 L.
189 2562 210 2602 a.
226 2551 249 2612 ξ.
262 2562 284 2600 4.
298 2550 330 2598 L.
344 2560 378 2601 aa.
394 2551 417 2612 ᾖ.
432 2562 465 2602 16.
485 2550 517 2598 D.
531 2550 564 2600 de
577 2551 636 2600 don.
651 2553 697 2600 int.
713 2553 762 2599 nir.
776 2547 825 2609 (24,
840 2549 870 2616 1).
951 2547 972 2617 6)
987 2565 1041 2600 cum
1054 2566 1093 2600 res

143 2621 221 2670 mariti
236 2627 261 2669 et
274 2621 381 2684 quamuis
395 2621 535 2684 quandoque
554 2620 612 2669 Vnt.
628 2621 685 2669 edd.
697 2628 804 2683 praeter
818 2637 885 2670 mons
900 2634 919 2672 1.
936 2633 969 2679 a,
984 2621 1029 2670 ndi
1042 2637 1093 2685 pro

142 2691 250 2754 quamuis
260 2705 400 2754 posuerant
414 2692 533 2754 quoniam.
557 2689 615 2758 Sed
623 2705 658 2739 en
670 2698 751 2739 mente
765 2691 869 2754 Ulpiani
878 2693 1039 2754 manifestum
1048 2699 1093 2750 est,

142 2776 197 2810 oum
216 2769 240 2810 et
254 2763 361 2825 quamuis
377 2763 405 2809 in
424 2761 580 2811 Vettonum
598 2763 666 2810 inter
684 2775 711 2809 se
726 2768 902 2820 comrrrutasse,
921 2765 1007 2826 itaque
1026 2777 1094 2812 nuno

142 2833 257 2882 eorrenei.
332 2828 354 2897 θ)
371 2831 408 2895 Cf.
424 2832 455 2880 L.
471 2844 490 2882 t.
517 2831 542 2881 0.
557 2833 603 2880 sol.
623 2839 696 2879 matr.
717 2831 749 2896 (5,
764 2831 807 2894 ta).
881 2829 902 2897 ἵ)
917 2833 1015 2880 maritus
1035 2833 1093 2882 Vnt.

142 2909 221 2951 mater
235 2902 267 2952 de
280 2901 378 2951 Brenn·
391 2905 424 2965 ej.
438 2903 496 2951 edd.
511 2901 604 2952 Holtw.
616 2901 729 2951 Monens.
753 2899 807 2950 Sed
819 2908 879 2951 tunc
894 2909 969 2952 antea
984 2903 1031 2952 stiia
1042 2918 1093 2966 pro

143 2985 216 3020 uxore
230 2972 364 3021 dicendum
376 2975 479 3035 suisset.
494 2971 603 3038 (maritus
618 2973 633 3022 i.
649 2973 672 3022 d.
688 2973 753 3034 cepit
766 2973 805 3021 ed.
821 2973 934 3023 Momms.
949 2973 1021 3038 nain.)
1050 2973 1094 3022 Ce-

141 3049 224 3090 terum
245 3043 359 3106 intellipe
380 3050 485 3092 matrem
506 3051 534 3092 ut
553 3043 625 3105 fidiae
645 3042 799 3092 donaturam
820 3044 838 3092 i.
859 3059 880 3094 e.
899 3045 971 3106 filine
994 3045 1094 3093 nomine

142 3113 235 3161 naarito
250 3111 350 3160 dedisse
365 3111 410 3174 (ef.
421 3112 452 3160 L.
465 3125 497 3163 tt.
515 3113 539 3161 0.
554 3113 586 3161 de
601 3114 685 3162 collat.
699 3124 720 3170 u,
732 3111 777 3176 20),
792 3129 841 3177 qun
856 3129 907 3162 non
922 3115 1094 3163 consentiente

141 3184 214 3231 nulla
227 3182 334 3232 donatio
348 3190 400 3236 est:
413 3198 471 3230 nam
485 3184 509 3231 si
522 3198 568 3232 sao
582 3185 689 3242 nomine,
704 3185 786 3232 dotem
799 3191 946 3246 recepturo,
961 3191 989 3231 nt
1001 3185 1094 3232 marito

141 3255 265 3310 donaret,
280 3267 331 3302 non
344 3253 418 3302 uideo
433 3255 494 3316 quin
509 3253 598 3302 mariti
612 3255 667 3316 fiat.
686 3253 717 3301 L.
733 3264 767 3304 aa.
787 3253 818 3301 D.
834 3254 865 3302 de
879 3255 929 3300 iur.
945 3253 996 3302 dot.
1012 3252 1056 3318 (aa,
1071 3251 1094 3318 a)

9 3339 11 3388 Ι
137 3338 250 3386 prorsus
264 3323 343 3372 aliurn
357 3337 444 3372 casnm
458 3331 560 3372 tractat.
612 3321 633 3388 ⁸)
649 3323 687 3386 Of.
702 3323 811 3372 Huenel.
826 3323 861 3372 ad
874 3321 962 3371 Herm.
980 3322 1005 3372 O.
1016 3338 1044 3385 p.
1059 3333 1093 3372 tl.

9 3389 11 3500 p
142 3393 180 3442 De
194 3409 224 3442 re
239 3393 271 3442 L.
286 3405 320 3444 87.
334 3395 358 3455 ξ.
373 3405 393 3445 s.
413 3393 446 3441 Ι).
460 3393 493 3442 de
506 3395 553 3458 lep.
569 3405 590 3444 n.
604 3395 643 3456 ἕξ.
659 3405 706 3443 att.
721 3404 767 3443 281.
795 3391 843 3440 att.
861 3392 886 3440 0.
901 3393 933 3441 de
947 3393 1019 3456 inoff.
1034 3393 1093 3442 don.

140 3463 172 3527 (³,
187 3462 231 3528 ne).
296 3460 317 3528 9)
331 3463 363 3512 In
378 3463 469 3527 quibua
485 3463 598 3513 Caecilia
613 3463 769 3527 Anepriana
785 3463 885 3511 videtur
901 3463 998 3525 fuisse·
1017 3463 1051 3526 es.
1070 3477 1095 3512 a.

141 3547 211 3584 unam
225 3533 305 3583 tiliam.
842 3551 844 3556 ·
