2684 4112
391 212 451 248 am
469 213 565 248 meria.
583 195 631 248 IV.
650 202 792 253 loe-tae.
1010 200 1071 266 381
1171 253 1179 266 .

170 351 238 413 103.
270 353 362 410 Omnia
385 361 476 410 autem
502 353 598 412 iudicia
621 364 667 411 aut
693 355 816 429 legitimo
838 358 896 413 iure
919 359 1074 415 consistunt

108 450 155 498 aut
176 441 292 514 imperio
314 440 500 497 eontinentur.
538 435 608 496 104.
633 438 766 514 Legitima
787 449 851 497 sunt
874 442 982 512 iudicia,
1006 459 1074 517 quae

34 529 94 582 1²⁹⁸]
108 527 137 582 in
151 524 219 581 urba
235 524 319 580 Roma
342 522 385 578 uel
405 524 476 578 intra
497 525 613 598 primum
635 523 712 580 uritis
728 525 827 582 Romae
844 525 985 582 miliarium
1000 530 1074 585 inter

108 625 203 666 omnes
225 610 300 665 ciues
321 608 457 663 Romanas
478 607 529 664 sub
551 624 605 664 una
631 607 719 664 iudice
743 611 928 684 accipiuntur;
950 627 1036 684 eaque
1058 628 1073 668 e

108 694 171 769 lege
192 692 258 750 iulia
277 691 435 762 iudiciaria,
461 694 512 748 nisi
534 693 562 747 ia
585 709 655 750 anna
678 701 706 748 et
728 710 776 750 aex
798 693 935 750 mensibus
958 696 1072 752 iudicata

108 777 222 852 fuerint,
238 777 375 851 expirant:
399 785 427 832 et
442 777 495 833 hoc
510 785 563 849 est,
578 777 653 851 quad
670 777 754 852 uulgo
776 779 883 850 dieitur,
900 795 916 835 e
930 779 993 853 lege
1008 780 1073 836 iulia

107 862 184 918 litem
206 878 278 918 anno
301 870 329 917 et
351 877 398 917 sex
421 860 559 917 mensibus
582 864 659 920 mari.
701 858 768 920 100.
792 863 908 937 imperia
927 880 993 921 uera
1009 881 1074 921 eon·

108 948 232 1003 tinentur
259 947 463 1018 recuperataria
490 954 518 1002 et
547 961 616 1020 quae
638 945 689 1001 sub
712 964 766 1003 una
792 947 881 1005 iudice
904 950 1074 1022 accipiuntur

108 1031 309 1087 interueniente
337 1031 476 1104 peregrini
503 1046 620 1104 persana
648 1030 745 1088 iudicis
773 1041 821 1088 aut
853 1032 1015 1106 litigatoris3
1047 1035 1074 1088 in

107 1109 231 1173 ’eadam¹
251 1131 331 1171 causa
346 1122 428 1186 sunt,
444 1131 628 1188 quaecumque
650 1124 726 1171 extra
746 1118 862 1190 primum
884 1116 958 1174 urbis
974 1116 1074 1173 Romae

107 1199 251 1256 miliarium
277 1208 332 1255 tam
360 1200 433 1255 inter
454 1200 528 1256 ciues
550 1198 687 1257 Romanos
714 1217 794 1275 quam
820 1203 891 1256 inter
913 1203 1074 1277 peregrinas

107 1285 292 1358 accipiuntur:
320 1283 383 1340 idea
406 1292 495 1340 autem
518 1285 632 1358 imperia
655 1287 788 1342 contineri
814 1286 912 1343 iudicia
934 1286 1073 1358 dicuntur,

108 1370 175 1442 quia
190 1366 294 1423 tamdiu
309 1367 415 1438 ualent,
439 1367 567 1442 quamdiu
589 1371 623 1439 is,
648 1371 693 1443 qui
709 1385 739 1426 ea
759 1372 906 1444 praecepit,
929 1372 1073 1446 imperium

107 1449 231 1508 habebit.
272 1446 341 1509 100.
363 1450 396 1508 Et
418 1453 551 1527 siquidem
572 1455 686 1528 imperio
709 1456 859 1510 continenti
881 1455 980 1512 iudicia
1003 1455 1074 1530 'per-

107 1529 223 1594 actum²
237 1536 335 1608 suerit,
349 1537 408 1593 siue
423 1539 451 1593 in
466 1554 523 1594 rem
538 1539 597 1594 siue
612 1541 640 1594 ia
655 1555 809 1612 personam,
825 1541 884 1596 siue
900 1557 929 1596 ee
946 1540 1073 1612 termula,

184 1706 203 1775 ¹)
219 1707 265 1757 aa
285 1707 378 1759 068811.
398 1708 436 1758 ed.
456 1722 483 1756 ee
504 1707 654 1774 118489.
732 1704 754 1773 ¹)
773 1707 819 1759 Sia
839 1709 864 1760 0.
884 1724 935 1772 per
954 1717 1039 1759 natam
1057 1724 1073 1772 p

108 1780 232 1847 (proprie
246 1801 281 1822 ==
296 1778 352 1844 pra)
371 1793 401 1829 aa
414 1794 491 1829 aenea
506 1795 555 1843 quo
570 1780 670 1829 dieitur
681 1795 809 1845 perrepere
823 1779 855 1828 L.
870 1791 904 1830 88.
919 1781 943 1841 5.
953 1791 974 1830 8.
995 1780 1027 1828 D.
1042 1781 1074 1830 de

108 1853 221 1916 receptis
235 1848 267 1918 (4,
277 1849 316 1914 8);
330 1865 378 1900 aee
393 1858 492 1900 mutare
504 1852 595 1910 anaim,
610 1851 670 1900 lieet
683 1849 758 1900 dubit
770 1851 874 1914 aliquid
886 1857 992 1908 moveat,
1006 1851 1076 1915 quad

107 1921 250 1973 subiectam
264 1923 351 1978 deeat,⁸
370 1937 429 1970 nam
447 1923 472 1970 ei
485 1929 625 1972 aeternare
640 1919 797 1986 perapebat,
815 1920 862 1969 sed
875 1934 980 1969 caueam
994 1922 1073 1970 retin-

108 1991 211 2058 quebat,
226 1999 253 2042 at
267 1993 393 2042 iudicium
403 1993 479 2055 finita
494 1994 602 2056 imperia
616 1994 684 2051 eiua,
699 1993 744 2056 qai
758 1991 787 2039 id
795 1997 982 2054 praeceperat,
993 1993 1073 2054 plane

107 2065 262 2122 solveretur,
277 2079 359 2128 aeque
372 2064 414 2113 rei
427 2064 559 2112 iudicatae
569 2078 651 2127 aeque
660 2063 701 2112 rei
710 2063 738 2110 ia
753 2061 878 2110 iudicium
888 2061 1014 2111 deductae
1028 2077 1073 2111 ea·

108 2136 193 2199 ceptio
213 2136 306 2185 iterum
324 2135 414 2198 aperti
431 2132 548 2184 obetabat
566 2131 631 2199 (Cia.
648 2149 698 2197 pro
719 2131 814 2182 Haece
828 2143 862 2182 81.
882 2133 905 2195 §-
920 2130 973 2197 to);
991 2133 1038 2182 aed
1050 2140 1075 2182 et

108 2207 208 2256 iudicia
228 2206 277 2255 tali
290 2206 412 2268 petitum,
432 2221 489 2254 eum
503 2206 558 2254 titia
572 2205 756 2254 contestatione
770 2211 930 2267 peremptam
944 2218 995 2254 aaa
1010 2211 1075 2253 eeeet

107 2276 141 2343 (8,
155 2274 215 2343 tte),
230 2278 258 2325 in
272 2277 504 2339 compensationem
522 2276 617 2325 deduci
630 2282 743 2338 poterat.
763 2274 796 2324 L.
810 2286 831 2326 8.
850 2275 882 2323 D.
898 2275 930 2324 de
947 2289 1073 2339 comperta.

109 2347 159 2414 (18,
171 2345 204 2412 8).
234 2346 306 2397 [lade
324 2345 511 2410 quaerebatur,
530 2362 563 2396 an
583 2346 665 2396 iudex
680 2353 750 2396 recte
769 2353 794 2395 et
811 2346 903 2396 ardiae
917 2346 1033 2409 faceret,
1051 2347 1076 2396 ei

108 2418 319 2484 quemadmodum
345 2417 510 2467 iudicaturus
533 2424 616 2475 esset,
640 2423 699 2467 ante
723 2418 876 2467 ostenderet.
912 2415 975 2466 Gen.
995 2429 1034 2480 14,
1054 2429 1074 2469 8.

106 2499 189 2539 aetum
205 2489 265 2538 edd.

185 2644 211 2716 §-
228 2649 287 2698 103.
309 2647 346 2710 Os.
362 2658 534 2710 1,184.8,181.
549 2658 571 2708 4,
581 2658 615 2698 eo.
640 2647 695 2710 tltp.
710 2660 744 2710 11,
759 2660 791 2700 er.
811 2648 863 2698 Oia.
873 2663 922 2711 pro
935 2646 1030 2697 Ftaaaa
1040 2658 1073 2697 81.

110 2722 133 2782 ξ.
148 2730 184 2771 88.
240 2713 266 2787 ξ.
278 2720 337 2770 104.
353 2719 414 2767 intra
425 2745 458 2754 -
469 2713 609 2837 miliarium)
621 2718 656 2780 as.
667 2717 726 2770 Lia.
736 2730 757 2780 8,
767 2731 800 2769 8ο.
815 2719 867 2769 Dia
876 2729 911 2780 81,
922 2730 955 2769 18.
974 2717 1076 2768 Becker

110 2791 182 2840 Ram.
198 2789 311 2840 Altertlt.
326 2789 364 2839 II.
379 2802 400 2840 8.
415 2805 443 2852 p.
460 2799 506 2840 885.
528 2789 580 2850 lege
609 2784 670 2855 ulie]
685 2789 720 2852 cs.
735 2791 758 2850 ξ.
773 2801 807 2840 to.
829 2789 892 2839 Geli.
905 2801 939 2852 14,
950 2800 970 2838 8.
990 2789 1075 2839 Antea

104 2868 235 2926 perpetua
245 2868 329 2911 erant.
347 2861 400 2911 Oia.
415 2858 492 2910 Verr.
503 2859 525 2908 L
537 2871 570 2910 18.
586 2861 609 2922 §-
620 2870 653 2910 ³0.
669 2858 732 2924 Lep.
744 2859 812 2909 Acti.
823 2867 903 2924 repet.
914 2877 936 2909 v.
951 2859 978 2909 X
982 2859 1007 2909 X
1013 2859 1074 2910 VII.

109 2947 171 2982 enno
186 2940 211 2981 et
225 2947 266 2982 sex
282 2927 328 3000 m.]
343 2932 378 2995 af.
393 2930 475 2980 Tacit.
486 2929 518 2979 Α.
529 2941 550 2992 8,
561 2941 594 2981 18.
610 2931 675 2979 litem
689 2926 762 2997 mari]
780 2931 815 2994 ef.
830 2931 862 2980 L.
873 2942 906 2982 18.
921 2933 945 2994 §-
955 2944 975 2982 4.
995 2932 1028 2980 Ι).
1043 2933 1075 2982 de

110 3004 170 3054 doto
180 3019 211 3053 m.
228 3001 265 3068 (4,
276 3001 308 3068 a).
324 3003 356 3052 L.
367 3014 402 3054 88.
420 3002 453 3051 D.
468 3003 501 3050 de
516 3001 595 3051 indta.
606 2999 642 3069 (a,
653 2999 684 3067 1).
700 3001 732 3050 L.
743 3013 777 3052 ee.
792 3003 815 3064 8.
826 3015 847 3053 1.
866 3002 899 3051 D.
909 3003 945 3052 ad
959 3005 975 3052 t.
987 3002 1074 3067 Aqatt.

110 3073 143 3140 (8,
158 3072 190 3139 8),
210 3074 242 3124 L.
256 3086 276 3125 8.
292 3074 316 3135 ξ.
332 3086 352 3124 1.
372 3073 404 3122 D.
420 3088 485 3137 qaae
500 3073 527 3121 in
539 3073 632 3136 fraud.
647 3070 693 3138 (48,
706 3071 738 3138 8).
757 3072 790 3122 L.
801 3084 821 3124 8.
840 3073 873 3122 D.
889 3074 921 3124 de
935 3074 986 3124 dte.
1001 3081 1074 3138 temp.

111 3143 157 3210 (44,
170 3143 202 3211 e).
223 3144 255 3194 L.
266 3155 287 3194 8.
306 3144 339 3193 D.
349 3145 428 3194 tedia.
439 3145 505 3194 sotei
518 3142 585 3207 (48.7
601 3180 607 3191 .
626 3142 658 3192 L.
675 3155 708 3194 10.
727 3143 760 3192 Ι).
775 3143 806 3193 de
820 3145 879 3208 stip.
891 3153 977 3209 praet.
989 3145 1033 3210 (48,
1043 3143 1075 3210 t).

110 3215 143 3265 L.
157 3225 179 3266 8.
198 3215 232 3265 D.
247 3222 333 3265 ratam
347 3230 401 3264 rem
415 3215 460 3278 (48,
474 3212 505 3280 8).
578 3140 605 3282 ἐ.
621 3215 681 3266 105.
695 3212 886 3283 recuperataria]
902 3216 937 3279 ef.
954 3216 1020 3266 Fert.
1036 3230 1074 3279 ep.

111 3302 133 3335 a.
151 3285 328 3350 Reciperata'o.
350 3285 402 3336 Cia.
423 3285 499 3335 Verr.
515 3297 536 3348 8,
551 3297 584 3336 88.
604 3286 628 3346 ἓ.
643 3296 677 3336 89.
701 3286 818 3335 interuen.
837 3300 930 3350 peregi.
946 3281 1024 3352 pere]
1040 3286 1074 3348 af.

111 3356 164 3406 Cia.
175 3371 228 3421 pro
245 3355 340 3408 Haece
355 3369 389 3408 81.
409 3358 433 3419 5.
448 3367 482 3407 te.
507 3355 584 3405 Verr.
599 3355 637 3404 II.
651 3368 672 3418 8,
687 3368 721 3408 18.
740 3357 852 3420 quamdiu
867 3352 927 3424 eta]
944 3357 978 3419 af.
994 3355 1026 3404 L.
1042 3366 1075 3406 18.

109 3427 142 3476 Ι).
159 3428 191 3478 de
205 3429 300 3478 iuried.
316 3426 353 3493 (8,
368 3427 399 3493 1).
419 3427 452 3476 L.
466 3439 499 3478 48.
520 3429 542 3488 ἓ.
558 3440 578 3478 1.
600 3426 633 3476 D.
653 3428 684 3477 de
703 3429 783 3478 india.
799 3427 835 3494 (5,
851 3426 882 3492 1).
956 3423 1000 3496 ἐξ.
1017 3426 1075 3477 106.

111 3499 171 3549 108.
193 3498 232 3562 Os.
247 3511 269 3562 e,
284 3511 333 3551 181.
347 3511 369 3562 4,
384 3511 431 3550 181.
448 3509 493 3549 188.
513 3497 545 3546 L.
557 3511 576 3548 1.
598 3497 624 3547 O.
639 3501 663 3548 si
677 3499 735 3548 adv.
750 3514 803 3548 rem
818 3498 897 3548 tudio.
915 3496 946 3564 (1,
961 3497 1005 3560 tr).
1023 3495 1075 3547 Ota.

109 3570 142 3619 de
157 3577 224 3620 orat.
240 3583 261 3633 1,
276 3581 310 3622 et.
331 3571 354 3633 ξ.
370 3581 418 3622 168.
