<?xml version="1.0" encoding="UTF-8"?>
<!DOCTYPE html PUBLIC "-//W3C//DTD XHTML 1.0 Transitional//EN"
    "http://www.w3.org/TR/xhtml1/DTD/xhtml1-transitional.dtd">
<html xmlns="http://www.w3.org/1999/xhtml" xml:lang="en" lang="en">
 <head>
  <title>
</title>
<meta http-equiv="Content-Type" content="text/html;charset=utf-8" />
  <meta name='ocr-system' content='tesseract 3.04.00' />
  <meta name='ocr-capabilities' content='ocr_page ocr_carea ocr_par ocr_line ocrx_word'/>
</head>
<body>
  <div class='ocr_page' id='page_1' title='image "./ivrisprvdentiae00huscgoog_0149.png"; bbox 0 0 2680 4112; ppageno 0'>
   <div class='ocr_carea' id='block_1_1' title="bbox 481 233 1091 292">
    <p class='ocr_par' dir='ltr' id='par_1_1' title="bbox 481 233 1091 292">
     <span class='ocr_line' id='line_1_1' title="bbox 481 233 1091 292; baseline -0.002 -16"><span class='ocrx_word' id='word_1_1' title='bbox 481 240 610 276; x_wconf 76' lang='lat' dir='ltr'><strong>munaus</strong></span> <span class='ocrx_word' id='word_1_2' title='bbox 629 239 764 278; x_wconf 49' lang='lat' dir='ltr'><strong>sumnus</strong></span> <span class='ocrx_word' id='word_1_3' title='bbox 1030 233 1091 292; x_wconf 77' lang='lat'><strong>125</strong></span> 
     </span>
    </p>
   </div>
   <div class='ocr_carea' id='block_1_2' title="bbox 129 365 1096 1111">
    <p class='ocr_par' dir='ltr' id='par_1_2' title="bbox 129 365 1096 1111">
     <span class='ocr_line' id='line_1_2' title="bbox 130 365 1095 441; baseline -0.001 -18"><span class='ocrx_word' id='word_1_4' title='bbox 130 365 206 423; x_wconf 88' lang='lat' dir='ltr'><strong>utilia</strong></span> <span class='ocrx_word' id='word_1_5' title='bbox 223 367 337 441; x_wconf 80' lang='lat' dir='ltr'><strong>cognitu</strong></span> <span class='ocrx_word' id='word_1_6' title='bbox 352 382 440 440; x_wconf 88' lang='lat' dir='ltr'><strong>neque</strong></span> <span class='ocrx_word' id='word_1_7' title='bbox 455 365 598 422; x_wconf 87' lang='lat' dir='ltr'><strong>iniucunda</strong></span> <span class='ocrx_word' id='word_1_8' title='bbox 611 367 658 439; x_wconf 93' lang='lat' dir='ltr'><strong>qui</strong></span> <span class='ocrx_word' id='word_1_9' title='bbox 668 365 761 440; x_wconf 76' lang='lat' dir='ltr'><strong>legere</strong></span> <span class='ocrx_word' id='word_1_10' title='bbox 772 365 858 439; x_wconf 87' lang='lat' dir='ltr'><strong>uolet,</strong></span> <span class='ocrx_word' id='word_1_11' title='bbox 874 369 993 424; x_wconf 90' lang='lat' dir='ltr'><strong>inueniet</strong></span> <span class='ocrx_word' id='word_1_12' title='bbox 1004 366 1095 424; x_wconf 87' lang='lat' dir='ltr'><strong>Sabini</strong></span> 
     </span>
     <span class='ocr_line' id='line_1_3' title="bbox 129 442 1094 525; baseline 0.002 -19"><span class='ocrx_word' id='word_1_13' title='bbox 129 451 238 522; x_wconf 88' lang='lat' dir='ltr'><strong>librum,</strong></span> <span class='ocrx_word' id='word_1_14' title='bbox 263 451 307 506; x_wconf 92' lang='lat' dir='ltr'><strong>cui</strong></span> <span class='ocrx_word' id='word_1_15' title='bbox 323 450 419 506; x_wconf 88' lang='lat' dir='ltr'><strong>titulus</strong></span> <span class='ocrx_word' id='word_1_16' title='bbox 434 457 476 506; x_wconf 90' lang='lat' dir='ltr'><strong>est</strong></span> <span class='ocrx_word' id='word_1_17' title='bbox 491 449 525 506; x_wconf 92' lang='lat' dir='ltr'><strong>de</strong></span> <span class='ocrx_word' id='word_1_18' title='bbox 539 442 649 506; x_wconf 72' lang='grc' dir='ltr'><strong>ἰιιειίε.1</strong></span> <span class='ocrx_word' id='word_1_19' title='bbox 682 449 711 505; x_wconf 92' lang='lat' dir='ltr'><strong>ln</strong></span> <span class='ocrx_word' id='word_1_20' title='bbox 727 466 782 523; x_wconf 93' lang='lat' dir='ltr'><strong>quo</strong></span> <span class='ocrx_word' id='word_1_21' title='bbox 797 450 825 506; x_wconf 89' lang='lat' dir='ltr'><strong>id</strong></span> <span class='ocrx_word' id='word_1_22' title='bbox 840 467 949 525; x_wconf 91' lang='lat' dir='ltr'><strong>quoque</strong></span> <span class='ocrx_word' id='word_1_23' title='bbox 963 452 1094 524; x_wconf 88' lang='lat' dir='ltr'><strong>scripturn</strong></span> 
     </span>
     <span class='ocr_line' id='line_1_4' title="bbox 129 533 1094 608; baseline 0 -18"><span class='ocrx_word' id='word_1_24' title='bbox 129 541 182 606; x_wconf 84' lang='lat' dir='ltr'><strong>est,</strong></span> <span class='ocrx_word' id='word_1_25' title='bbox 207 534 283 608; x_wconf 89' lang='lat' dir='ltr'><strong>quod</strong></span> <span class='ocrx_word' id='word_1_26' title='bbox 299 533 383 608; x_wconf 81' lang='lat' dir='ltr'><strong>uolgo</strong></span> <span class='ocrx_word' id='word_1_27' title='bbox 398 535 566 608; x_wconf 88' lang='lat' dir='ltr'><strong>inopinatum</strong></span> <span class='ocrx_word' id='word_1_28' title='bbox 581 542 633 606; x_wconf 89' lang='lat' dir='ltr'><strong>est,</strong></span> <span class='ocrx_word' id='word_1_29' title='bbox 654 549 709 590; x_wconf 90' lang='lat' dir='ltr'><strong>non</strong></span> <span class='ocrx_word' id='word_1_30' title='bbox 728 533 866 590; x_wconf 90' lang='lat' dir='ltr'><strong>homiuum</strong></span> <span class='ocrx_word' id='word_1_31' title='bbox 887 542 991 591; x_wconf 89' lang='lat' dir='ltr'><strong>tautum</strong></span> <span class='ocrx_word' id='word_1_32' title='bbox 1007 550 1094 608; x_wconf 90' lang='lat' dir='ltr'><strong>neque</strong></span> 
     </span>
     <span class='ocr_line' id='line_1_5' title="bbox 129 615 1094 692; baseline -0.001 -18"><span class='ocrx_word' id='word_1_33' title='bbox 129 635 222 674; x_wconf 91' lang='lat' dir='ltr'><strong>rerum</strong></span> <span class='ocrx_word' id='word_1_34' title='bbox 237 619 417 690; x_wconf 85' lang='lat' dir='ltr'><strong>mouentium,</strong></span> <span class='ocrx_word' id='word_1_35' title='bbox 433 633 500 692; x_wconf 90' lang='lat' dir='ltr'><strong>quae</strong></span> <span class='ocrx_word' id='word_1_36' title='bbox 516 618 616 674; x_wconf 83' lang='lat' dir='ltr'><strong>auferri</strong></span> <span class='ocrx_word' id='word_1_37' title='bbox 632 615 737 673; x_wconf 80' lang='lat' dir='ltr'>occulte</span> <span class='ocrx_word' id='word_1_38' title='bbox 752 625 780 674; x_wconf 90' lang='lat' dir='ltr'><strong>et</strong></span> <span class='ocrx_word' id='word_1_39' title='bbox 790 617 893 692; x_wconf 86' lang='lat' dir='ltr'><strong>subripi</strong></span> <span class='ocrx_word' id='word_1_40' title='bbox 905 627 1031 692; x_wconf 89' lang='lat' dir='ltr'><strong>possunt,</strong></span> <span class='ocrx_word' id='word_1_41' title='bbox 1046 618 1094 674; x_wconf 87' lang='lat' dir='ltr'><strong>scd</strong></span> 
     </span>
     <span class='ocr_line' id='line_1_6' title="bbox 129 699 1095 776; baseline 0 -18"><span class='ocrx_word' id='word_1_42' title='bbox 129 701 208 758; x_wconf 79' lang='lat' dir='ltr'><strong>fundi</strong></span> <span class='ocrx_word' id='word_1_43' title='bbox 230 718 342 775; x_wconf 90' lang='lat' dir='ltr'><strong>quoque</strong></span> <span class='ocrx_word' id='word_1_44' title='bbox 365 707 393 758; x_wconf 88' lang='lat' dir='ltr'><strong>et</strong></span> <span class='ocrx_word' id='word_1_45' title='bbox 412 701 515 757; x_wconf 82' lang='lat' dir='ltr'><strong>aedium</strong></span> <span class='ocrx_word' id='word_1_46' title='bbox 530 699 589 758; x_wconf 85' lang='lat' dir='ltr'><strong>lieri</strong></span> <span class='ocrx_word' id='word_1_47' title='bbox 604 701 722 768; x_wconf 81' lang='lat' dir='ltr'><strong>lurtum3</strong></span> <span class='ocrx_word' id='word_1_48' title='bbox 745 701 970 776; x_wconf 79' lang='lat' dir='ltr'>condempnatum</span> <span class='ocrx_word' id='word_1_49' title='bbox 985 717 1095 776; x_wconf 90' lang='lat' dir='ltr'><strong>quoque</strong></span> 
     </span>
     <span class='ocr_line' id='line_1_7' title="bbox 130 784 1095 860; baseline 0 -19"><span class='ocrx_word' id='word_1_50' title='bbox 130 785 353 856; x_wconf 71' lang='lat' dir='ltr'><strong>fontinianum,</strong></span> <span class='ocrx_word' id='word_1_51' title='bbox 369 786 417 859; x_wconf 92' lang='lat' dir='ltr'><strong>qui</strong></span> <span class='ocrx_word' id='word_1_52' title='bbox 431 785 525 856; x_wconf 84' lang='lat' dir='ltr'><strong>londo,</strong></span> <span class='ocrx_word' id='word_1_53' title='bbox 548 801 628 860; x_wconf 89' lang='lat' dir='ltr'><strong>quern</strong></span> <span class='ocrx_word' id='word_1_54' title='bbox 643 784 819 856; x_wconf 82' lang='lat' dir='ltr'><strong>conduxerat,</strong></span> <span class='ocrx_word' id='word_1_55' title='bbox 842 785 964 858; x_wconf 80' lang='lat' dir='ltr'><strong>uendito,</strong></span> <span class='ocrx_word' id='word_1_56' title='bbox 987 802 1095 859; x_wconf 84' lang='lat' dir='ltr'><strong>posses·</strong></span> 
     </span>
     <span class='ocr_line' id='line_1_8' title="bbox 129 868 1095 944; baseline 0 -20"><span class='ocrx_word' id='word_1_57' title='bbox 129 871 209 926; x_wconf 85' lang='lat' dir='ltr'><strong>sione</strong></span> <span class='ocrx_word' id='word_1_58' title='bbox 220 871 280 925; x_wconf 91' lang='lat' dir='ltr'><strong>eius</strong></span> <span class='ocrx_word' id='word_1_59' title='bbox 298 869 436 926; x_wconf 89' lang='lat' dir='ltr'><strong>dominum</strong></span> <span class='ocrx_word' id='word_1_60' title='bbox 452 871 661 927; x_wconf 76' lang='lat' dir='ltr'><strong>interuenisset.</strong></span> <span class='ocrx_word' id='word_1_61' title='bbox 685 869 774 942; x_wconf 82' lang='lat' dir='ltr'><strong>Atque</strong></span> <span class='ocrx_word' id='word_1_62' title='bbox 785 868 812 925; x_wconf 88' lang='lat' dir='ltr'><strong>ld</strong></span> <span class='ocrx_word' id='word_1_63' title='bbox 823 871 910 938; x_wconf 89' lang='lat' dir='ltr'><strong>etiam,</strong></span> <span class='ocrx_word' id='word_1_64' title='bbox 924 869 997 942; x_wconf 87' lang='lat' dir='ltr'><strong>quod</strong></span> <span class='ocrx_word' id='word_1_65' title='bbox 1008 871 1095 944; x_wconf 78' lang='lat' dir='ltr'><strong>magis</strong></span> 
     </span>
     <span class='ocr_line' id='line_1_9' title="bbox 130 951 1094 1027; baseline 0.001 -18"><span class='ocrx_word' id='word_1_66' title='bbox 130 951 298 1027; x_wconf 79' lang='lat' dir='ltr'><strong>inopinabile</strong></span> <span class='ocrx_word' id='word_1_67' title='bbox 320 961 372 1024; x_wconf 85' lang='lat' dir='ltr'><strong>cst,</strong></span> <span class='ocrx_word' id='word_1_68' title='bbox 395 951 510 1008; x_wconf 83' lang='lat' dir='ltr'><strong>Sabinus</strong></span> <span class='ocrx_word' id='word_1_69' title='bbox 525 953 599 1023; x_wconf 83' lang='lat' dir='ltr'><strong>dicit,</strong></span> <span class='ocrx_word' id='word_1_70' title='bbox 621 952 709 1008; x_wconf 85' lang='lat' dir='ltr'><strong>iurem</strong></span> <span class='ocrx_word' id='word_1_71' title='bbox 731 968 792 1008; x_wconf 89' lang='lat' dir='ltr'><strong>esse</strong></span> <span class='ocrx_word' id='word_1_72' title='bbox 806 953 923 1008; x_wconf 89' lang='lat' dir='ltr'><strong>hominis</strong></span> <span class='ocrx_word' id='word_1_73' title='bbox 938 954 1094 1024; x_wconf 83' lang='lat' dir='ltr'><strong>iudicatum,</strong></span> 
     </span>
     <span class='ocr_line' id='line_1_10' title="bbox 131 1033 1096 1111; baseline 0 -19"><span class='ocrx_word' id='word_1_74' title='bbox 131 1039 178 1111; x_wconf 92' lang='lat' dir='ltr'><strong>qui</strong></span> <span class='ocrx_word' id='word_1_75' title='bbox 201 1053 264 1094; x_wconf 92' lang='lat' dir='ltr'><strong>cum</strong></span> <span class='ocrx_word' id='word_1_76' title='bbox 286 1035 419 1109; x_wconf 77' lang='lat' dir='ltr'><strong>fugitiuus</strong></span> <span class='ocrx_word' id='word_1_77' title='bbox 441 1043 550 1110; x_wconf 89' lang='lat' dir='ltr'><strong>praeter</strong></span> <span class='ocrx_word' id='word_1_78' title='bbox 570 1033 666 1093; x_wconf 83' lang='lat' dir='ltr'><strong>oculos</strong></span> <span class='ocrx_word' id='word_1_79' title='bbox 688 1035 759 1092; x_wconf 83' lang='lat' dir='ltr'><strong>sorte</strong></span> <span class='ocrx_word' id='word_1_80' title='bbox 781 1035 959 1106; x_wconf 72' lang='lat' dir='ltr'><strong>dominium,</strong></span> <span class='ocrx_word' id='word_1_81' title='bbox 983 1036 1096 1092; x_wconf 82' lang='lat' dir='ltr'><strong>obtentu</strong></span> 
     </span>
    </p>
   </div>
   <div class='ocr_carea' id='block_1_3' title="bbox 40 1118 1095 1276">
    <p class='ocr_par' dir='ltr' id='par_1_3' title="bbox 40 1118 1095 1276">
     <span class='ocr_line' id='line_1_11' title="bbox 40 1118 1095 1194; baseline -0.002 -18"><span class='ocrx_word' id='word_1_82' title='bbox 40 1125 43 1128; x_wconf 83' lang='lat'>&#39;</span> <span class='ocrx_word' id='word_1_83' title='bbox 131 1127 223 1194; x_wconf 76' lang='lat' dir='ltr'><strong>togae,</strong></span> <span class='ocrx_word' id='word_1_84' title='bbox 246 1127 383 1192; x_wconf 82' lang='lat' dir='ltr'><strong>tamquam</strong></span> <span class='ocrx_word' id='word_1_85' title='bbox 405 1135 435 1176; x_wconf 87' lang='lat' dir='ltr'><strong>se</strong></span> <span class='ocrx_word' id='word_1_86' title='bbox 457 1121 591 1191; x_wconf 80' lang='lat' dir='ltr'><strong>amiciens,</strong></span> <span class='ocrx_word' id='word_1_87' title='bbox 613 1137 649 1177; x_wconf 90' lang='lat' dir='ltr'><strong>ne</strong></span> <span class='ocrx_word' id='word_1_88' title='bbox 671 1118 811 1176; x_wconf 86' lang='lat' dir='ltr'><strong>uideretur</strong></span> <span class='ocrx_word' id='word_1_89' title='bbox 832 1138 848 1176; x_wconf 89' lang='lat' dir='ltr'><strong>a</strong></span> <span class='ocrx_word' id='word_1_90' title='bbox 869 1119 989 1190; x_wconf 87' lang='lat' dir='ltr'><strong>domino,</strong></span> <span class='ocrx_word' id='word_1_91' title='bbox 1013 1118 1095 1178; x_wconf 86' lang='lat' dir='ltr'><strong>obsti·</strong></span> 
     </span>
     <span class='ocr_line' id='line_1_12' title="bbox 131 1201 689 1276; baseline -0.005 -15"><span class='ocrx_word' id='word_1_92' title='bbox 131 1205 218 1261; x_wconf 85' lang='lat' dir='ltr'><strong>tissct.</strong></span> <span class='ocrx_word' id='word_1_93' title='bbox 235 1233 277 1246; x_wconf 89' lang='lat'><strong>·-</strong></span> <span class='ocrx_word' id='word_1_94' title='bbox 292 1203 361 1260; x_wconf 84' lang='lat' dir='ltr'><strong>Gell.</strong></span> <span class='ocrx_word' id='word_1_95' title='bbox 379 1203 429 1275; x_wconf 87' lang='lat'><strong>11,</strong></span> <span class='ocrx_word' id='word_1_96' title='bbox 447 1201 497 1260; x_wconf 84' lang='lat'><strong>18.</strong></span> <span class='ocrx_word' id='word_1_97' title='bbox 509 1204 538 1276; x_wconf 72' lang='grc'><strong>3.</strong></span> <span class='ocrx_word' id='word_1_98' title='bbox 557 1203 689 1261; x_wconf 83' lang='grc'><strong>11-14,</strong></span> 
     </span>
    </p>
   </div>
   <div class='ocr_carea' id='block_1_4' title="bbox 522 1335 709 1396">
    <p class='ocr_par' dir='ltr' id='par_1_4' title="bbox 522 1335 709 1396">
     <span class='ocr_line' id='line_1_13' title="bbox 522 1335 709 1396; baseline 0.021 -4"><span class='ocrx_word' id='word_1_99' title='bbox 522 1335 709 1396; x_wconf 81' lang='lat' dir='ltr'><strong>Fastorum.</strong></span> 
     </span>
    </p>
   </div>
   <div class='ocr_carea' id='block_1_5' title="bbox 79 1442 1131 2609">
    <p class='ocr_par' dir='ltr' id='par_1_5' title="bbox 202 1442 1094 1521">
     <span class='ocr_line' id='line_1_14' title="bbox 202 1442 1094 1521; baseline 0.003 -19"><span class='ocrx_word' id='word_1_100' title='bbox 202 1444 230 1502; x_wconf 85' lang='grc'><strong>8.</strong></span> <span class='ocrx_word' id='word_1_101' title='bbox 254 1445 380 1504; x_wconf 84' lang='lat' dir='ltr'><strong>llasurius</strong></span> <span class='ocrx_word' id='word_1_102' title='bbox 402 1442 535 1502; x_wconf 86' lang='lat' dir='ltr'><strong>lastorum</strong></span> <span class='ocrx_word' id='word_1_103' title='bbox 556 1447 675 1504; x_wconf 90' lang='lat' dir='ltr'><strong>secundo</strong></span> <span class='ocrx_word' id='word_1_104' title='bbox 698 1447 876 1506; x_wconf 82' lang='lat' dir='ltr'><strong>‘Vinaliorum</strong></span> <span class='ocrx_word' id='word_1_105' title='bbox 891 1446 972 1519; x_wconf 87' lang='lat' dir='ltr'><strong>dies’‚</strong></span> <span class='ocrx_word' id='word_1_106' title='bbox 995 1449 1094 1521; x_wconf 88' lang='lat' dir='ltr'><strong>iuquit,</strong></span> 
     </span>
    </p>

    <p class='ocr_par' dir='ltr' id='par_1_6' title="bbox 132 1530 1092 1606">
     <span class='ocr_line' id='line_1_15' title="bbox 132 1530 1092 1606; baseline 0.002 -20"><span class='ocrx_word' id='word_1_107' title='bbox 132 1531 207 1586; x_wconf 86' lang='lat' dir='ltr'><strong>‘loui</strong></span> <span class='ocrx_word' id='word_1_108' title='bbox 228 1546 303 1588; x_wconf 86' lang='lat' dir='ltr'><strong>sacer</strong></span> <span class='ocrx_word' id='word_1_109' title='bbox 323 1537 375 1600; x_wconf 85' lang='lat' dir='ltr'><strong>est,</strong></span> <span class='ocrx_word' id='word_1_110' title='bbox 397 1547 463 1602; x_wconf 90' lang='lat' dir='ltr'><strong>nou,</strong></span> <span class='ocrx_word' id='word_1_111' title='bbox 487 1537 517 1586; x_wconf 90' lang='lat' dir='ltr'><strong>ut</strong></span> <span class='ocrx_word' id='word_1_112' title='bbox 538 1530 645 1604; x_wconf 85' lang='lat' dir='ltr'><strong>quidam</strong></span> <span class='ocrx_word' id='word_1_113' title='bbox 659 1541 765 1606; x_wconf 84' lang='lat' dir='ltr'><strong>putant,</strong></span> <span class='ocrx_word' id='word_1_114' title='bbox 782 1530 900 1588; x_wconf 89' lang='lat' dir='ltr'><strong>Veneri&#39;.</strong></span> <span class='ocrx_word' id='word_1_115' title='bbox 918 1561 956 1572; x_wconf 93' lang='lat'>-</span> <span class='ocrx_word' id='word_1_116' title='bbox 973 1530 1092 1590; x_wconf 88' lang='lat' dir='ltr'><strong>llacrob.</strong></span> 
     </span>
    </p>

    <p class='ocr_par' dir='ltr' id='par_1_7' title="bbox 129 1612 1093 1764">
     <span class='ocr_line' id='line_1_16' title="bbox 129 1612 1093 1764; baseline 0 -10"><span class='ocrx_word' id='word_1_117' title='bbox 129 1612 382 1754; x_wconf 51' lang='lat' dir='ltr'><strong>Sar.9q‚h4¹as{rsss</strong></span> <span class='ocrx_word' id='word_1_118' title='bbox 410 1699 489 1754; x_wconf 87' lang='lat' dir='ltr'><strong>ctiam</strong></span> <span class='ocrx_word' id='word_1_119' title='bbox 516 1697 635 1754; x_wconf 85' lang='lat' dir='ltr'><strong>secundo</strong></span> <span class='ocrx_word' id='word_1_120' title='bbox 663 1697 796 1756; x_wconf 79' lang='lat' dir='ltr'><strong>laetorum</strong></span> <span class='ocrx_word' id='word_1_121' title='bbox 819 1697 991 1756; x_wconf 81' lang='lat' dir='ltr'><strong>‘liberalium</strong></span> <span class='ocrx_word' id='word_1_122' title='bbox 1011 1699 1093 1764; x_wconf 88' lang='lat' dir='ltr'><strong>dies’,</strong></span> 
     </span>
    </p>

    <p class='ocr_par' dir='ltr' id='par_1_8' title="bbox 79 1779 1131 1880">
     <span class='ocr_line' id='line_1_17' title="bbox 79 1779 1131 1880; baseline -0.001 -41"><span class='ocrx_word' id='word_1_123' title='bbox 79 1783 232 1880; x_wconf 70' lang='lat' dir='ltr'><strong>trattiinquit³</strong></span> <span class='ocrx_word' id='word_1_124' title='bbox 256 1781 284 1836; x_wconf 72' lang='lat' dir='ltr'><strong>‘a</strong></span> <span class='ocrx_word' id='word_1_125' title='bbox 305 1779 478 1855; x_wconf 83' lang='lat' dir='ltr'><strong>pontificibus</strong></span> <span class='ocrx_word' id='word_1_126' title='bbox 501 1783 628 1855; x_wconf 79' lang='lat' dir='ltr'><strong>agoniam</strong></span> <span class='ocrx_word' id='word_1_127' title='bbox 650 1781 770 1840; x_wconf 81' lang='lat' dir='ltr'><strong>Martiale</strong></span> <span class='ocrx_word' id='word_1_128' title='bbox 792 1783 965 1856; x_wconf 58' lang='lat' dir='ltr'><strong>appellatum.</strong></span> <span class='ocrx_word' id='word_1_129' title='bbox 982 1811 1020 1822; x_wconf 86' lang='lat'><strong>-·-</strong></span> <span class='ocrx_word' id='word_1_130' title='bbox 1041 1782 1094 1838; x_wconf 91' lang='lat' dir='ltr'><strong>lla·</strong></span> <span class='ocrx_word' id='word_1_131' title='bbox 1128 1866 1131 1874; x_wconf 33' lang='grc' dir='ltr'>Ι</span> 
     </span>
    </p>

    <p class='ocr_par' dir='ltr' id='par_1_9' title="bbox 130 1863 1094 2110">
     <span class='ocr_line' id='line_1_18' title="bbox 130 1863 1094 2021; baseline -0.004 -13"><span class='ocrx_word' id='word_1_132' title='bbox 130 1863 468 2008; x_wconf 51' lang='lat' dir='ltr'><strong>crobiort.gt.i1nu.eodem</strong></span> <span class='ocrx_word' id='word_1_133' title='bbox 489 1947 571 2008; x_wconf 89' lang='lat' dir='ltr'><strong>libro:</strong></span> <span class='ocrx_word' id='word_1_134' title='bbox 595 1947 670 2006; x_wconf 84' lang='lat' dir='ltr'><strong>‘Earn</strong></span> <span class='ocrx_word' id='word_1_135' title='bbox 691 1956 799 2008; x_wconf 87' lang='lat' dir='ltr'><strong>noctem</strong></span> <span class='ocrx_word' id='word_1_136' title='bbox 821 1949 1004 2021; x_wconf 85' lang='lat' dir='ltr'><strong>deincepsque</strong></span> <span class='ocrx_word' id='word_1_137' title='bbox 1024 1950 1094 2006; x_wconf 83' lang='lat' dir='ltr'><strong>iusc-</strong></span> 
     </span>
     <span class='ocr_line' id='line_1_19' title="bbox 131 2030 902 2110; baseline 0 -20"><span class='ocrx_word' id='word_1_138' title='bbox 131 2041 263 2110; x_wconf 89' lang='lat' dir='ltr'><strong>quentem</strong></span> <span class='ocrx_word' id='word_1_139' title='bbox 279 2033 362 2106; x_wconf 84' lang='lat' dir='ltr'><strong>diem,</strong></span> <span class='ocrx_word' id='word_1_140' title='bbox 379 2035 425 2106; x_wconf 94' lang='lat' dir='ltr'><strong>qui</strong></span> <span class='ocrx_word' id='word_1_141' title='bbox 437 2039 480 2090; x_wconf 92' lang='lat' dir='ltr'><strong>est</strong></span> <span class='ocrx_word' id='word_1_142' title='bbox 492 2031 658 2090; x_wconf 90' lang='lat' dir='ltr'><strong>Lucarium&#39;.</strong></span> <span class='ocrx_word' id='word_1_143' title='bbox 674 2063 716 2074; x_wconf 88' lang='lat'>-</span> <span class='ocrx_word' id='word_1_144' title='bbox 730 2031 848 2088; x_wconf 87' lang='lat' dir='ltr'><strong>Macrob.</strong></span> <span class='ocrx_word' id='word_1_145' title='bbox 863 2030 902 2090; x_wconf 88' lang='lat' dir='ltr'><strong>ib.</strong></span> 
     </span>
    </p>

    <p class='ocr_par' dir='ltr' id='par_1_10' title="bbox 197 2110 1095 2188">
     <span class='ocr_line' id='line_1_20' title="bbox 197 2110 1095 2188; baseline -0.006 -13"><span class='ocrx_word' id='word_1_146' title='bbox 197 2114 237 2175; x_wconf 87' lang='lat' dir='ltr'><strong>ll.</strong></span> <span class='ocrx_word' id='word_1_147' title='bbox 259 2110 408 2172; x_wconf 80' lang='lat' dir='ltr'><strong>²llasurius</strong></span> <span class='ocrx_word' id='word_1_148' title='bbox 424 2123 452 2172; x_wconf 91' lang='grc' dir='ltr'><strong>ει</strong></span> <span class='ocrx_word' id='word_1_149' title='bbox 467 2116 510 2174; x_wconf 90' lang='lat' dir='ltr'><strong>alii</strong></span> <span class='ocrx_word' id='word_1_150' title='bbox 527 2133 580 2174; x_wconf 92' lang='lat' dir='ltr'><strong>uuo</strong></span> <span class='ocrx_word' id='word_1_151' title='bbox 596 2115 649 2187; x_wconf 85' lang='lat' dir='ltr'><strong>die,</strong></span> <span class='ocrx_word' id='word_1_152' title='bbox 665 2115 692 2172; x_wconf 88' lang='lat' dir='ltr'><strong>id</strong></span> <span class='ocrx_word' id='word_1_153' title='bbox 708 2125 750 2172; x_wconf 92' lang='lat' dir='ltr'><strong>est</strong></span> <span class='ocrx_word' id='word_1_154' title='bbox 765 2123 862 2188; x_wconf 88' lang='lat' dir='ltr'><strong>quarto</strong></span> <span class='ocrx_word' id='word_1_155' title='bbox 878 2115 982 2172; x_wconf 86' lang='lat' dir='ltr'><strong>decimo</strong></span> <span class='ocrx_word' id='word_1_156' title='bbox 999 2113 1095 2172; x_wconf 89' lang='lat' dir='ltr'><strong>Kalen-</strong></span> 
     </span>
    </p>

    <p class='ocr_par' dir='ltr' id='par_1_11' title="bbox 131 2198 1096 2270">
     <span class='ocr_line' id='line_1_21' title="bbox 131 2198 1096 2270; baseline 0 -12"><span class='ocrx_word' id='word_1_157' title='bbox 131 2202 182 2258; x_wconf 85' lang='lat' dir='ltr'><strong>das</strong></span> <span class='ocrx_word' id='word_1_158' title='bbox 197 2201 332 2256; x_wconf 84' lang='lat' dir='ltr'><strong>lanuarias</strong></span> <span class='ocrx_word' id='word_1_159' title='bbox 347 2200 432 2258; x_wconf 88' lang='lat' dir='ltr'><strong>luisse</strong></span> <span class='ocrx_word' id='word_1_160' title='bbox 446 2201 597 2258; x_wconf 75' lang='lat' dir='ltr'><strong>Saturnalia</strong></span> <span class='ocrx_word' id='word_1_161' title='bbox 611 2200 791 2260; x_wconf 85' lang='lat' dir='ltr'><strong>crediderunt.</strong></span> <span class='ocrx_word' id='word_1_162' title='bbox 811 2229 846 2238; x_wconf 98' lang='lat'>-</span> <span class='ocrx_word' id='word_1_163' title='bbox 863 2198 978 2256; x_wconf 84' lang='lat' dir='ltr'><strong>Macrob.</strong></span> <span class='ocrx_word' id='word_1_164' title='bbox 995 2199 1052 2254; x_wconf 88' lang='lat' dir='ltr'><strong>Sat.</strong></span> <span class='ocrx_word' id='word_1_165' title='bbox 1067 2199 1096 2270; x_wconf 83' lang='lat'><strong>1,</strong></span> 
     </span>
    </p>

    <p class='ocr_par' dir='ltr' id='par_1_12' title="bbox 137 2283 1096 2442">
     <span class='ocr_line' id='line_1_22' title="bbox 137 2283 1096 2442; baseline -0.002 -16"><span class='ocrx_word' id='word_1_166' title='bbox 137 2285 189 2343; x_wconf 46' lang='lat'><strong>10⁰</strong></span> <span class='ocrx_word' id='word_1_167' title='bbox 199 2286 240 2428; x_wconf 64' lang='lat'><strong>182</strong></span> <span class='ocrx_word' id='word_1_168' title='bbox 252 2283 394 2424; x_wconf 51' lang='lat' dir='ltr'><strong>{lasurius</strong></span> <span class='ocrx_word' id='word_1_169' title='bbox 415 2367 504 2424; x_wconf 89' lang='lat' dir='ltr'><strong>adiicit</strong></span> <span class='ocrx_word' id='word_1_170' title='bbox 525 2367 696 2424; x_wconf 85' lang='lat' dir='ltr'><strong>simulacrum</strong></span> <span class='ocrx_word' id='word_1_171' title='bbox 718 2369 798 2428; x_wconf 89' lang='lat' dir='ltr'><strong>huius</strong></span> <span class='ocrx_word' id='word_1_172' title='bbox 821 2367 887 2424; x_wconf 87' lang='lat' dir='ltr'><strong>deae</strong></span> <span class='ocrx_word' id='word_1_173' title='bbox 909 2365 957 2439; x_wconf 85' lang='lat' dir='ltr'><strong>(sc.</strong></span> <span class='ocrx_word' id='word_1_174' title='bbox 973 2369 1096 2442; x_wconf 82' lang='lat' dir='ltr'><strong>Angero-</strong></span> 
     </span>
    </p>

    <p class='ocr_par' dir='ltr' id='par_1_13' title="bbox 102 2450 1108 2529">
     <span class='ocr_line' id='line_1_23' title="bbox 102 2450 1108 2529; baseline -0.003 -20"><span class='ocrx_word' id='word_1_175' title='bbox 102 2457 106 2464; x_wconf 90' lang='lat'>&#39;</span> <span class='ocrx_word' id='word_1_176' title='bbox 132 2450 208 2527; x_wconf 78' lang='lat' dir='ltr'><strong>niae)</strong></span> <span class='ocrx_word' id='word_1_177' title='bbox 231 2468 277 2508; x_wconf 91' lang='lat' dir='ltr'><strong>ore</strong></span> <span class='ocrx_word' id='word_1_178' title='bbox 301 2451 423 2524; x_wconf 84' lang='lat' dir='ltr'><strong>obligato</strong></span> <span class='ocrx_word' id='word_1_179' title='bbox 446 2460 528 2525; x_wconf 90' lang='lat' dir='ltr'><strong>atque</strong></span> <span class='ocrx_word' id='word_1_180' title='bbox 550 2453 659 2529; x_wconf 77' lang='lat' dir='ltr'><strong>signato</strong></span> <span class='ocrx_word' id='word_1_181' title='bbox 681 2453 709 2508; x_wconf 93' lang='lat' dir='ltr'><strong>in</strong></span> <span class='ocrx_word' id='word_1_182' title='bbox 730 2469 777 2509; x_wconf 89' lang='lat' dir='ltr'><strong>ara</strong></span> <span class='ocrx_word' id='word_1_183' title='bbox 800 2451 929 2524; x_wconf 86' lang='lat' dir='ltr'><strong>Volupiae</strong></span> <span class='ocrx_word' id='word_1_184' title='bbox 951 2459 1108 2524; x_wconf 67' lang='lat' dir='ltr'><strong>propterea*</strong></span> 
     </span>
    </p>

    <p class='ocr_par' dir='ltr' id='par_1_14' title="bbox 135 2535 1096 2609">
     <span class='ocr_line' id='line_1_24' title="bbox 135 2535 1096 2609; baseline -0.002 -17"><span class='ocrx_word' id='word_1_185' title='bbox 135 2535 308 2606; x_wconf 87' lang='lat' dir='ltr'><strong>collocatum,</strong></span> <span class='ocrx_word' id='word_1_186' title='bbox 332 2535 404 2608; x_wconf 91' lang='lat' dir='ltr'><strong>quod</strong></span> <span class='ocrx_word' id='word_1_187' title='bbox 420 2537 473 2609; x_wconf 43' lang='lat' dir='ltr'><strong>,qui</strong></span> <span class='ocrx_word' id='word_1_188' title='bbox 493 2551 557 2592; x_wconf 86' lang='lat' dir='ltr'><strong>suos</strong></span> <span class='ocrx_word' id='word_1_189' title='bbox 576 2535 684 2592; x_wconf 89' lang='lat' dir='ltr'><strong>dolores</strong></span> <span class='ocrx_word' id='word_1_190' title='bbox 700 2537 902 2608; x_wconf 81' lang='lat' dir='ltr'><strong>anxietatcsque</strong></span> <span class='ocrx_word' id='word_1_191' title='bbox 918 2535 1096 2605; x_wconf 85' lang='lat' dir='ltr'><strong>dissimulant,</strong></span> 
     </span>
    </p>
   </div>
   <div class='ocr_carea' id='block_1_6' title="bbox 131 2617 1095 2775">
    <p class='ocr_par' dir='ltr' id='par_1_15' title="bbox 131 2617 1095 2775">
     <span class='ocr_line' id='line_1_25' title="bbox 131 2617 1095 2694; baseline 0.001 -18"><span class='ocrx_word' id='word_1_192' title='bbox 131 2621 296 2694; x_wconf 85' lang='lat' dir='ltr'><strong>perueniant</strong></span> <span class='ocrx_word' id='word_1_193' title='bbox 317 2621 460 2692; x_wconf 84' lang='lat' dir='ltr'><strong>patientiae</strong></span> <span class='ocrx_word' id='word_1_194' title='bbox 481 2617 612 2676; x_wconf 89' lang='lat' dir='ltr'><strong>beneficio</strong></span> <span class='ocrx_word' id='word_1_195' title='bbox 636 2618 670 2676; x_wconf 88' lang='lat' dir='ltr'><strong>ad</strong></span> <span class='ocrx_word' id='word_1_196' title='bbox 691 2621 829 2676; x_wconf 81' lang='lat' dir='ltr'><strong>maalmam</strong></span> <span class='ocrx_word' id='word_1_197' title='bbox 853 2617 1031 2693; x_wconf 88' lang='lat' dir='ltr'><strong>uoluptatem.</strong></span> <span class='ocrx_word' id='word_1_198' title='bbox 1057 2649 1095 2660; x_wconf 92' lang='lat'>-</span> 
     </span>
     <span class='ocr_line' id='line_1_26' title="bbox 131 2701 397 2775; baseline -0.004 -15"><span class='ocrx_word' id='word_1_199' title='bbox 131 2701 253 2760; x_wconf 86' lang='lat' dir='ltr'><strong>llacrob.</strong></span> <span class='ocrx_word' id='word_1_200' title='bbox 269 2701 307 2760; x_wconf 87' lang='lat' dir='ltr'><strong>ih.</strong></span> <span class='ocrx_word' id='word_1_201' title='bbox 322 2702 351 2775; x_wconf 76' lang='lat' dir='ltr'><strong>S.</strong></span> <span class='ocrx_word' id='word_1_202' title='bbox 368 2702 397 2760; x_wconf 86' lang='grc'><strong>8.</strong></span> 
     </span>
    </p>
   </div>
   <div class='ocr_carea' id='block_1_7' title="bbox 495 2819 740 2894">
    <p class='ocr_par' dir='ltr' id='par_1_16' title="bbox 495 2819 740 2894">
     <span class='ocr_line' id='line_1_27' title="bbox 495 2819 740 2894; baseline -0.004 -20"><span class='ocrx_word' id='word_1_203' title='bbox 495 2819 535 2876; x_wconf 82' lang='lat' dir='ltr'><strong>lte</strong></span> <span class='ocrx_word' id='word_1_204' title='bbox 556 2819 740 2894; x_wconf 82' lang='lat' dir='ltr'><strong>indigenis.</strong></span> 
     </span>
    </p>
   </div>
   <div class='ocr_carea' id='block_1_8' title="bbox 130 2935 1098 3262">
    <p class='ocr_par' dir='ltr' id='par_1_17' title="bbox 130 2935 1098 3262">
     <span class='ocr_line' id='line_1_28' title="bbox 198 2935 1097 3014; baseline -0.002 -18"><span class='ocrx_word' id='word_1_205' title='bbox 198 2935 242 2996; x_wconf 80' lang='lat'><strong>13.</strong></span> <span class='ocrx_word' id='word_1_206' title='bbox 265 2936 396 2994; x_wconf 79' lang='lat' dir='ltr'><strong>Masurius</strong></span> <span class='ocrx_word' id='word_1_207' title='bbox 418 2944 508 2994; x_wconf 87' lang='lat' dir='ltr'><strong>autern</strong></span> <span class='ocrx_word' id='word_1_208' title='bbox 524 2936 635 2994; x_wconf 91' lang='lat' dir='ltr'><strong>Sabinus</strong></span> <span class='ocrx_word' id='word_1_209' title='bbox 657 2937 684 2992; x_wconf 90' lang='lat' dir='ltr'><strong>in</strong></span> <span class='ocrx_word' id='word_1_210' title='bbox 699 2937 908 3008; x_wconf 85' lang='lat' dir='ltr'><strong>commentariis,</strong></span> <span class='ocrx_word' id='word_1_211' title='bbox 925 2954 993 3014; x_wconf 88' lang='lat' dir='ltr'><strong>quos</strong></span> <span class='ocrx_word' id='word_1_212' title='bbox 1009 2937 1042 2993; x_wconf 89' lang='lat' dir='ltr'><strong>de</strong></span> <span class='ocrx_word' id='word_1_213' title='bbox 1057 2939 1097 2994; x_wconf 95' lang='lat' dir='ltr'><strong>in·</strong></span> 
     </span>
     <span class='ocr_line' id='line_1_29' title="bbox 131 3015 1098 3097; baseline -0.004 -17"><span class='ocrx_word' id='word_1_214' title='bbox 131 3023 246 3097; x_wconf 79' lang='lat' dir='ltr'><strong>digenis</strong></span> <span class='ocrx_word' id='word_1_215' title='bbox 269 3021 436 3096; x_wconf 84' lang='lat' dir='ltr'><strong>composuit:</strong></span> <span class='ocrx_word' id='word_1_216' title='bbox 473 3019 672 3095; x_wconf 83' lang='lat' dir='ltr'><strong>‘Religiosum&#39;,</strong></span> <span class='ocrx_word' id='word_1_217' title='bbox 690 3021 787 3094; x_wconf 73' lang='lat' dir='ltr'><strong>iuquit,</strong></span> <span class='ocrx_word' id='word_1_218' title='bbox 804 3015 868 3093; x_wconf 77' lang='lat' dir='ltr'><strong>‘est,</strong></span> <span class='ocrx_word' id='word_1_219' title='bbox 892 3021 964 3094; x_wconf 91' lang='lat' dir='ltr'><strong>quod</strong></span> <span class='ocrx_word' id='word_1_220' title='bbox 987 3033 1098 3095; x_wconf 89' lang='lat' dir='ltr'><strong>propter</strong></span> 
     </span>
     <span class='ocr_line' id='line_1_30' title="bbox 130 3104 1098 3179; baseline -0.001 -17"><span class='ocrx_word' id='word_1_221' title='bbox 130 3107 308 3164; x_wconf 75' lang='lat' dir='ltr'><strong>sanctitatem</strong></span> <span class='ocrx_word' id='word_1_222' title='bbox 330 3105 446 3179; x_wconf 91' lang='lat' dir='ltr'><strong>aliquam</strong></span> <span class='ocrx_word' id='word_1_223' title='bbox 468 3113 602 3160; x_wconf 88' lang='lat' dir='ltr'><strong>remotum</strong></span> <span class='ocrx_word' id='word_1_224' title='bbox 625 3122 655 3161; x_wconf 94' lang='lat' dir='ltr'><strong>ac</strong></span> <span class='ocrx_word' id='word_1_225' title='bbox 677 3105 827 3178; x_wconf 88' lang='lat' dir='ltr'><strong>sepositum</strong></span> <span class='ocrx_word' id='word_1_226' title='bbox 842 3121 856 3159; x_wconf 91' lang='lat' dir='ltr'><strong>a</strong></span> <span class='ocrx_word' id='word_1_227' title='bbox 870 3104 947 3160; x_wconf 88' lang='lat' dir='ltr'><strong>nobis</strong></span> <span class='ocrx_word' id='word_1_228' title='bbox 963 3113 1006 3162; x_wconf 87' lang='lat' dir='ltr'><strong>est</strong></span> <span class='ocrx_word' id='word_1_229' title='bbox 1013 3125 1021 3175; x_wconf 91' lang='lat'>;</span> <span class='ocrx_word' id='word_1_230' title='bbox 1039 3122 1098 3161; x_wconf 90' lang='lat' dir='ltr'><strong>uer·</strong></span> 
     </span>
     <span class='ocr_line' id='line_1_31' title="bbox 131 3187 1098 3262; baseline -0.001 -16"><span class='ocrx_word' id='word_1_231' title='bbox 131 3190 200 3248; x_wconf 91' lang='lat' dir='ltr'><strong>bum</strong></span> <span class='ocrx_word' id='word_1_232' title='bbox 223 3206 238 3246; x_wconf 90' lang='lat' dir='ltr'><strong>a</strong></span> <span class='ocrx_word' id='word_1_233' title='bbox 259 3189 437 3262; x_wconf 87' lang='lat' dir='ltr'><strong>relinquendo</strong></span> <span class='ocrx_word' id='word_1_234' title='bbox 460 3189 571 3260; x_wconf 87' lang='lat' dir='ltr'><strong>dictum,</strong></span> <span class='ocrx_word' id='word_1_235' title='bbox 594 3196 719 3262; x_wconf 87' lang='lat' dir='ltr'><strong>tauquam</strong></span> <span class='ocrx_word' id='word_1_236' title='bbox 742 3189 916 3244; x_wconf 86' lang='lat' dir='ltr'><strong>caerimoniae</strong></span> <span class='ocrx_word' id='word_1_237' title='bbox 932 3205 946 3244; x_wconf 93' lang='lat' dir='ltr'><strong>a</strong></span> <span class='ocrx_word' id='word_1_238' title='bbox 961 3187 1098 3247; x_wconf 86' lang='lat' dir='ltr'><strong>carendo’.</strong></span> 
     </span>
    </p>
   </div>
   <div class='ocr_carea' id='block_1_9' title="bbox 132 3351 1100 3632">
    <p class='ocr_par' dir='ltr' id='par_1_18' title="bbox 132 3351 1100 3632">
     <span class='ocr_line' id='line_1_32' title="bbox 210 3351 1100 3420; baseline -0.003 -17"><span class='ocrx_word' id='word_1_239' title='bbox 210 3351 232 3420; x_wconf 89' lang='lat'><strong>¹)</strong></span> <span class='ocrx_word' id='word_1_240' title='bbox 248 3353 360 3404; x_wconf 79' lang='lat' dir='ltr'><strong>Frustra</strong></span> <span class='ocrx_word' id='word_1_241' title='bbox 373 3355 494 3418; x_wconf 83' lang='lat' dir='ltr'><strong>sunt,quc&#39;</strong></span> <span class='ocrx_word' id='word_1_242' title='bbox 506 3354 682 3418; x_wconf 77' lang='lat' dir='ltr'><strong>hunepertem</strong></span> <span class='ocrx_word' id='word_1_243' title='bbox 692 3354 777 3417; x_wconf 78' lang='lat' dir='ltr'><strong>fnisse</strong></span> <span class='ocrx_word' id='word_1_244' title='bbox 790 3353 915 3403; x_wconf 79' lang='lat' dir='ltr'><strong>librorum</strong></span> <span class='ocrx_word' id='word_1_245' title='bbox 923 3353 1100 3402; x_wconf 83' lang='lat' dir='ltr'><strong>deiureoioc&#39;te&#39;</strong></span> 
     </span>
     <span class='ocr_line' id='line_1_33' title="bbox 132 3423 1097 3492; baseline -0.009 -14"><span class='ocrx_word' id='word_1_246' title='bbox 132 3429 289 3492; x_wconf 81' lang='lat' dir='ltr'><strong>opinantur.</strong></span> <span class='ocrx_word' id='word_1_247' title='bbox 312 3423 357 3473; x_wconf 76' lang='lat' dir='ltr'><strong>Ec</strong></span> <span class='ocrx_word' id='word_1_248' title='bbox 367 3441 445 3490; x_wconf 85' lang='lat' dir='ltr'><strong>eoque</strong></span> <span class='ocrx_word' id='word_1_249' title='bbox 459 3425 490 3474; x_wconf 86' lang='lat' dir='ltr'><strong>de</strong></span> <span class='ocrx_word' id='word_1_250' title='bbox 501 3426 585 3488; x_wconf 84' lang='lat' dir='ltr'><strong>furtis</strong></span> <span class='ocrx_word' id='word_1_251' title='bbox 594 3424 660 3474; x_wconf 82' lang='lat' dir='ltr'><strong>libro</strong></span> <span class='ocrx_word' id='word_1_252' title='bbox 670 3426 746 3474; x_wconf 81' lang='lat' dir='ltr'><strong>etium</strong></span> <span class='ocrx_word' id='word_1_253' title='bbox 753 3425 824 3488; x_wconf 81' lang='lat' dir='ltr'><strong>furti</strong></span> <span class='ocrx_word' id='word_1_254' title='bbox 833 3424 963 3486; x_wconf 82' lang='lat' dir='ltr'><strong>manifesti</strong></span> <span class='ocrx_word' id='word_1_255' title='bbox 971 3423 1097 3484; x_wconf 78' lang='lat' dir='ltr'><strong>definitio·</strong></span> 
     </span>
     <span class='ocr_line' id='line_1_34' title="bbox 132 3492 1099 3559; baseline -0.008 -11"><span class='ocrx_word' id='word_1_256' title='bbox 132 3515 191 3548; x_wconf 87' lang='lat' dir='ltr'><strong>nem</strong></span> <span class='ocrx_word' id='word_1_257' title='bbox 208 3497 319 3547; x_wconf 81' lang='lat' dir='ltr'><strong>Gellium</strong></span> <span class='ocrx_word' id='word_1_258' title='bbox 329 3497 444 3559; x_wconf 81' lang='lat' dir='ltr'><strong>petiisse,</strong></span> <span class='ocrx_word' id='word_1_259' title='bbox 458 3502 527 3545; x_wconf 86' lang='lat' dir='ltr'><strong>certe</strong></span> <span class='ocrx_word' id='word_1_260' title='bbox 545 3497 684 3545; x_wconf 79' lang='lat' dir='ltr'><strong>uerisimile</strong></span> <span class='ocrx_word' id='word_1_261' title='bbox 702 3501 747 3544; x_wconf 82' lang='lat' dir='ltr'><strong>est.</strong></span> <span class='ocrx_word' id='word_1_262' title='bbox 787 3492 808 3558; x_wconf 72' lang='lat'><strong>²)</strong></span> <span class='ocrx_word' id='word_1_263' title='bbox 825 3495 884 3543; x_wconf 82' lang='lat' dir='ltr'><strong>Curru</strong></span> <span class='ocrx_word' id='word_1_264' title='bbox 903 3492 1032 3542; x_wconf 83' lang='lat' dir='ltr'><strong>Dirlcseno</strong></span> <span class='ocrx_word' id='word_1_265' title='bbox 1048 3507 1099 3542; x_wconf 88' lang='lat' dir='ltr'><strong>non</strong></span> 
     </span>
     <span class='ocr_line' id='line_1_35' title="bbox 133 3563 1099 3632; baseline -0.007 -13"><span class='ocrx_word' id='word_1_266' title='bbox 133 3569 233 3628; x_wconf 83' lang='lat' dir='ltr'><strong>dubito,</strong></span> <span class='ocrx_word' id='word_1_267' title='bbox 253 3569 315 3632; x_wconf 85' lang='lat' dir='ltr'><strong>quin</strong></span> <span class='ocrx_word' id='word_1_268' title='bbox 329 3573 354 3616; x_wconf 83' lang='lat' dir='ltr'><strong>et</strong></span> <span class='ocrx_word' id='word_1_269' title='bbox 367 3567 416 3618; x_wconf 78' lang='lat' dir='ltr'><strong>hoe</strong></span> <span class='ocrx_word' id='word_1_270' title='bbox 430 3573 455 3616; x_wconf 85' lang='grc' dir='ltr'><strong>ει</strong></span> <span class='ocrx_word' id='word_1_271' title='bbox 467 3581 575 3630; x_wconf 81' lang='lat' dir='ltr'><strong>sequens</strong></span> <span class='ocrx_word' id='word_1_272' title='bbox 585 3567 623 3630; x_wconf 78' lang='lat' dir='ltr'><strong>fr.</strong></span> <span class='ocrx_word' id='word_1_273' title='bbox 643 3566 680 3616; x_wconf 84' lang='lat' dir='ltr'><strong>ad</strong></span> <span class='ocrx_word' id='word_1_274' title='bbox 692 3566 798 3616; x_wconf 86' lang='lat' dir='ltr'><strong>eundem</strong></span> <span class='ocrx_word' id='word_1_275' title='bbox 812 3563 904 3612; x_wconf 84' lang='lat' dir='ltr'><strong>librum</strong></span> <span class='ocrx_word' id='word_1_276' title='bbox 914 3564 1099 3628; x_wconf 82' lang='lat' dir='ltr'><strong>pertinuerint.</strong></span> 
     </span>
    </p>
   </div>
   <div class='ocr_carea' id='block_1_10' title="bbox 0 0 1348 4112">
    <p class='ocr_par' dir='ltr' id='par_1_19' title="bbox 0 0 1348 4112">
     <span class='ocr_line' id='line_1_36' title="bbox 0 0 1348 4112; baseline 0 0"><span class='ocrx_word' id='word_1_277' title='bbox 0 0 1348 4112; x_wconf 95' lang='lat' dir='ltr'><strong> </strong></span> 
     </span>
    </p>
   </div>
  </div>
 </body>
</html>
