2696 4120
241 209 304 275 310
530 225 591 261 aen
609 225 708 261 1nsr1r.
726 207 774 263 Ill.
793 213 914 262 eor-at.

241 365 306 426 95⁸.
322 410 328 422 .
346 409 354 424 .
372 371 376 434 Ι
396 361 431 422 ¹si
452 367 559 430 debitor
579 367 698 423 mulieris
713 369 791 423 iussu
806 369 879 438 eius,
902 367 966 422 dum
989 370 1070 424 modo
1086 374 1217 442 anctore

243 459 337 510 tutore
354 451 443 508 eidem
460 454 464 518 Ι
482 451 539 507 doti
555 451 626 508 dieat
642 452 715 526 quoti
730 451 819 508 debet.
849 451 916 507 alius
933 460 1023 507 autem
1039 451 1160 526 obligari
1174 469 1207 510 eo

241 539 321 594 modo
339 541 343 604 Ι
360 553 414 592 non
430 544 531 610 potest.
557 539 560 604 Ι
585 546 612 592 et
627 536 688 592 ideo
705 539 727 592 si
743 537 890 610 quisalius
909 553 966 608 pro
981 539 1100 593 muliere
1115 539 1207 594 dotem

241 623 306 678 uiro
324 625 487 692 promittat,
512 622 658 681 eomtntuni
678 622 737 677 iure
759 621 878 694 obligari
898 623 1022 692 debebit,
1050 623 1158 678 seilicet
1177 629 1208 678 at

241 712 309 762 unte
324 707 479 777 stipuletur
493 705 632 773 nutritus.
675 700 727 765 96.
747 699 835 762 ²Item
853 722 908 761 uno
929 706 1062 780 loquente
1081 713 1109 762 et
1123 709 1207 772 sinai

241 793 466 863 interropatione
487 793 539 847 atii
555 793 738 862 promittente
758 791 941 846 contrahitur
961 793 1110 864 oblipatio,
1132 794 1159 847 st
1174 793 1207 847 li·

241 865 340 930 bertus
353 881 478 945 patrono
490 881 540 931 aut
552 877 656 930 donum
667 882 717 930 ant
728 890 833 931 manns
844 882 895 931 aut
907 891 1014 946 operas
1025 891 1056 932 se
1071 877 1207 932 datarum

241 973 304 1014 esse
324 963 449 1030 iurauit,
474 967 501 1015 et
518 964 522 1029 Ι
539 961 562 1014 si
577 959 642 1014 haee
663 958 718 1014 sola
735 975 813 1014 eausa
830 967 888 1028 est,
911 976 943 1014 ex
965 975 1017 1032 qua
1032 959 1205 1015 iureiurando

242 1043 413 1099 contrahitur
428 1047 433 1111 i
451 1042 592 1117 obligatio.
628 1059 694 1099 sane
716 1059 746 1098 ex
768 1043 817 1098 alia
838 1043 911 1098 nulla
932 1061 1012 1099 eausa
1033 1043 1205 1100 iureiurando

174 1123 232 1178 154.
243 1127 364 1184 homines
381 1120 386 1206 Ι
404 1127 576 1201 obligantur,
598 1129 693 1200 utique
709 1143 769 1184 eum
790 1128 936 1201 quaeritur
951 1128 984 1184 de
1000 1129 1058 1182 iure
1073 1128 1206 1183 Romano·

176 1192 193 1229 ⁶·
208 1201 226 1232 ⁵¹
240 1228 310 1268 rum.
332 1229 394 1268 nam
406 1215 480 1285 apud
489 1213 650 1286 peregrinos
663 1211 727 1284 quid
739 1213 806 1268 iuris
817 1214 863 1284 sit,
874 1213 1042 1285 singularum
1056 1213 1203 1268 ciuitatium
1216 1228 1273 1280 [iso]

242 1296 300 1351 iura
316 1298 487 1370 requirentes
504 1296 575 1352 aliud
591 1295 753 1370 intellegere
768 1289 946 1370 poterimus.³

304 1375 352 1436 97.
376 1379 403 1436 Si
418 1381 456 1451 id,
472 1380 545 1453 quod
560 1380 617 1436 dari
633 1381 805 1454 stipulamur,
823 1380 875 1438 tale
891 1383 936 1454 sit,
953 1389 983 1436 ut
999 1381 1056 1436 dari
1071 1398 1129 1452 non
1141 1397 1206 1454 pos-

241 1463 292 1534 sit,
315 1464 419 1520 inutilis
443 1472 485 1520 est
507 1463 661 1538 stipulatio,
691 1465 769 1520 uelut
791 1467 814 1520 si
837 1467 898 1538 quis
921 1466 1057 1520 hominem
1079 1465 1205 1539 liberum,

240 1615 324 1664 dotem
341 1616 450 1666 dixerit.
487 1615 546 1665 Hae
565 1623 663 1666 tuntum
681 1624 735 1666 tres
753 1631 884 1680 personae
903 1619 976 1666 nulla
997 1619 1206 1682 in‘erropatione

236 1687 411 1748 praecedente
426 1694 537 1750 possunt
551 1687 665 1738 dictione
683 1688 753 1738 dotis
771 1689 882 1752 tepitime
903 1687 1023 1754 obliyuri.
1052 1686 1130 1738 Aliae
1144 1704 1205 1739 uero

236 1772 366 1820 personae
384 1759 409 1806 si
422 1773 475 1821 pro
495 1760 601 1807 muti-ere
620 1759 704 1808 dotem
716 1759 779 1808 uiro
795 1759 978 1821 promiserint,
1003 1761 1129 1808 communi
1148 1761 1206 1808 iure

240 1827 354 1893 obtipari
367 1828 467 1888 dehent,
482 1830 511 1878 id
524 1836 570 1887 est,
585 1835 613 1878 ut
627 1837 652 1878 et
666 1827 866 1894 interropata(e)
881 1831 1068 1894 respondeant,
1086 1838 1111 1880 et
1123 1832 1205 1894 stipu-

239 1900 296 1948 lata
305 1901 467 1962 promittunt.
492 1902 515 1962 ἓ.
526 1912 547 1950 4.
562 1899 626 1949 Item
640 1907 665 1949 et
678 1901 731 1950 alto
742 1915 814 1958 casn,
829 1915 880 1950 nno
895 1903 1012 1966 loquente
1024 1901 1114 1950 etsine
1124 1903 1204 1950 inter-

239 1972 376 2034 ropatione
390 1972 439 2020 alii
448 1973 614 2035 promittente
629 1971 793 2021 contr-aititur
807 1971 940 2036 obligatio,
956 1973 985 2020 id
997 1979 1044 2032 est,
1058 1974 1083 2021 si
1097 1971 1206 2022 tibertus

236 2047 351 2104 patrono
366 2049 412 2091 aut
425 2043 519 2093 donum
529 2050 575 2092 aut
584 2057 675 2092 munus
688 2048 734 2092 ont
747 2057 842 2105 operas
855 2057 882 2092 se
893 2043 1014 2092 daturum
1024 2058 1079 2093 esse
1094 2045 1206 2094 iuravit:

240 2113 267 2160 in
282 2128 332 2176 qua
347 2129 376 2162 re
390 2115 539 2176 supradicti
557 2113 645 2162 liberti
658 2129 709 2163 non
729 2120 780 2162 tam
796 2112 932 2164 verborum
946 2115 1111 2174 solennitate,
1130 2131 1206 2178 qnam

240 2185 417 2233 iurisiurandi
434 2187 563 2250 ¹relipione
581 2186 735 2233 retinentur.
768 2183 824 2233 Sed.
835 2187 907 2248 nulia
926 2187 1011 2234 altera
1026 2201 1143 2248 persono
1157 2186 1206 2235 tiae

240 2254 333 2303 ordine
347 2253 461 2320 obtipari
470 2251 575 2319 potest.’
610 2254 743 2304 iirntutur
756 2255 805 2304 hoe
819 2257 930 2320 sinentis
944 2256 1037 2315 uerbis,
1053 2271 1118 2320 qnae
1132 2255 1205 2305 Stdo

240 2327 267 2373 t'n
281 2325 331 2375 itae
341 2341 370 2388 p.
386 2329 471 2390 tepere
486 2327 574 2383 licuit;
589 2342 647 2376 nam
662 2328 713 2376 iam
728 2341 751 2375 o.
766 2337 786 2376 2.
801 2326 858 2390 fere
872 2334 982 2376 eaeeunte
996 2325 1121 2390 (perinde
1136 2335 1164 2376 ut
1178 2329 1204 2376 in

238 2396 300 2457 epit.
311 2405 332 2456 2,
342 2407 387 2456 e,e
402 2394 489 2462 initio)
503 2399 629 2460 apparuit
643 2434 649 2446 .
665 2435 671 2446 .
688 2434 694 2446 .
709 2395 780 2462 s(nnt
794 2411 857 2447 uero
872 2399 948 2446 etiam
962 2396 1036 2464 a)liae
1049 2398 1205 2459 obligationes

240 2503 247 2516 .
263 2501 269 2513 .
285 2501 291 2513 .
307 2465 401 2515 deinde
411 2481 433 2514 o.
445 2478 457 2517 ‘t
466 2467 569 2516 videtur
578 2469 704 2532 seriptum
715 2468 800 2530 fuisse
815 2505 821 2518 .
838 2505 843 2516 .
859 2466 935 2534 (alio)
950 2469 1014 2518 nullo
1029 2470 1065 2518 sio
1079 2468 1204 2531 obligando

242 2573 247 2584 .
264 2572 269 2584 .
287 2571 292 2584 .
307 2543 333 2584 et
346 2537 382 2585 od
395 2551 451 2595 res,
471 2553 536 2601 quae
553 2539 608 2589 doti
622 2539 677 2591 diei
686 2546 823 2602 poterant,
840 2541 1000 2602 pertinuisse
1014 2556 1037 2589 v.
1052 2551 1085 2591 to.
1097 2577 1103 2588 .
1115 2577 1120 2590 .
1133 2577 1139 2589 .
1150 2554 1205 2590 eor·

240 2606 308 2670 porei
328 2644 334 2658 .
354 2642 361 2655 .
381 2643 387 2656 .
427 2607 559 2658 Personas
577 2625 638 2660 aero
657 2610 726 2660 dotis
749 2610 863 2660 dictione
881 2610 1035 2676 oblipandus
1053 2609 1205 2673 spectabant

240 2693 306 2742 quae
320 2685 464 2742 sequuntur
478 2696 500 2728 u.
515 2692 615 2732 14—192
633 2696 699 2745 quoe
713 2681 848 2744 Epitomoe
862 2696 910 2744 ope
924 2683 960 2730 ad
971 2695 1072 2730 sensam
1085 2681 1203 2741 suppleta

239 2750 263 2810 ἐ.
278 2751 327 2800 95⁸.
342 2751 369 2797 in
385 2757 532 2800 contemtum
545 2753 664 2816 recipere
679 2767 759 2801 ausas
772 2767 835 2801 sum.
897 2749 917 2814 ¹)
932 2751 964 2800 In
977 2751 1026 2799 itae
1041 2751 1064 2811 ξ.
1075 2751 1154 2812 prius
1167 2749 1204 2798 ad

245 2817 273 2867 V
273 2814 294 2850 ‘i
312 2821 445 2870 tectionem
460 2823 523 2870 mire
543 2823 671 2872 diversum
685 2824 807 2872 restituta
822 2839 890 2872 nana
909 2837 974 2886 qnae
988 2822 1149 2871 coniecerant
1162 2834 1203 2868 se-

239 2890 352 2940 eundum
364 2889 455 2955 Suppl.
470 2891 508 2942 St.
519 2909 547 2956 p.
563 2893 620 2942 XX
624 2892 685 2942 XII
690 2895 767 2943 multo
777 2895 866 2956 aptius
875 2893 1024 2956 reformari.
1080 2886 1102 2956 ²)
1116 2889 1204 2940 Etiam

239 2961 313 3019 laea,
327 2977 392 3025 quae
407 2970 469 3025 post
480 2965 593 3026 spatium
606 2980 716 3014 vaenum
731 2966 758 3014 in
778 2965 804 3013 V
806 2961 826 2997 st
839 2971 991 3029 sequnntur,
1006 2971 1057 3014 tom
1067 2978 1163 3026 parant
1176 2963 1204 3012 in

240 3031 361 3094 Epitama
379 3041 476 3083 mutata
494 3049 550 3084 esse
568 3042 691 3098 apparet,
711 3043 739 3085 ut
756 3038 853 3086 collata
871 3051 903 3085 ea
922 3051 978 3086 oum
1002 3034 1029 3084 V
1030 3029 1050 3066 st
1068 3041 1093 3084 et
1113 3032 1204 3097 Snppt.

239 3101 277 3151 St.
293 3109 372 3153 totam
386 3105 409 3166 ξ.
425 3105 461 3154 ad
478 3120 578 3155 sensam
597 3107 704 3169 relicere
723 3108 837 3158 tinuerit.
868 3107 936 3158 Puto
955 3114 1038 3156 tamen
1054 3121 1106 3169 pro
1119 3107 1205 3168 spatio

239 3179 265 3222 et
278 3189 313 3222 ea:
326 3181 407 3224 mente
425 3174 485 3224 Gaii
504 3184 563 3226 ante
584 3173 693 3226 ‘iurauit’
715 3178 861 3227 addendum
880 3192 935 3227 esse
951 3175 1087 3240 ‘conceptis
1102 3171 1205 3226 uerbis’.

242 3239 264 3312 8)
283 3244 372 3296 Sidus
391 3247 507 3306 adnotat,
526 3249 553 3296 in
573 3247 600 3296 V
601 3243 622 3279 ⁸²
635 3256 697 3312 post
713 3249 845 3312 poterimus
864 3250 982 3299 incertas
1002 3249 1076 3312 sequi
1094 3246 1205 3304 umbras,

240 3332 306 3380 qaae
320 3320 389 3366 uelut
402 3318 439 3367 ad
452 3317 476 3366 in
491 3318 544 3368 aliis
558 3319 638 3367 ualere
654 3322 787 3370 tectionem
807 3321 936 3384 quadrent
950 3319 997 3368 sed
1007 3320 1123 3382 sortasse
1138 3324 1206 3368 totae

237 3387 327 3452 fallax
341 3391 440 3452 species
454 3391 513 3439 sint.
546 3389 647 3439 Deinde
661 3393 778 3456 sequitur
794 3393 862 3440 linea
877 3407 968 3440 oaeaa.

311 3509 336 3580 ξ.
353 3516 394 3564 97.
417 3513 455 3575 Cf.
470 3514 502 3563 L.
518 3525 538 3563 1.
554 3515 577 3576 §-
593 3527 613 3566 s.
633 3515 665 3563 a.
676 3515 708 3564 de
722 3515 770 3565 obt.
786 3522 811 3565 et
825 3521 875 3565 act.
887 3517 932 3580 (aa,
943 3512 975 3580 r).
996 3513 1067 3577 Eptt.
1078 3525 1099 3576 s,
1113 3525 1134 3564 s.
1149 3513 1173 3574 §-
1185 3523 1206 3563 s.

239 3583 280 3643 ἐξ.
296 3595 316 3633 1.
332 3595 352 3634 r.
371 3583 394 3634 Ι.
410 3585 442 3634 de
457 3586 520 3634 inat.
535 3587 594 3648 stip.
611 3585 642 3651 (e,
657 3583 701 3650 19).
