2684 4112
403 221 529 260 voavatvs
547 223 694 262 mcum
713 213 826 262 ali—46.
1021 209 1085 272 417

136 355 250 428 septima
264 352 366 410 decima
380 351 475 410 deludo
490 353 628 410 interiecta
640 355 746 410 nomine
757 363 875 428 notaque
886 363 969 412 caret.
991 365 1087 414 octaua

136 438 239 498 decima
260 436 404 499 uocabitur
430 439 565 494 semuncia
587 437 705 493 sextula:
733 453 792 493 nam
819 437 869 494 lnae
891 438 981 496 decies
1002 441 1086 498 octies

136 522 233 579 ductae
248 537 335 580 assem
350 518 481 578 eliciunt.
522 518 573 579 ta.
596 519 661 576 Post
681 521 728 576 has
749 521 891 578 interiores
912 531 1019 596 partes,
1042 539 1087 580 ex·

138 614 215 680 cepta
240 607 391 675 semuncia,
420 604 523 660 duabus
544 604 671 674 sextulis,
693 604 809 670 sicilico,
835 606 955 677 sextula,
980 607 1086 664 dlmidla

137 688 253 762 sextula,
268 688 412 762 scriptule,
427 703 515 762 nequa
531 687 660 744 uocabula
670 691 778 762 propria
790 705 879 763 neque
889 698 967 746 notas
979 691 1087 748 habent.
1166 727 1169 732 ·

137 769 186 832 48.
210 772 371 843 Centesima,
386 787 455 846 quae
469 771 612 829 ’commodi
627 783 673 829 aut
685 789 825 828 usurarum
837 768 965 830 nomine¹
982 775 1014 830 ad
1029 791 1088 832 sor·

138 866 192 916 tem
208 857 403 932 applicaretur,
417 855 487 912 ’cum
503 855 521 910 C
537 865 643 912 centum
660 851 853 928 significaret,²
872 857 987 928 siclllcc,
1004 858 1030 915 id
1047 867 1088 915 est

137 939 157 997 C
173 955 269 998 auerso
284 931 427 1014 ὀο(ερι”ι)8
449 940 555 1010 notari,
578 939 650 1013 quod
672 939 882 996 connectebatur
896 940 928 996 ad
944 957 1000 996 eam
1016 957 1088 999 sunt·

129 1040 223 1097 mam,
245 1026 321 1082 cuius
342 1025 487 1080 centesima
510 1023 599 1079 lutura
621 1031 691 1088 erat,
715 1031 743 1079 et
762 1025 820 1080 slue
841 1039 893 1081 una
913 1033 1087 1096 conuenerat,

138 1125 209 1165 unus
223 1107 353 1180 sicilicus,
368 1109 426 1164 siue
441 1107 544 1182 plures,
561 1115 602 1162 tot
616 1100 727 1163 sicilicl⁴
742 1107 921 1182 ponebantur.

201 1187 250 1248 44.
274 1191 349 1248 Sicut
364 1199 451 1247 autem
467 1192 533 1246 assis
549 1190 692 1264 appellatio
704 1189 735 1248 ad
748 1207 837 1248 rerum
853 1191 1000 1248 solidarum
1010 1193 1088 1248 herc·

134 1275 285 1350 ditatisque
302 1276 401 1345 totius,
425 1273 522 1330 diuislo
544 1283 633 1331 autem
653 1276 710 1330 elus
731 1275 763 1330 ad
785 1277 900 1349 partium
920 1274 1087 1332 demonstra·

139 1361 241 1415 tionem
262 1360 392 1432 pertinet.
413 1359 449 1413 ita
471 1360 549 1414 etlam
570 1357 602 1412 ad
617 1359 756 1432 pecuniam
778 1367 942 1416 numeratam
958 1359 1086 1432 rolertur,

140 1457 210 1515 quae
225 1441 288 1498 clim
302 1443 329 1498 ln
344 1457 405 1498 aere
420 1450 492 1506 crat,
515 1449 608 1515 postea
623 1449 650 1497 et
665 1443 692 1497 in
707 1451 820 1516 argento
841 1441 914 1498 lerini
935 1445 1025 1518 coepit
1039 1445 1086 1515 lta,

141 1533 172 1582 ut
187 1526 274 1582 omnis
288 1542 412 1582 nummus
426 1533 572 1599 argenteus
592 1541 625 1582 aa
645 1541 757 1582 numero
778 1528 848 1582 aeris
862 1533 1026 1600 potestatem
1042 1527 1088 1584 lna·

139 1608 223 1666 beret.
261 1607 308 1670 dd.
329 1608 366 1666 Ec
381 1611 408 1666 in
431 1625 542 1666 numero
558 1619 621 1665 sunt
641 1609 668 1664 hi
685 1611 806 1684 argentei
822 1612 937 1668 nummi:
953 1611 1087 1684 denarius,

139 1695 216 1751 cuius
231 1701 272 1750 est
287 1701 350 1750 nota
361 1688 397 1765 ll,
414 1694 563 1767 quinarius,
578 1695 654 1748 cuius
670 1701 711 1748 est
724 1702 788 1750 ncta
799 1692 830 1766 V,
846 1697 999 1765 sestertius,
1012 1697 1087 1751 cuius

138 1784 203 1834 nota
218 1785 260 1833 est
276 1777 326 1837 llS.
364 1775 525 1833 victoriatus
542 1778 626 1846 onim,
642 1771 742 1849 ’(ᾳιιι·)5
757 1793 828 1833 nunc
843 1777 1000 1833 tantundem
1016 1779 1087 1835 ualet

139 1870 269 1936 quantum
284 1862 436 1934 quinarius,
462 1861 524 1916 olim
548 1868 577 1916 ut
591 1863 750 1934 peregrinus
765 1877 889 1916 nummus
905 1861 966 1917 loco
982 1864 1087 1934 mercis,

139 1952 171 2000 ut
185 1961 257 2002 nunc
271 1944 498 2001 tetradrachmum
514 1950 542 2000 ct
554 1943 689 2014 drachma,
702 1943 857 2000 habebatur.
896 1939 944 2001 to.
962 1944 1088 2002 {lanarius

139 2029 226 2102 primo
242 2044 314 2086 asses
337 2027 429 2084 decem
452 2027 567 2100 ualebat,
592 2027 662 2083 unde
677 2036 705 2082 et
720 2044 818 2083 nomen
834 2029 929 2098 tranit;
952 2029 1088 2102 quinarius

140 2111 278 2170 dimidium
299 2114 368 2183 cius,
390 2111 416 2168 id
432 2121 473 2168 est
489 2113 608 2186 quinque
623 2127 708 2184 asses,
730 2111 842 2167 undeet
857 2113 914 2186 ipse
929 2107 1089 2182 ’uocatus;⁶

68 2209 129 2260 [atu]
139 2199 280 2256 sestertius
303 2196 372 2252 duos
394 2212 467 2251 asses
489 2204 516 2251 et
538 2195 685 2266 semissem,
708 2197 784 2269 quasi
805 2197 886 2251 semis
908 2197 1015 2268 tertius,
1037 2191 1087 2271 (ut)

140 2281 239 2338 Graeca
255 2279 340 2354 ligura
355 2271 481 2354 ἕβδομον
495 2271 693 2352 ἡμιτάλαντον
709 2276 783 2349 (nam
799 2295 845 2335 ser
861 2279 960 2335 talenta
976 2289 1004 2336 et
1019 2281 1090 2336 simi·

139 2365 271 2422 talentum
293 2380 326 2420 eo
349 2362 431 2422 uerbo
454 2357 620 2440 significant)
649 2356 754 2436 ’itanu'
782 2363 823 2418 let
846 2365 924 2418 ctiam
947 2362 1088 2421 duodecim

214 2501 235 2570 ¹)
249 2505 307 2556 Hoc
321 2512 359 2555 est
371 2511 417 2556 aut
426 2505 550 2556 commodi
563 2505 690 2555 creditori
704 2503 784 2554 ablati
798 2506 905 2563 nomine,
919 2507 944 2554 si
953 2513 1013 2569 post
1022 2521 1090 2556 men·

140 2590 193 2626 aem
215 2575 312 2624 demum
332 2579 486 2634 solveretur,
510 2583 555 2624 aut
577 2576 646 2640 qaod
663 2577 777 2638 maaria
800 2577 826 2623 in
849 2590 956 2625 mensem
979 2576 1091 2627 debitori

142 2645 239 2695 alenda
253 2645 314 2694 data
327 2654 391 2696 erat.
421 2646 460 2710 Os.
476 2646 508 2695 L.
523 2656 543 2696 a.
560 2647 582 2708 5.
598 2656 618 2696 5.
647 2645 679 2694 D.
693 2646 725 2695 de
739 2645 804 2694 adm.
819 2660 872 2694 rer.
887 2647 923 2696 ad
936 2648 984 2696 ct’v.
999 2645 1044 2711 (no,
1058 2646 1089 2712 8).

143 2711 165 2782 ¹)
184 2715 293 2781 Uterque
306 2717 390 2768 coclear
403 2723 428 2766 et
441 2715 499 2766 edd.
513 2717 577 2766 daec
591 2716 669 2765 verda
682 2715 775 2765 hadent
789 2717 857 2764 inter
875 2715 938 2780 quod
952 2724 977 2765 et
991 2722 1090 2766 conuer-

96 2821 98 2826 -
137 2787 241 2852 ,tebatnn
264 2785 318 2838 Sea
330 2793 448 2851 apparel,
462 2801 493 2836 ea
507 2787 655 2850 aliquando,
666 2801 722 2835 cam
733 2786 868 2849 applicaret'
882 2788 1007 2850 scriptam
1017 2794 1090 2849 esset,

139 2865 168 2908 att
185 2859 304 2908 similiter
322 2858 467 2908 desinentia
485 2859 589 2915 omissa,
610 2857 704 2906 deinde
722 2858 748 2906 ia
763 2857 877 2921 marpissa
895 2859 1026 2920 suppleta,
1042 2873 1091 2921 pa·
1167 2901 1174 2911 ,

138 2936 233 2979 stremo
247 2929 333 2978 alieno
347 2930 403 2979 loco
417 2929 537 2978 restituta
551 2941 614 2977 esse.
665 2924 686 2992 8)
700 2941 785 2976 auerso
799 2941 827 2974 eo
842 2926 873 2974 P.
893 2926 924 2976 V.
938 2927 996 2977 edd.
1011 2943 1040 2976 eo
1053 2943 1089 2978 aa.

136 3013 189 3063 pro
203 3013 232 3048 cc
246 3000 379 3062 scriptam,
389 3005 530 3062 posteaque
544 2999 593 3062 epit
604 3005 715 3047 accensa
726 3012 819 3048 carena
828 2999 953 3047 ammaum.
976 2998 1089 3048 Momms.

136 3075 198 3134 poet
212 3069 371 3133 applicaretur
379 3071 505 3134 supplevit
516 3065 620 3136 [solebat
630 3065 707 3135 clim].
731 3067 784 3117 Sed
791 3067 834 3116 llic
844 3083 896 3118 mos
905 3069 960 3118 aine
971 3068 1057 3127 dudio,
1067 3069 1091 3118 si

139 3139 214 3190 dinae
228 3141 379 3189 centesimae
392 3141 535 3202 exceperis,
549 3140 625 3188 etiam
636 3147 726 3202 postea
740 3139 852 3188 duravit.
903 3135 924 3204 ⁴)
944 3139 1090 3198 Videamus,

140 3224 172 3260 ae
186 3210 229 3260 lic
238 3216 350 3273 propter
364 3225 503 3260 recurrens
518 3210 584 3258 idem
598 3209 700 3260 verbam
713 3209 857 3265 caeciderit:
875 3210 925 3258 sive
939 3223 996 3272 pars
1010 3217 1090 3258 conte·

139 3281 227 3342 siurac,
248 3281 300 3328 eius
318 3281 394 3344 partis
413 3287 468 3329 ncta
487 3280 593 3330 sublecta
614 3281 714 3329 sicilico.
779 3277 800 3345 ο)
813 3277 950 3342 Suppleair
968 3279 1002 3342 cf.
1018 3281 1041 3340 g.
1055 3291 1090 3329 tt.

141 3347 276 3416 ⁶)nocatur
292 3350 322 3400 P.
342 3350 373 3400 V.
389 3351 447 3402 edd.
513 3347 533 3416 ⁷)
548 3357 611 3400 utet
624 3358 672 3400 tum
686 3352 817 3414 supplevi:
834 3365 870 3399 aa.
885 3350 934 3399 linc
947 3355 1060 3398 notatam
1074 3355 1091 3399 t.

140 3435 200 3471 maa:
214 3422 332 3470 interiit:
345 3422 405 3471 inde
419 3422 495 3470 etiam
509 3429 533 3470 ut
547 3423 664 3471 omissam
678 3428 723 3470 est.
758 3420 884 3470 Graecum
902 3421 1043 3482 exemplam
1057 3433 1092 3466 em

140 3489 274 3542 Herodoto
294 3499 419 3555 sumptam
439 3506 507 3551 esse,
533 3491 657 3556 Didymus
682 3492 753 3555 apud
776 3491 907 3540 Priscimt.
932 3489 964 3538 de
980 3488 1092 3552 ponder.

137 3576 165 3624 p.
181 3572 233 3612 1att
250 3560 353 3612 Puteal.
369 3563 451 3624 docet,
466 3577 537 3626 qaam
552 3562 704 3612 Maecianus
718 3561 819 3610 uidetur
833 3567 935 3611 secutas
948 3573 1010 3610 asse.

193 3657 295 3689 aversan.
310 3657 390 3689 asnar.
405 3659 458 3706 nnn.
476 3659 514 3692 nn.
538 3658 561 3693 v.
843 3647 876 3698 27
