<?xml version="1.0" encoding="UTF-8"?>
<!DOCTYPE html PUBLIC "-//W3C//DTD XHTML 1.0 Transitional//EN"
    "http://www.w3.org/TR/xhtml1/DTD/xhtml1-transitional.dtd">
<html xmlns="http://www.w3.org/1999/xhtml" xml:lang="en" lang="en">
 <head>
  <title>
</title>
<meta http-equiv="Content-Type" content="text/html;charset=utf-8" />
  <meta name='ocr-system' content='tesseract 3.04.00' />
  <meta name='ocr-capabilities' content='ocr_page ocr_carea ocr_par ocr_line ocrx_word'/>
</head>
<body>
  <div class='ocr_page' id='page_1' title='image "./ivrisprvdentiae00huscgoog_0015.png"; bbox 0 0 2672 4112; ppageno 0'>
   <div class='ocr_carea' id='block_1_1' title="bbox 504 273 1084 322">
    <p class='ocr_par' dir='ltr' id='par_1_1' title="bbox 504 273 1084 322">
     <span class='ocr_line' id='line_1_1' title="bbox 504 273 1084 322; baseline 0.002 -4"><span class='ocrx_word' id='word_1_1' title='bbox 504 273 710 322; x_wconf 81' lang='lat' dir='ltr'><strong>PRAEFATIO.</strong></span> <span class='ocrx_word' id='word_1_2' title='bbox 1045 273 1084 320; x_wconf 82' lang='lat' dir='ltr'><strong>XI</strong></span> 
     </span>
    </p>
   </div>
   <div class='ocr_carea' id='block_1_2' title="bbox 128 421 1084 673">
    <p class='ocr_par' dir='ltr' id='par_1_2' title="bbox 128 421 1084 673">
     <span class='ocr_line' id='line_1_2' title="bbox 129 421 1082 520; baseline 0.001 -35"><span class='ocrx_word' id='word_1_3' title='bbox 129 422 281 506; x_wconf 86' lang='lat' dir='ltr'><strong>exemplo,</strong></span> <span class='ocrx_word' id='word_1_4' title='bbox 305 421 425 486; x_wconf 80' lang='lat' dir='ltr'><strong>deinde¹</strong></span> <span class='ocrx_word' id='word_1_5' title='bbox 442 425 537 488; x_wconf 88' lang='lat' dir='ltr'><strong>etiam</strong></span> <span class='ocrx_word' id='word_1_6' title='bbox 559 425 690 507; x_wconf 89' lang='lat' dir='ltr'><strong>optima,</strong></span> <span class='ocrx_word' id='word_1_7' title='bbox 712 426 851 520; x_wconf 79' lang='lat' dir='ltr'><strong>utputo,</strong></span> <span class='ocrx_word' id='word_1_8' title='bbox 872 423 996 486; x_wconf 90' lang='lat' dir='ltr'><strong>ratione</strong></span> <span class='ocrx_word' id='word_1_9' title='bbox 1010 421 1082 520; x_wconf 80' lang='lat' dir='ltr'><strong>feei.</strong></span> 
     </span>
     <span class='ocr_line' id='line_1_3' title="bbox 128 505 1083 605; baseline 0 -35"><span class='ocrx_word' id='word_1_10' title='bbox 128 505 211 603; x_wconf 78' lang='lat' dir='ltr'><strong>Nam</strong></span> <span class='ocrx_word' id='word_1_11' title='bbox 240 505 324 602; x_wconf 79' lang='lat' dir='ltr'><strong>quod</strong></span> <span class='ocrx_word' id='word_1_12' title='bbox 355 505 394 570; x_wconf 93' lang='lat' dir='ltr'><strong>de</strong></span> <span class='ocrx_word' id='word_1_13' title='bbox 418 509 575 590; x_wconf 72' lang='lat' dir='ltr'><strong>corruptis</strong></span> <span class='ocrx_word' id='word_1_14' title='bbox 589 509 674 605; x_wconf 33' lang='lat' dir='ltr'><strong>,loeis</strong></span> <span class='ocrx_word' id='word_1_15' title='bbox 697 508 777 590; x_wconf 85' lang='lat' dir='ltr'><strong>dnn,</strong></span> <span class='ocrx_word' id='word_1_16' title='bbox 804 506 837 570; x_wconf 92' lang='lat' dir='ltr'><strong>1d</strong></span> <span class='ocrx_word' id='word_1_17' title='bbox 859 506 958 571; x_wconf 91' lang='lat' dir='ltr'><strong>multo</strong></span> <span class='ocrx_word' id='word_1_18' title='bbox 980 527 1083 603; x_wconf 81' lang='lat' dir='ltr'><strong>magis</strong></span> 
     </span>
     <span class='ocr_line' id='line_1_4' title="bbox 129 589 1084 673; baseline 0.004 -21"><span class='ocrx_word' id='word_1_19' title='bbox 129 589 214 653; x_wconf 81' lang='lat' dir='ltr'><strong>cadit</strong></span> <span class='ocrx_word' id='word_1_20' title='bbox 242 611 276 653; x_wconf 93' lang='lat' dir='ltr'><strong>1n</strong></span> <span class='ocrx_word' id='word_1_21' title='bbox 305 591 458 673; x_wconf 89' lang='lat' dir='ltr'><strong>abruptos</strong></span> <span class='ocrx_word' id='word_1_22' title='bbox 486 593 536 655; x_wconf 88' lang='lat' dir='ltr'><strong>vel</strong></span> <span class='ocrx_word' id='word_1_23' title='bbox 563 591 703 656; x_wconf 85' lang='lat' dir='ltr'><strong>hratrbus</strong></span> <span class='ocrx_word' id='word_1_24' title='bbox 733 590 906 672; x_wconf 82' lang='lat' dir='ltr'>deformes,</span> <span class='ocrx_word' id='word_1_25' title='bbox 936 611 991 673; x_wconf 87' lang='lat' dir='ltr'><strong>qur</strong></span> <span class='ocrx_word' id='word_1_26' title='bbox 1018 611 1084 656; x_wconf 90' lang='lat' dir='ltr'><strong>non</strong></span> 
     </span>
    </p>
   </div>
   <div class='ocr_carea' id='block_1_3' title="bbox 128 674 1191 757">
    <p class='ocr_par' dir='ltr' id='par_1_3' title="bbox 128 674 1191 757">
     <span class='ocr_line' id='line_1_5' title="bbox 128 674 1191 757; baseline -0.002 -21"><span class='ocrx_word' id='word_1_27' title='bbox 128 674 248 737; x_wconf 89' lang='lat' dir='ltr'><strong>tirones</strong></span> <span class='ocrx_word' id='word_1_28' title='bbox 270 677 398 738; x_wconf 87' lang='lat' dir='ltr'><strong>tantum</strong></span> <span class='ocrx_word' id='word_1_29' title='bbox 413 675 459 741; x_wconf 88' lang='lat' dir='ltr'><strong>ita</strong></span> <span class='ocrx_word' id='word_1_30' title='bbox 475 675 579 739; x_wconf 86' lang='lat' dir='ltr'><strong>solent</strong></span> <span class='ocrx_word' id='word_1_31' title='bbox 593 676 761 757; x_wconf 76' lang='lat' dir='ltr'><strong>deterrere,</strong></span> <span class='ocrx_word' id='word_1_32' title='bbox 784 678 819 738; x_wconf 90' lang='lat' dir='ltr'><strong>ut</strong></span> <span class='ocrx_word' id='word_1_33' title='bbox 834 694 936 757; x_wconf 87' lang='lat' dir='ltr'><strong>paene</strong></span> <span class='ocrx_word' id='word_1_34' title='bbox 953 674 1084 738; x_wconf 91' lang='lat' dir='ltr'><strong>omnino</strong></span> <span class='ocrx_word' id='word_1_35' title='bbox 1184 724 1191 734; x_wconf 95' lang='lat'><em>.</em></span> 
     </span>
    </p>
   </div>
   <div class='ocr_carea' id='block_1_4' title="bbox 38 757 1085 3599">
    <p class='ocr_par' dir='ltr' id='par_1_4' title="bbox 38 757 1085 2847">
     <span class='ocr_line' id='line_1_6' title="bbox 128 757 1084 842; baseline 0.001 -22"><span class='ocrx_word' id='word_1_36' title='bbox 128 757 342 841; x_wconf 69' lang='lat' dir='ltr'>neglegantur</span> <span class='ocrx_word' id='word_1_37' title='bbox 363 758 588 842; x_wconf 78' lang='lat' dir='ltr'><strong>fastidiumque</strong></span> <span class='ocrx_word' id='word_1_38' title='bbox 611 759 737 824; x_wconf 89' lang='lat' dir='ltr'><strong>lectoris</strong></span> <span class='ocrx_word' id='word_1_39' title='bbox 760 779 854 841; x_wconf 85' lang='lat' dir='ltr'><strong>saepe</strong></span> <span class='ocrx_word' id='word_1_40' title='bbox 870 758 965 822; x_wconf 86' lang='lat' dir='ltr'><strong>etiam</strong></span> <span class='ocrx_word' id='word_1_41' title='bbox 979 757 1084 822; x_wconf 86' lang='lat' dir='ltr'><strong>vicina</strong></span> 
     </span>
     <span class='ocr_line' id='line_1_7' title="bbox 129 839 1083 926; baseline 0.001 -22"><span class='ocrx_word' id='word_1_42' title='bbox 129 841 301 925; x_wconf 82' lang='lat' dir='ltr'><strong>pertingat.</strong></span> <span class='ocrx_word' id='word_1_43' title='bbox 336 839 563 906; x_wconf 81' lang='lat' dir='ltr'><strong>Verumtamen</strong></span> <span class='ocrx_word' id='word_1_44' title='bbox 584 846 620 906; x_wconf 92' lang='lat' dir='ltr'><strong>ut</strong></span> <span class='ocrx_word' id='word_1_45' title='bbox 641 841 787 926; x_wconf 90' lang='lat' dir='ltr'><strong>suppleta</strong></span> <span class='ocrx_word' id='word_1_46' title='bbox 808 841 913 924; x_wconf 89' lang='lat' dir='ltr'><strong>aliquo</strong></span> <span class='ocrx_word' id='word_1_47' title='bbox 934 862 993 905; x_wconf 92' lang='lat' dir='ltr'><strong>usu</strong></span> <span class='ocrx_word' id='word_1_48' title='bbox 1016 862 1083 906; x_wconf 89' lang='lat' dir='ltr'><strong>esse</strong></span> 
     </span>
     <span class='ocr_line' id='line_1_8' title="bbox 129 925 1083 1010; baseline 0.001 -22"><span class='ocrx_word' id='word_1_49' title='bbox 129 925 267 1007; x_wconf 84' lang='lat' dir='ltr'><strong>possint,</strong></span> <span class='ocrx_word' id='word_1_50' title='bbox 296 925 360 989; x_wconf 90' lang='lat' dir='ltr'><strong>imo</strong></span> <span class='ocrx_word' id='word_1_51' title='bbox 383 946 424 989; x_wconf 91' lang='lat' dir='ltr'><strong>ne</strong></span> <span class='ocrx_word' id='word_1_52' title='bbox 446 948 498 990; x_wconf 90' lang='lat' dir='ltr'><strong>ma</strong></span> <span class='ocrx_word' id='word_1_53' title='bbox 523 927 549 990; x_wconf 88' lang='lat' dir='ltr'><strong>is</strong></span> <span class='ocrx_word' id='word_1_54' title='bbox 571 931 709 991; x_wconf 88' lang='lat' dir='ltr'><strong>noceant</strong></span> <span class='ocrx_word' id='word_1_55' title='bbox 730 945 825 1008; x_wconf 88' lang='lat' dir='ltr'><strong>quam</strong></span> <span class='ocrx_word' id='word_1_56' title='bbox 846 925 985 1010; x_wconf 82' lang='lat' dir='ltr'><strong>prosint,</strong></span> <span class='ocrx_word' id='word_1_57' title='bbox 1012 947 1083 1008; x_wconf 91' lang='lat' dir='ltr'><strong>sup-</strong></span> 
     </span>
     <span class='ocr_line' id='line_1_9' title="bbox 151 947 1083 1095; baseline 0.002 -25"><span class='ocrx_word' id='word_1_58' title='bbox 151 1007 291 1072; x_wconf 92' lang='lat' dir='ltr'><strong>lementa</strong></span> <span class='ocrx_word' id='word_1_59' title='bbox 319 1010 414 1073; x_wconf 89' lang='lat' dir='ltr'><strong>certis</strong></span> <span class='ocrx_word' id='word_1_60' title='bbox 444 947 567 1094; x_wconf 66' lang='lat' dir='ltr'><strong>legibus</strong></span> <span class='ocrx_word' id='word_1_61' title='bbox 594 1011 664 1095; x_wconf 85' lang='lat' dir='ltr'><strong>regi</strong></span> <span class='ocrx_word' id='word_1_62' title='bbox 686 1011 812 1092; x_wconf 89' lang='lat' dir='ltr'><strong>oportet</strong></span> <span class='ocrx_word' id='word_1_63' title='bbox 833 1029 884 1072; x_wconf 87' lang='lat' dir='ltr'><strong>eas</strong></span> <span class='ocrx_word' id='word_1_64' title='bbox 907 1029 946 1071; x_wconf 91' lang='lat' dir='ltr'><strong>ue</strong></span> <span class='ocrx_word' id='word_1_65' title='bbox 968 1008 1083 1092; x_wconf 90' lang='lat' dir='ltr'><strong>ubique</strong></span> 
     </span>
     <span class='ocr_line' id='line_1_10' title="bbox 128 1029 1080 1176; baseline 0 -20"><span class='ocrx_word' id='word_1_66' title='bbox 128 1031 223 1156; x_wconf 75' lang='lat' dir='ltr'><strong>besee</strong></span> <span class='ocrx_word' id='word_1_67' title='bbox 256 1093 434 1156; x_wconf 84' lang='lat' dir='ltr'><strong>observavi:</strong></span> <span class='ocrx_word' id='word_1_68' title='bbox 470 1095 607 1176; x_wconf 89' lang='lat' dir='ltr'><strong>primum</strong></span> <span class='ocrx_word' id='word_1_69' title='bbox 646 1097 682 1157; x_wconf 91' lang='lat' dir='ltr'><strong>ut</strong></span> <span class='ocrx_word' id='word_1_70' title='bbox 716 1092 859 1156; x_wconf 86' lang='lat' dir='ltr'><strong>modicus</strong></span> <span class='ocrx_word' id='word_1_71' title='bbox 886 1029 996 1155; x_wconf 66' lang='lat' dir='ltr'><strong>inatus</strong></span> <span class='ocrx_word' id='word_1_72' title='bbox 1030 1093 1080 1174; x_wconf 87' lang='lat' dir='ltr'><strong>sit,</strong></span> 
     </span>
     <span class='ocr_line' id='line_1_11' title="bbox 129 1175 1081 1260; baseline 0 -22"><span class='ocrx_word' id='word_1_73' title='bbox 129 1175 335 1258; x_wconf 90' lang='lat' dir='ltr'><strong>quamobrem</strong></span> <span class='ocrx_word' id='word_1_74' title='bbox 358 1177 497 1259; x_wconf 89' lang='lat' dir='ltr'><strong>plurium</strong></span> <span class='ocrx_word' id='word_1_75' title='bbox 519 1199 674 1259; x_wconf 86' lang='lat' dir='ltr'><strong>versuum,</strong></span> <span class='ocrx_word' id='word_1_76' title='bbox 697 1177 751 1260; x_wconf 91' lang='lat' dir='ltr'><strong>qui</strong></span> <span class='ocrx_word' id='word_1_77' title='bbox 770 1175 865 1258; x_wconf 91' lang='lat' dir='ltr'><strong>plane</strong></span> <span class='ocrx_word' id='word_1_78' title='bbox 880 1175 1081 1258; x_wconf 89' lang='lat' dir='ltr'><strong>interierunt,</strong></span> 
     </span>
     <span class='ocr_line' id='line_1_12' title="bbox 128 1257 1084 1343; baseline 0 -21"><span class='ocrx_word' id='word_1_79' title='bbox 128 1259 347 1324; x_wconf 83' lang='lat' dir='ltr'><strong>restitutiones</strong></span> <span class='ocrx_word' id='word_1_80' title='bbox 375 1261 559 1343; x_wconf 89' lang='lat' dir='ltr'><strong>plerumque</strong></span> <span class='ocrx_word' id='word_1_81' title='bbox 588 1262 622 1324; x_wconf 91' lang='lat' dir='ltr'><strong>in</strong></span> <span class='ocrx_word' id='word_1_82' title='bbox 650 1261 736 1324; x_wconf 86' lang='lat' dir='ltr'><strong>notis</strong></span> <span class='ocrx_word' id='word_1_83' title='bbox 762 1262 890 1324; x_wconf 88' lang='lat' dir='ltr'><strong>tantum</strong></span> <span class='ocrx_word' id='word_1_84' title='bbox 918 1257 1011 1322; x_wconf 89' lang='lat' dir='ltr'><strong>retuli</strong></span> <span class='ocrx_word' id='word_1_85' title='bbox 1034 1257 1084 1322; x_wconf 90' lang='lat' dir='ltr'><strong>de·</strong></span> 
     </span>
     <span class='ocr_line' id='line_1_13' title="bbox 129 1341 1084 1428; baseline 0 -22"><span class='ocrx_word' id='word_1_86' title='bbox 129 1343 331 1407; x_wconf 89' lang='lat' dir='ltr'><strong>monstrandi</strong></span> <span class='ocrx_word' id='word_1_87' title='bbox 357 1365 465 1426; x_wconf 88' lang='lat' dir='ltr'><strong>causa,</strong></span> <span class='ocrx_word' id='word_1_88' title='bbox 495 1344 650 1428; x_wconf 90' lang='lat' dir='ltr'><strong>quomodo</strong></span> <span class='ocrx_word' id='word_1_89' title='bbox 679 1365 731 1426; x_wconf 91' lang='lat' dir='ltr'><strong>ea,</strong></span> <span class='ocrx_word' id='word_1_90' title='bbox 759 1363 839 1426; x_wconf 91' lang='lat' dir='ltr'><strong>quae</strong></span> <span class='ocrx_word' id='word_1_91' title='bbox 866 1341 1016 1424; x_wconf 89' lang='lat' dir='ltr'><strong>deinceps</strong></span> <span class='ocrx_word' id='word_1_92' title='bbox 1042 1341 1084 1406; x_wconf 88' lang='lat' dir='ltr'><strong>le·</strong></span> 
     </span>
     <span class='ocr_line' id='line_1_14' title="bbox 133 1425 1084 1512; baseline 0.001 -24"><span class='ocrx_word' id='word_1_93' title='bbox 133 1429 266 1509; x_wconf 82' lang='lat' dir='ltr'><strong>gantur,-</strong></span> <span class='ocrx_word' id='word_1_94' title='bbox 289 1448 358 1490; x_wconf 90' lang='lat' dir='ltr'><strong>eum</strong></span> <span class='ocrx_word' id='word_1_95' title='bbox 378 1428 433 1511; x_wconf 86' lang='lat' dir='ltr'><strong>iis,</strong></span> <span class='ocrx_word' id='word_1_96' title='bbox 456 1449 537 1512; x_wconf 89' lang='lat' dir='ltr'><strong>quae</strong></span> <span class='ocrx_word' id='word_1_97' title='bbox 560 1427 767 1509; x_wconf 87' lang='lat' dir='ltr'><strong>antecedunt,</strong></span> <span class='ocrx_word' id='word_1_98' title='bbox 797 1447 835 1490; x_wconf 89' lang='lat' dir='ltr'><strong>ex</strong></span> <span class='ocrx_word' id='word_1_99' title='bbox 857 1428 964 1490; x_wconf 85' lang='lat' dir='ltr'><strong>mente</strong></span> <span class='ocrx_word' id='word_1_100' title='bbox 986 1425 1084 1510; x_wconf 91' lang='lat' dir='ltr'><strong>scrip·</strong></span> 
     </span>
     <span class='ocr_line' id='line_1_15' title="bbox 131 1509 1084 1594; baseline 0.002 -22"><span class='ocrx_word' id='word_1_101' title='bbox 131 1510 212 1572; x_wconf 89' lang='lat' dir='ltr'><strong>toris</strong></span> <span class='ocrx_word' id='word_1_102' title='bbox 231 1510 440 1592; x_wconf 82' lang='lat' dir='ltr'><strong>probabiliter</strong></span> <span class='ocrx_word' id='word_1_103' title='bbox 463 1511 631 1577; x_wconf 89' lang='lat' dir='ltr'><strong>coniuncta</strong></span> <span class='ocrx_word' id='word_1_104' title='bbox 650 1511 783 1576; x_wconf 85' lang='lat' dir='ltr'><strong>fuerint:</strong></span> <span class='ocrx_word' id='word_1_105' title='bbox 807 1510 920 1574; x_wconf 90' lang='lat' dir='ltr'><strong>deinde</strong></span> <span class='ocrx_word' id='word_1_106' title='bbox 934 1509 977 1592; x_wconf 89' lang='lat' dir='ltr'><strong>id,</strong></span> <span class='ocrx_word' id='word_1_107' title='bbox 1000 1509 1084 1594; x_wconf 91' lang='lat' dir='ltr'><strong>quod</strong></span> 
     </span>
     <span class='ocr_line' id='line_1_16' title="bbox 127 1593 1085 1678; baseline 0.003 -23"><span class='ocrx_word' id='word_1_108' title='bbox 127 1593 311 1676; x_wconf 82' lang='lat' dir='ltr'><strong>suppletur,</strong></span> <span class='ocrx_word' id='word_1_109' title='bbox 340 1598 376 1658; x_wconf 91' lang='lat' dir='ltr'><strong>ut</strong></span> <span class='ocrx_word' id='word_1_110' title='bbox 402 1595 507 1678; x_wconf 91' lang='lat' dir='ltr'><strong>spatio</strong></span> <span class='ocrx_word' id='word_1_111' title='bbox 533 1617 591 1678; x_wconf 89' lang='lat' dir='ltr'><strong>pro</strong></span> <span class='ocrx_word' id='word_1_112' title='bbox 619 1595 734 1660; x_wconf 88' lang='lat' dir='ltr'><strong>codicis</strong></span> <span class='ocrx_word' id='word_1_113' title='bbox 757 1594 906 1676; x_wconf 87' lang='lat' dir='ltr'><strong>cuiusque</strong></span> <span class='ocrx_word' id='word_1_114' title='bbox 928 1594 1085 1676; x_wconf 89' lang='lat' dir='ltr'><strong>scriptura</strong></span> 
     </span>
     <span class='ocr_line' id='line_1_17' title="bbox 127 1677 1083 1761; baseline 0 -21"><span class='ocrx_word' id='word_1_115' title='bbox 127 1677 310 1760; x_wconf 87' lang='lat' dir='ltr'><strong>conveniat,</strong></span> <span class='ocrx_word' id='word_1_116' title='bbox 333 1682 495 1761; x_wconf 89' lang='lat' dir='ltr'><strong>postremo</strong></span> <span class='ocrx_word' id='word_1_117' title='bbox 517 1684 554 1742; x_wconf 91' lang='lat' dir='ltr'><strong>ut</strong></span> <span class='ocrx_word' id='word_1_118' title='bbox 576 1681 642 1744; x_wconf 91' lang='lat' dir='ltr'><strong>eius</strong></span> <span class='ocrx_word' id='word_1_119' title='bbox 663 1679 726 1743; x_wconf 91' lang='lat' dir='ltr'><strong>loci</strong></span> <span class='ocrx_word' id='word_1_120' title='bbox 749 1679 791 1742; x_wconf 93' lang='lat' dir='ltr'><strong>sit</strong></span> <span class='ocrx_word' id='word_1_121' title='bbox 812 1681 845 1741; x_wconf 92' lang='lat' dir='ltr'><strong>et</strong></span> <span class='ocrx_word' id='word_1_122' title='bbox 863 1677 994 1760; x_wconf 87' lang='lat' dir='ltr'><strong>nequid</strong></span> <span class='ocrx_word' id='word_1_123' title='bbox 1012 1699 1083 1741; x_wconf 91' lang='lat' dir='ltr'><strong>con-</strong></span> 
     </span>
     <span class='ocr_line' id='line_1_18' title="bbox 126 1761 1083 1846; baseline 0.001 -22"><span class='ocrx_word' id='word_1_124' title='bbox 126 1762 244 1843; x_wconf 88' lang='lat' dir='ltr'><strong>tineat,</strong></span> <span class='ocrx_word' id='word_1_125' title='bbox 273 1762 308 1825; x_wconf 93' lang='lat' dir='ltr'><strong>in</strong></span> <span class='ocrx_word' id='word_1_126' title='bbox 338 1783 400 1844; x_wconf 90' lang='lat' dir='ltr'><strong>quo</strong></span> <span class='ocrx_word' id='word_1_127' title='bbox 429 1763 584 1846; x_wconf 79' lang='lat' dir='ltr'><strong>offendaS,</strong></span> <span class='ocrx_word' id='word_1_128' title='bbox 615 1765 681 1827; x_wconf 88' lang='lat' dir='ltr'><strong>sive</strong></span> <span class='ocrx_word' id='word_1_129' title='bbox 713 1783 780 1826; x_wconf 91' lang='lat' dir='ltr'><strong>rem</strong></span> <span class='ocrx_word' id='word_1_130' title='bbox 813 1761 879 1825; x_wconf 88' lang='lat' dir='ltr'><strong>sive</strong></span> <span class='ocrx_word' id='word_1_131' title='bbox 906 1761 1083 1825; x_wconf 89' lang='lat' dir='ltr'><strong>orationem</strong></span> 
     </span>
     <span class='ocr_line' id='line_1_19' title="bbox 126 1844 1083 1930; baseline 0 -22"><span class='ocrx_word' id='word_1_132' title='bbox 126 1848 261 1927; x_wconf 89' lang='lat' dir='ltr'><strong>spectes.</strong></span> <span class='ocrx_word' id='word_1_133' title='bbox 298 1844 350 1908; x_wconf 92' lang='lat' dir='ltr'><strong>Ab</strong></span> <span class='ocrx_word' id='word_1_134' title='bbox 372 1845 421 1910; x_wconf 91' lang='lat' dir='ltr'><strong>his</strong></span> <span class='ocrx_word' id='word_1_135' title='bbox 443 1847 529 1910; x_wconf 93' lang='lat' dir='ltr'><strong>enim</strong></span> <span class='ocrx_word' id='word_1_136' title='bbox 551 1848 644 1928; x_wconf 89' lang='lat' dir='ltr'><strong>rebus</strong></span> <span class='ocrx_word' id='word_1_137' title='bbox 659 1846 786 1930; x_wconf 88' lang='lat' dir='ltr'><strong>pendet,</strong></span> <span class='ocrx_word' id='word_1_138' title='bbox 810 1847 846 1908; x_wconf 93' lang='lat' dir='ltr'><strong>ut</strong></span> <span class='ocrx_word' id='word_1_139' title='bbox 862 1845 1083 1927; x_wconf 86' lang='lat' dir='ltr'><strong>supplementa</strong></span> 
     </span>
     <span class='ocr_line' id='line_1_20' title="bbox 126 1927 1084 2013; baseline -0.003 -20"><span class='ocrx_word' id='word_1_140' title='bbox 126 1927 387 2012; x_wconf 82' lang='lat' dir='ltr'><strong>probabilitatem</strong></span> <span class='ocrx_word' id='word_1_141' title='bbox 402 1929 549 1994; x_wconf 88' lang='lat' dir='ltr'><strong>habeant.</strong></span> <span class='ocrx_word' id='word_1_142' title='bbox 580 1931 618 1994; x_wconf 93' lang='lat' dir='ltr'><strong>In</strong></span> <span class='ocrx_word' id='word_1_143' title='bbox 633 1929 856 2013; x_wconf 80' lang='lat' dir='ltr'><strong>probabilitate</strong></span> <span class='ocrx_word' id='word_1_144' title='bbox 872 1932 977 1990; x_wconf 90' lang='lat' dir='ltr'><strong>autem</strong></span> <span class='ocrx_word' id='word_1_145' title='bbox 991 1931 1084 1990; x_wconf 86' lang='lat' dir='ltr'><strong>tanta</strong></span> 
     </span>
     <span class='ocr_line' id='line_1_21' title="bbox 38 2009 1084 2097; baseline -0.001 -22"><span class='ocrx_word' id='word_1_146' title='bbox 38 2078 42 2089; x_wconf 69' lang='grc'><strong>,</strong></span> <span class='ocrx_word' id='word_1_147' title='bbox 129 2033 201 2094; x_wconf 90' lang='lat' dir='ltr'><strong>pars</strong></span> <span class='ocrx_word' id='word_1_148' title='bbox 224 2013 419 2097; x_wconf 78' lang='lat' dir='ltr'><strong>cognitionis</strong></span> <span class='ocrx_word' id='word_1_149' title='bbox 441 2013 598 2078; x_wconf 90' lang='lat' dir='ltr'><strong>humanae</strong></span> <span class='ocrx_word' id='word_1_150' title='bbox 621 2015 725 2096; x_wconf 85' lang='lat' dir='ltr'><strong>posita</strong></span> <span class='ocrx_word' id='word_1_151' title='bbox 740 2015 797 2093; x_wconf 92' lang='lat' dir='ltr'><strong>est,</strong></span> <span class='ocrx_word' id='word_1_152' title='bbox 821 2014 857 2074; x_wconf 91' lang='lat' dir='ltr'><strong>nt</strong></span> <span class='ocrx_word' id='word_1_153' title='bbox 872 2011 925 2092; x_wconf 90' lang='lat' dir='ltr'><strong>qui</strong></span> <span class='ocrx_word' id='word_1_154' title='bbox 940 2031 1009 2074; x_wconf 88' lang='lat' dir='ltr'><strong>eam</strong></span> <span class='ocrx_word' id='word_1_155' title='bbox 1024 2009 1084 2074; x_wconf 92' lang='lat' dir='ltr'><strong>hoc</strong></span> 
     </span>
     <span class='ocr_line' id='line_1_22' title="bbox 38 2093 1082 2190; baseline 0 -34"><span class='ocrx_word' id='word_1_156' title='bbox 38 2124 42 2135; x_wconf 94' lang='lat'>·</span> <span class='ocrx_word' id='word_1_157' title='bbox 133 2096 201 2159; x_wconf 91' lang='lat' dir='ltr'><strong>loco</strong></span> <span class='ocrx_word' id='word_1_158' title='bbox 223 2097 289 2160; x_wconf 89' lang='lat' dir='ltr'><strong>solo</strong></span> <span class='ocrx_word' id='word_1_159' title='bbox 312 2096 440 2160; x_wconf 88' lang='lat' dir='ltr'><strong>exulare</strong></span> <span class='ocrx_word' id='word_1_160' title='bbox 462 2098 586 2179; x_wconf 87' lang='lat' dir='ltr'><strong>iubeat,</strong></span> <span class='ocrx_word' id='word_1_161' title='bbox 610 2097 779 2160; x_wconf 85' lang='lat' dir='ltr'><strong>videndum</strong></span> <span class='ocrx_word' id='word_1_162' title='bbox 803 2094 832 2157; x_wconf 93' lang='lat' dir='ltr'><strong>ei</strong></span> <span class='ocrx_word' id='word_1_163' title='bbox 854 2093 909 2174; x_wconf 89' lang='lat' dir='ltr'><strong>sit,</strong></span> <span class='ocrx_word' id='word_1_164' title='bbox 931 2114 972 2157; x_wconf 92' lang='lat' dir='ltr'><strong>ne</strong></span> <span class='ocrx_word' id='word_1_165' title='bbox 993 2115 1082 2190; x_wconf 79' lang='lat' dir='ltr'><strong>mag·</strong></span> 
     </span>
     <span class='ocr_line' id='line_1_23' title="bbox 133 2178 1083 2265; baseline -0.002 -23"><span class='ocrx_word' id='word_1_166' title='bbox 133 2201 208 2242; x_wconf 93' lang='lat' dir='ltr'><strong>num</strong></span> <span class='ocrx_word' id='word_1_167' title='bbox 229 2180 328 2263; x_wconf 89' lang='lat' dir='ltr'><strong>ipsius</strong></span> <span class='ocrx_word' id='word_1_168' title='bbox 351 2181 492 2244; x_wconf 87' lang='lat' dir='ltr'><strong>veritatis</strong></span> <span class='ocrx_word' id='word_1_169' title='bbox 515 2180 753 2265; x_wconf 82' lang='lat' dir='ltr'><strong>cognoscendae</strong></span> <span class='ocrx_word' id='word_1_170' title='bbox 776 2178 969 2242; x_wconf 86' lang='lat' dir='ltr'><strong>fermentum</strong></span> <span class='ocrx_word' id='word_1_171' title='bbox 990 2178 1083 2241; x_wconf 85' lang='lat' dir='ltr'><strong>nobrs</strong></span> 
     </span>
     <span class='ocr_line' id='line_1_24' title="bbox 40 2260 1082 2346; baseline -0.002 -20"><span class='ocrx_word' id='word_1_172' title='bbox 40 2266 45 2279; x_wconf 95' lang='lat'>&#39;</span> <span class='ocrx_word' id='word_1_173' title='bbox 130 2263 252 2346; x_wconf 86' lang='lat' dir='ltr'><strong>eripiat.</strong></span> <span class='ocrx_word' id='word_1_174' title='bbox 298 2263 400 2339; x_wconf 79' lang='lat' dir='ltr'><strong>Quam</strong></span> <span class='ocrx_word' id='word_1_175' title='bbox 427 2265 563 2329; x_wconf 88' lang='lat' dir='ltr'><strong>maxime</strong></span> <span class='ocrx_word' id='word_1_176' title='bbox 592 2285 666 2329; x_wconf 84' lang='lat' dir='ltr'><strong>vero</strong></span> <span class='ocrx_word' id='word_1_177' title='bbox 695 2264 790 2327; x_wconf 86' lang='lat' dir='ltr'><strong>etiam</strong></span> <span class='ocrx_word' id='word_1_178' title='bbox 825 2260 1000 2326; x_wconf 85' lang='lat' dir='ltr'><strong>cavendum</strong></span> <span class='ocrx_word' id='word_1_179' title='bbox 1026 2264 1082 2343; x_wconf 90' lang='lat' dir='ltr'><strong>est,</strong></span> 
     </span>
     <span class='ocr_line' id='line_1_25' title="bbox 130 2345 1083 2432; baseline -0.002 -23"><span class='ocrx_word' id='word_1_180' title='bbox 130 2367 170 2409; x_wconf 92' lang='lat' dir='ltr'><strong>ne</strong></span> <span class='ocrx_word' id='word_1_181' title='bbox 197 2347 270 2430; x_wconf 86' lang='lat' dir='ltr'><strong>plus</strong></span> <span class='ocrx_word' id='word_1_182' title='bbox 297 2347 368 2430; x_wconf 91' lang='lat' dir='ltr'><strong>quis</strong></span> <span class='ocrx_word' id='word_1_183' title='bbox 400 2347 552 2412; x_wconf 89' lang='lat' dir='ltr'><strong>eiusmodi</strong></span> <span class='ocrx_word' id='word_1_184' title='bbox 575 2347 805 2432; x_wconf 90' lang='lat' dir='ltr'><strong>supplementis</strong></span> <span class='ocrx_word' id='word_1_185' title='bbox 828 2345 959 2423; x_wconf 88' lang='lat' dir='ltr'><strong>tribuat,</strong></span> <span class='ocrx_word' id='word_1_186' title='bbox 988 2366 1083 2428; x_wconf 88' lang='lat' dir='ltr'><strong>quam</strong></span> 
     </span>
     <span class='ocr_line' id='line_1_26' title="bbox 131 2428 1082 2512; baseline -0.001 -20"><span class='ocrx_word' id='word_1_187' title='bbox 131 2431 200 2512; x_wconf 90' lang='lat' dir='ltr'><strong>ipse</strong></span> <span class='ocrx_word' id='word_1_188' title='bbox 221 2431 259 2494; x_wconf 90' lang='lat' dir='ltr'><strong>iis</strong></span> <span class='ocrx_word' id='word_1_189' title='bbox 281 2431 450 2495; x_wconf 88' lang='lat' dir='ltr'><strong>vindicavi.</strong></span> <span class='ocrx_word' id='word_1_190' title='bbox 489 2431 579 2507; x_wconf 77' lang='lat' dir='ltr'><strong>Quod</strong></span> <span class='ocrx_word' id='word_1_191' title='bbox 601 2454 642 2496; x_wconf 88' lang='lat' dir='ltr'><strong>ne</strong></span> <span class='ocrx_word' id='word_1_192' title='bbox 664 2431 763 2512; x_wconf 90' lang='lat' dir='ltr'><strong>fieret,</strong></span> <span class='ocrx_word' id='word_1_193' title='bbox 786 2433 818 2493; x_wconf 90' lang='lat' dir='ltr'><strong>et</strong></span> <span class='ocrx_word' id='word_1_194' title='bbox 839 2429 1016 2492; x_wconf 89' lang='lat' dir='ltr'><strong>litterarum</strong></span> <span class='ocrx_word' id='word_1_195' title='bbox 1039 2428 1082 2492; x_wconf 90' lang='lat' dir='ltr'><strong>di·</strong></span> 
     </span>
     <span class='ocr_line' id='line_1_27' title="bbox 134 2512 1083 2598; baseline 0.001 -23"><span class='ocrx_word' id='word_1_196' title='bbox 134 2513 280 2578; x_wconf 86' lang='lat' dir='ltr'><strong>versitate</strong></span> <span class='ocrx_word' id='word_1_197' title='bbox 302 2535 340 2578; x_wconf 88' lang='lat' dir='ltr'><strong>ea</strong></span> <span class='ocrx_word' id='word_1_198' title='bbox 362 2536 381 2578; x_wconf 92' lang='lat' dir='ltr'><strong>a</strong></span> <span class='ocrx_word' id='word_1_199' title='bbox 401 2515 523 2598; x_wconf 91' lang='lat' dir='ltr'><strong>reliqua</strong></span> <span class='ocrx_word' id='word_1_200' title='bbox 539 2517 694 2598; x_wconf 84' lang='lat' dir='ltr'><strong>scriptura</strong></span> <span class='ocrx_word' id='word_1_201' title='bbox 708 2515 824 2596; x_wconf 89' lang='lat' dir='ltr'><strong>ubique</strong></span> <span class='ocrx_word' id='word_1_202' title='bbox 839 2512 979 2594; x_wconf 88' lang='lat' dir='ltr'><strong>distinxi,</strong></span> <span class='ocrx_word' id='word_1_203' title='bbox 995 2533 1083 2595; x_wconf 92' lang='lat' dir='ltr'><strong>prae·</strong></span> 
     </span>
     <span class='ocr_line' id='line_1_28' title="bbox 132 2596 1083 2682; baseline -0.001 -22"><span class='ocrx_word' id='word_1_204' title='bbox 132 2599 217 2660; x_wconf 88' lang='lat' dir='ltr'><strong>terea</strong></span> <span class='ocrx_word' id='word_1_205' title='bbox 238 2597 289 2680; x_wconf 89' lang='lat' dir='ltr'><strong>iis,</strong></span> <span class='ocrx_word' id='word_1_206' title='bbox 321 2619 401 2681; x_wconf 88' lang='lat' dir='ltr'><strong>quae</strong></span> <span class='ocrx_word' id='word_1_207' title='bbox 423 2599 624 2662; x_wconf 88' lang='lat' dir='ltr'><strong>librariorum</strong></span> <span class='ocrx_word' id='word_1_208' title='bbox 646 2599 738 2682; x_wconf 91' lang='lat' dir='ltr'><strong>culpa</strong></span> <span class='ocrx_word' id='word_1_209' title='bbox 761 2596 914 2661; x_wconf 83' lang='lat' dir='ltr'><strong>excidisse</strong></span> <span class='ocrx_word' id='word_1_210' title='bbox 934 2596 1083 2661; x_wconf 84' lang='lat' dir='ltr'><strong>videban-</strong></span> 
     </span>
     <span class='ocr_line' id='line_1_29' title="bbox 129 2680 1083 2765; baseline -0.002 -21"><span class='ocrx_word' id='word_1_211' title='bbox 129 2683 189 2762; x_wconf 83' lang='lat' dir='ltr'><strong>tur,</strong></span> <span class='ocrx_word' id='word_1_212' title='bbox 212 2681 339 2745; x_wconf 84' lang='lat' dir='ltr'><strong>uncinis</strong></span> <span class='ocrx_word' id='word_1_213' title='bbox 360 2683 506 2746; x_wconf 89' lang='lat' dir='ltr'><strong>rotundis</strong></span> <span class='ocrx_word' id='word_1_214' title='bbox 528 2683 668 2765; x_wconf 88' lang='lat' dir='ltr'><strong>inclusis,</strong></span> <span class='ocrx_word' id='word_1_215' title='bbox 692 2685 723 2745; x_wconf 89' lang='lat' dir='ltr'><strong>et</strong></span> <span class='ocrx_word' id='word_1_216' title='bbox 744 2681 778 2744; x_wconf 92' lang='lat' dir='ltr'><strong>in</strong></span> <span class='ocrx_word' id='word_1_217' title='bbox 797 2681 884 2745; x_wconf 91' lang='lat' dir='ltr'><strong>notis</strong></span> <span class='ocrx_word' id='word_1_218' title='bbox 900 2680 1083 2763; x_wconf 89' lang='lat' dir='ltr'><strong>saepissime</strong></span> 
     </span>
     <span class='ocr_line' id='line_1_30' title="bbox 129 2764 1083 2847; baseline -0.001 -20"><span class='ocrx_word' id='word_1_219' title='bbox 129 2764 289 2847; x_wconf 88' lang='lat' dir='ltr'><strong>admonui,</strong></span> <span class='ocrx_word' id='word_1_220' title='bbox 302 2766 495 2830; x_wconf 88' lang='lat' dir='ltr'><strong>sententiam</strong></span> <span class='ocrx_word' id='word_1_221' title='bbox 506 2769 722 2846; x_wconf 83' lang='lat' dir='ltr'><strong>tantum,·non</strong></span> <span class='ocrx_word' id='word_1_222' title='bbox 733 2765 829 2828; x_wconf 87' lang='lat' dir='ltr'><strong>verba</strong></span> <span class='ocrx_word' id='word_1_223' title='bbox 843 2784 894 2828; x_wconf 93' lang='lat' dir='ltr'><strong>me</strong></span> <span class='ocrx_word' id='word_1_224' title='bbox 906 2764 1083 2827; x_wconf 89' lang='lat' dir='ltr'><strong>restituere.</strong></span> 
     </span>
    </p>

    <p class='ocr_par' dir='ltr' id='par_1_5' title="bbox 126 2847 1084 3599">
     <span class='ocr_line' id='line_1_31' title="bbox 190 2847 1084 2933; baseline -0.002 -21"><span class='ocrx_word' id='word_1_225' title='bbox 190 2847 231 2912; x_wconf 90' lang='lat' dir='ltr'><strong>In</strong></span> <span class='ocrx_word' id='word_1_226' title='bbox 253 2848 441 2932; x_wconf 87' lang='lat' dir='ltr'><strong>levioribus,</strong></span> <span class='ocrx_word' id='word_1_227' title='bbox 464 2849 551 2914; x_wconf 89' lang='lat' dir='ltr'><strong>velut</strong></span> <span class='ocrx_word' id='word_1_228' title='bbox 573 2850 750 2914; x_wconf 83' lang='lat' dir='ltr'><strong>litterarum</strong></span> <span class='ocrx_word' id='word_1_229' title='bbox 772 2869 905 2933; x_wconf 86' lang='lat' dir='ltr'><strong>genere,</strong></span> <span class='ocrx_word' id='word_1_230' title='bbox 929 2847 964 2910; x_wconf 92' lang='lat' dir='ltr'><strong>in</strong></span> <span class='ocrx_word' id='word_1_231' title='bbox 986 2847 1084 2931; x_wconf 79' lang='lat' dir='ltr'><strong>signi·</strong></span> 
     </span>
     <span class='ocr_line' id='line_1_32' title="bbox 127 2930 1082 3017; baseline -0.001 -23"><span class='ocrx_word' id='word_1_232' title='bbox 127 2931 263 2995; x_wconf 87' lang='lat' dir='ltr'><strong>fioandis</strong></span> <span class='ocrx_word' id='word_1_233' title='bbox 291 2932 422 2996; x_wconf 86' lang='lat' dir='ltr'><strong>diversis</strong></span> <span class='ocrx_word' id='word_1_234' title='bbox 445 2933 597 2997; x_wconf 89' lang='lat' dir='ltr'><strong>orationis</strong></span> <span class='ocrx_word' id='word_1_235' title='bbox 620 2933 805 3017; x_wconf 73' lang='lat' dir='ltr'><strong>generibuS,</strong></span> <span class='ocrx_word' id='word_1_236' title='bbox 833 2931 980 2994; x_wconf 88' lang='lat' dir='ltr'><strong>hiatuum</strong></span> <span class='ocrx_word' id='word_1_237' title='bbox 1001 2930 1082 2994; x_wconf 88' lang='lat' dir='ltr'><strong>indi-</strong></span> 
     </span>
     <span class='ocr_line' id='line_1_33' title="bbox 128 3014 1084 3100; baseline -0.001 -22"><span class='ocrx_word' id='word_1_238' title='bbox 128 3016 256 3080; x_wconf 87' lang='lat' dir='ltr'><strong>catione</strong></span> <span class='ocrx_word' id='word_1_239' title='bbox 279 3019 311 3080; x_wconf 90' lang='lat' dir='ltr'><strong>et</strong></span> <span class='ocrx_word' id='word_1_240' title='bbox 333 3035 413 3099; x_wconf 89' lang='lat' dir='ltr'><strong>quae</strong></span> <span class='ocrx_word' id='word_1_241' title='bbox 436 3017 551 3080; x_wconf 88' lang='lat' dir='ltr'><strong>similia</strong></span> <span class='ocrx_word' id='word_1_242' title='bbox 573 3021 656 3099; x_wconf 89' lang='lat' dir='ltr'><strong>sunt,</strong></span> <span class='ocrx_word' id='word_1_243' title='bbox 680 3016 903 3100; x_wconf 86' lang='lat' dir='ltr'><strong>aequalitatem</strong></span> <span class='ocrx_word' id='word_1_244' title='bbox 925 3014 1084 3096; x_wconf 86' lang='lat' dir='ltr'><strong>quandam</strong></span> 
     </span>
     <span class='ocr_line' id='line_1_34' title="bbox 127 3100 1083 3184; baseline -0.001 -22"><span class='ocrx_word' id='word_1_245' title='bbox 127 3119 184 3180; x_wconf 89' lang='lat' dir='ltr'><strong>per</strong></span> <span class='ocrx_word' id='word_1_246' title='bbox 206 3119 319 3163; x_wconf 91' lang='lat' dir='ltr'><strong>omnes</strong></span> <span class='ocrx_word' id='word_1_247' title='bbox 341 3100 444 3182; x_wconf 92' lang='lat' dir='ltr'><strong>operis</strong></span> <span class='ocrx_word' id='word_1_248' title='bbox 459 3104 576 3184; x_wconf 89' lang='lat' dir='ltr'><strong>partes,</strong></span> <span class='ocrx_word' id='word_1_249' title='bbox 599 3105 636 3164; x_wconf 93' lang='lat' dir='ltr'><strong>ut</strong></span> <span class='ocrx_word' id='word_1_250' title='bbox 651 3121 710 3184; x_wconf 84' lang='lat' dir='ltr'><strong>par</strong></span> <span class='ocrx_word' id='word_1_251' title='bbox 725 3103 802 3182; x_wconf 89' lang='lat' dir='ltr'><strong>erat,</strong></span> <span class='ocrx_word' id='word_1_252' title='bbox 825 3100 958 3181; x_wconf 88' lang='lat' dir='ltr'><strong>servavi,</strong></span> <span class='ocrx_word' id='word_1_253' title='bbox 981 3119 1083 3182; x_wconf 88' lang='lat' dir='ltr'><strong>neque</strong></span> 
     </span>
     <span class='ocr_line' id='line_1_35' title="bbox 126 3183 1084 3267; baseline 0 -21"><span class='ocrx_word' id='word_1_254' title='bbox 126 3185 236 3246; x_wconf 88' lang='lat' dir='ltr'><strong>tamen</strong></span> <span class='ocrx_word' id='word_1_255' title='bbox 258 3183 404 3247; x_wconf 81' lang='lat' dir='ltr'><strong>servilem</strong></span> <span class='ocrx_word' id='word_1_256' title='bbox 426 3184 461 3248; x_wconf 92' lang='lat' dir='ltr'><strong>in</strong></span> <span class='ocrx_word' id='word_1_257' title='bbox 482 3183 624 3248; x_wconf 92' lang='lat' dir='ltr'><strong>modum:</strong></span> <span class='ocrx_word' id='word_1_258' title='bbox 647 3185 682 3248; x_wconf 91' lang='lat' dir='ltr'><strong>in</strong></span> <span class='ocrx_word' id='word_1_259' title='bbox 704 3183 891 3267; x_wconf 91' lang='lat' dir='ltr'><strong>quibusdam</strong></span> <span class='ocrx_word' id='word_1_260' title='bbox 914 3183 998 3246; x_wconf 89' lang='lat' dir='ltr'><strong>enim</strong></span> <span class='ocrx_word' id='word_1_261' title='bbox 1021 3183 1084 3246; x_wconf 92' lang='lat' dir='ltr'><strong>sin·</strong></span> 
     </span>
     <span class='ocr_line' id='line_1_36' title="bbox 126 3265 1084 3350; baseline -0.001 -21"><span class='ocrx_word' id='word_1_262' title='bbox 126 3265 249 3349; x_wconf 78' lang='lat' dir='ltr'><strong>gularis</strong></span> <span class='ocrx_word' id='word_1_263' title='bbox 272 3287 381 3330; x_wconf 91' lang='lat' dir='ltr'><strong>earum</strong></span> <span class='ocrx_word' id='word_1_264' title='bbox 399 3266 530 3348; x_wconf 62' lang='lat' dir='ltr'><strong>=habitus</strong></span> <span class='ocrx_word' id='word_1_265' title='bbox 552 3267 703 3350; x_wconf 85' lang='lat' dir='ltr'><strong>faciebat,</strong></span> <span class='ocrx_word' id='word_1_266' title='bbox 725 3271 762 3332; x_wconf 92' lang='lat' dir='ltr'><strong>nt</strong></span> <span class='ocrx_word' id='word_1_267' title='bbox 784 3267 936 3350; x_wconf 87' lang='lat' dir='ltr'><strong>quaedam</strong></span> <span class='ocrx_word' id='word_1_268' title='bbox 959 3285 1084 3330; x_wconf 88' lang='lat' dir='ltr'><strong>accura-</strong></span> 
     </span>
     <span class='ocr_line' id='line_1_37' title="bbox 126 3349 1083 3434; baseline -0.002 -21"><span class='ocrx_word' id='word_1_269' title='bbox 126 3349 190 3414; x_wconf 87' lang='lat' dir='ltr'><strong>tius</strong></span> <span class='ocrx_word' id='word_1_270' title='bbox 213 3349 426 3434; x_wconf 81' lang='lat' dir='ltr'><strong>significanda</strong></span> <span class='ocrx_word' id='word_1_271' title='bbox 447 3351 644 3433; x_wconf 89' lang='lat' dir='ltr'><strong>viderentur,</strong></span> <span class='ocrx_word' id='word_1_272' title='bbox 672 3349 760 3414; x_wconf 90' lang='lat' dir='ltr'><strong>velut</strong></span> <span class='ocrx_word' id='word_1_273' title='bbox 784 3371 931 3414; x_wconf 83' lang='lat' dir='ltr'><strong>versuum</strong></span> <span class='ocrx_word' id='word_1_274' title='bbox 953 3371 1011 3412; x_wconf 87' lang='lat' dir='ltr'><strong>ms.</strong></span> <span class='ocrx_word' id='word_1_275' title='bbox 1035 3369 1083 3412; x_wconf 92' lang='lat' dir='ltr'><strong>co-</strong></span> 
     </span>
     <span class='ocr_line' id='line_1_38' title="bbox 127 3431 1084 3519; baseline -0.002 -25"><span class='ocrx_word' id='word_1_276' title='bbox 127 3431 208 3496; x_wconf 89' lang='lat' dir='ltr'><strong>dieis</strong></span> <span class='ocrx_word' id='word_1_277' title='bbox 230 3434 385 3498; x_wconf 88' lang='lat' dir='ltr'><strong>indicatio</strong></span> <span class='ocrx_word' id='word_1_278' title='bbox 406 3435 442 3498; x_wconf 88' lang='lat' dir='ltr'><strong>in</strong></span> <span class='ocrx_word' id='word_1_279' title='bbox 461 3434 643 3519; x_wconf 80' lang='lat' dir='ltr'><strong>fragmento</strong></span> <span class='ocrx_word' id='word_1_280' title='bbox 666 3433 710 3498; x_wconf 81' lang='lat' dir='ltr'><strong>de&#39;</strong></span> <span class='ocrx_word' id='word_1_281' title='bbox 724 3435 791 3499; x_wconf 90' lang='lat' dir='ltr'><strong>iure</strong></span> <span class='ocrx_word' id='word_1_282' title='bbox 806 3435 884 3498; x_wconf 89' lang='lat' dir='ltr'><strong>fisci.</strong></span> <span class='ocrx_word' id='word_1_283' title='bbox 916 3434 1084 3512; x_wconf 79' lang='lat' dir='ltr'><strong>interpun-</strong></span> 
     </span>
     <span class='ocr_line' id='line_1_39' title="bbox 127 3516 1084 3599; baseline -0.002 -19"><span class='ocrx_word' id='word_1_284' title='bbox 127 3516 224 3599; x_wconf 82' lang='lat' dir='ltr'><strong>gendi</strong></span> <span class='ocrx_word' id='word_1_285' title='bbox 247 3519 404 3582; x_wconf 88' lang='lat' dir='ltr'><strong>rationem</strong></span> <span class='ocrx_word' id='word_1_286' title='bbox 426 3519 573 3582; x_wconf 88' lang='lat' dir='ltr'><strong>consulto</strong></span> <span class='ocrx_word' id='word_1_287' title='bbox 588 3536 655 3582; x_wconf 93' lang='lat' dir='ltr'><strong>non</strong></span> <span class='ocrx_word' id='word_1_288' title='bbox 670 3539 739 3582; x_wconf 88' lang='lat' dir='ltr'><strong>eam</strong></span> <span class='ocrx_word' id='word_1_289' title='bbox 760 3521 887 3583; x_wconf 89' lang='lat' dir='ltr'><strong>secutus</strong></span> <span class='ocrx_word' id='word_1_290' title='bbox 902 3535 981 3598; x_wconf 92' lang='lat' dir='ltr'><strong>sum,</strong></span> <span class='ocrx_word' id='word_1_291' title='bbox 1005 3534 1084 3596; x_wconf 87' lang='lat' dir='ltr'><strong>quae</strong></span> 
     </span>
    </p>
   </div>
   <div class='ocr_carea' id='block_1_5' title="bbox 0 0 1340 4112">
    <p class='ocr_par' dir='ltr' id='par_1_6' title="bbox 0 0 1340 4112">
     <span class='ocr_line' id='line_1_40' title="bbox 0 0 1340 4112; baseline 0 1"><span class='ocrx_word' id='word_1_292' title='bbox 0 0 1340 4112; x_wconf 95' lang='lat' dir='ltr'><strong> </strong></span> 
     </span>
    </p>
   </div>
  </div>
 </body>
</html>
