2694 4110
261 188 324 253 814
516 198 614 236 suaa.
632 197 686 236 me.
705 199 768 235 noso.
787 198 874 236 verse.
893 187 952 236 341.

260 329 425 407 postuletur,
440 329 623 402 defensorem
644 333 706 386 eius
721 335 855 401 oportere
870 331 954 386 ctiam
965 331 1001 386 de
1015 335 1080 388 rato
1095 347 1218 404 cauere,

261 429 297 472 rte
312 428 451 471 reuersus
472 414 521 470 ille
535 413 603 470 uellt
624 421 783 484 retrectare,
804 411 876 486 quod
898 420 986 470 actum
1002 421 1053 470 est.
1085 413 1144 472 Sed
1156 433 1217 472 aon

258 497 350 570 facile
369 512 426 569 per
445 504 669 570 procuratorem
691 499 756 570 quis
770 503 923 568 suspectus
938 498 1131 570 accusabitur,
1148 515 1217 572 quo-

261 582 330 637 nlam
353 581 454 637 lomosa
475 597 554 638 eausa
575 588 631 652 est,
646 579 698 635 nlsl
714 585 834 651 constet,
857 583 884 638 ei
902 597 921 636 a
942 587 1036 638 tutore
1050 583 1218 639 mandatam

260 668 435 722 nominatim.

167 743 255 824 W)
326 745 387 807 841.
414 743 580 822 ¹Postquam
603 750 684 804 circa
713 747 868 820 copeudum
889 751 1062 822 copoitorem
1080 753 1219 823 accipere

167 829 199 866 ¹⁰
210 829 251 866 ⁸⁰¹
263 834 396 890 iudicium
417 832 451 888 do
473 830 596 906 plurlbus
617 829 757 906 speciebus
771 837 893 903 praetor
907 834 1023 890 locutus
1037 827 1103 904 est‚²
1117 835 1167 890 ism
1184 834 1219 891 de
1317 850 1325 861 ·

261 918 366 975 iudicio
388 915 593 988 transferendo
621 921 750 972 cauetur:
773 914 846 988 quod
869 913 957 971 edicto
978 926 1088 990 praetor
1101 916 1218 990 ’prospl
1319 946 1324 955 ·

262 992 403 1059 clendum³
413 1001 475 1056 ideo
488 1005 567 1056 recte
573 1001 702 1071 putauit,
708 1005 740 1056 ut
748 1004 917 1070 praestaret
929 1001 1039 1056 domino
1048 1000 1217 1073 facultatem
1318 1034 1327 1043 -

262 1083 307 1141 uel
326 1099 341 1139 a
356 1085 542 1158 cognitorem
558 1086 645 1140 altum
661 1085 836 1156 cognitorem
847 1091 1108 1154 procuratoremue
1123 1088 1170 1142 uel
1186 1089 1218 1140 tn

262 1183 294 1226 se
308 1167 434 1225 iudicium
451 1159 655 1236 11111111111111111,4
675 1169 701 1223 si
718 1168 797 1222 iusto
812 1181 903 1222 causa
918 1180 981 1222 esse
1001 1169 1144 1234 uideatur,
1161 1185 1218 1226 aec

262 1253 421 1324 captiosum
440 1255 468 1308 ei
486 1253 549 1325 fat,
571 1251 647 1324 quod
659 1251 696 1307 tis
711 1249 861 1323 cognitoris
877 1251 912 1304 sit
927 1245 1145 1316 'ellecta;⁵nam
1162 1257 1216 1324 qui

263 1339 418 1408 copmitoris
439 1329 544 1406 opera⁶
565 1337 607 1392 uti
627 1349 682 1390 sua
704 1348 795 1392 causa
814 1335 927 1404 placuit
949 1343 981 1390 ut
1001 1337 1105 1408 possit,
1129 1343 1216 1392 trans·

261 1417 333 1474 ferre
354 1433 409 1474 noa
429 1433 515 1490 posse
536 1418 685 1488 iudicium,
707 1418 757 1476 ubi
776 1418 894 1474 molesta
916 1420 962 1489 sit,
984 1421 1099 1476 metuite
1127 1420 1219 1491 foret.

269 1500 362 1558 Verba
384 1500 465 1558 edicti
486 1500 550 1558 talla
572 1511 649 1558 sunt:
673 1500 723 1571 ‘El
748 1501 793 1573 qul
815 1501 987 1572 cognitorem
1009 1505 1100 1570 dedit,
1123 1510 1288 1561 causallttl

261 1588 373 1658 capuita
393 1588 573 1658 permittam,
597 1587 733 1644 iudicium
754 1583 938 1655 transferre?
970 1585 1018 1641 His
1046 1587 1135 1642 uerlis
1158 1605 1215 1644 non
1309 1623 1319 1638 .

261 1667 350 1724 solum
363 1671 428 1742 ipsi,
444 1672 493 1743 qui
511 1671 597 1742 dedit,
612 1671 666 1727 troc
682 1671 869 1742 permittitur,
890 1669 942 1724 sed
961 1676 988 1724 et
1008 1669 1109 1727 heredi
1128 1665 1217 1728 cius.⁷

262 1753 352 1822 Quare
368 1761 457 1809 autem
472 1755 643 1828 cognitorem
660 1745 664 1831 Ι
681 1755 771 1810 sotum
785 1753 978 1808 oomioauerit
994 1782 1032 1792 —
1047 1747 1101 1794 -—⁸

265 1921 320 1986 lup.
336 1921 379 1971 tit.
394 1920 446 1970 IX.
461 1923 498 1971 ad
510 1923 549 1972 ed.
564 1922 650 1986 refert
662 1936 697 1970 ete
712 1920 848 1984 Pomponii
862 1919 904 1969 lib.
923 1919 980 1969 XX
985 1920 1016 1970 V.
1031 1923 1067 1972 ad
1079 1923 1116 1972 ed.
1131 1922 1163 1972 L.
1178 1935 1215 1976 ss.

186 2031 192 2042 .
238 1994 284 2055 ¹5.
299 2003 319 2042 1.
339 1990 371 2041 Ι).
387 1991 420 2042 ib.
446 1992 505 2043 Hoc
519 1995 575 2042 loco
590 2007 641 2042 aaa
655 2007 691 2042 ex
709 1990 764 2054 Ulp.
780 1991 906 2053 eapetita
924 2005 991 2050 esse,
1006 2000 1154 2057 arpumeato
1168 2001 1217 2054 est,

260 2062 329 2128 quod
342 2065 416 2128 torpe
430 2064 485 2112 otia
498 2063 569 2126 opud
581 2078 637 2112 eum
651 2063 679 2114 im
693 2062 753 2125 Dip.
768 2059 932 2120 antecedunt,
947 2068 1022 2126 atque
1036 2063 1061 2112 k.
1072 2065 1097 2122 l.,
1112 2071 1137 2114 et
1150 2080 1217 2128 quae

260 2148 295 2183 ea
313 2132 374 2198 etp.
389 2135 491 2198 primus
508 2131 607 2182 Bucltlt.
626 2133 748 2189 restituit,
768 2133 848 2194 plura
865 2137 936 2190 suat,
955 2148 1030 2196 quom
1048 2148 1138 2183 uersus
1156 2135 1215 2184 Vat.

263 2203 322 2254 Cod.
338 2218 431 2266 capere
445 2204 573 2253 uideatur.
601 2201 650 2252 Est
663 2202 700 2252 toi
714 2203 790 2251 etiam
805 2197 914 2264 ‘famae'
931 2204 987 2252 loco
1002 2219 1024 2252 o.
1040 2200 1130 2252 lomo'ss
1149 2212 1175 2254 et
1188 2207 1217 2254 ia

258 2275 310 2338 fiae
324 2274 444 2323 additur:
459 2270 517 2324 ‘aut
529 2275 553 2322 si
567 2275 643 2323 etiam
657 2272 760 2322 absente
773 2277 867 2330 tutore,
878 2274 953 2336 quasi
962 2289 1012 2322 moa
1023 2274 1216 2337 defenderetur,

256 2351 367 2407 praetor
380 2351 438 2394 erat
452 2341 622 2409 cogniturus?
650 2343 737 2409 Ipitur
752 2343 861 2392 Paullus
874 2344 938 2393 leaeo
951 2358 986 2392 ea
1004 2342 1113 2407 Ulpiano
1128 2347 1168 2394 oet
1182 2361 1217 2394 ex

262 2414 402 2477 Pomponio
416 2415 509 2464 hausit.
540 2414 578 2476 Cf.
593 2414 625 2464 L.
640 2425 660 2466 s.
680 2415 713 2462 D.
727 2420 811 2464 ratam
826 2410 871 2470 (ts,
884 2411 916 2478 s).
992 2409 1012 2478 ¹)
1026 2413 1089 2464 Item
1103 2417 1216 2474 restitui,

261 2499 316 2533 cum
330 2485 384 2533 alia
403 2485 527 2548 quaedam
540 2484 622 2534 Blam.
637 2485 796 2542 inchoasset,
815 2485 869 2532 alia
883 2483 977 2534 Hallw.
996 2485 1055 2534 item
1073 2501 1142 2536 nuac
1160 2488 1216 2535 alia

261 2553 379 2617 Rudorff
390 2555 428 2603 ed.
440 2561 541 2619 perpet.
553 2570 580 2620 p.
591 2566 625 2606 49.
679 2550 699 2619 ²)
715 2554 753 2618 Of.
768 2554 800 2603 L.
815 2565 835 2605 8.
850 2555 872 2615 ἓ.
888 2565 908 2606 s.
924 2553 955 2603 L.
971 2565 1004 2605 11.
1019 2566 1052 2606 13.
1072 2555 1105 2606 D.
1116 2556 1141 2605 a.
1152 2563 1169 2606 t.
1181 2583 1215 2592 -

260 2623 291 2674 L.
308 2625 379 2686 1‘1.§.
395 2635 415 2673 2.
431 2624 463 2672 D.
479 2625 511 2674 ib.
577 2621 759 2688 ⁸)perspicien·
774 2624 832 2674 edd.
860 2623 912 2674 Sed
930 2626 957 2674 ia
981 2624 1038 2674 Vat.
1058 2627 1115 2674 sine
1137 2625 1216 2676 dubio

260 2695 443 2758 estpspicien-.
473 2692 517 2760 (Id
535 2701 644 2744 testatur
667 2693 727 2758 Vl.)
801 2691 822 2760 ⁴)
839 2692 877 2758 Of.
891 2694 923 2743 L.
940 2706 1018 2758 ltpr.
1037 2695 1070 2743 D.
1085 2695 1109 2744 to.
1124 2703 1142 2746 t.

262 2763 283 2830 5)
297 2763 343 2815 Sic
362 2765 388 2813 V
390 2764 409 2817 ⁰¹.
429 2766 514 2816 allecte
533 2765 592 2817 Vat.
625 2763 695 2815 Unde
711 2767 841 2829 feceram:
861 2767 978 2828 captiosa
997 2766 1021 2814 ei
1039 2767 1168 2827 cognitoris
1182 2767 1216 2815 sit

262 2837 375 2884 affectata
390 2837 613 2900 opera;mamqui
627 2837 710 2885 eaati
724 2843 771 2885 etc.
818 2831 839 2900 6)
856 2834 894 2898 Cf.
905 2835 937 2884 L.
949 2846 981 2886 25.
997 2835 1029 2884 D.
1040 2835 1064 2884 ie.
1075 2843 1091 2886 t.
1139 2832 1213 2902 ⁷)Cf.

261 2905 292 2954 L.
308 2907 379 2966 Μ.
395 2919 414 2956 1.
435 2907 505 2956 Μ.
521 2914 538 2956 t.
612 2903 801 2970 ⁸)EacHotlw.
817 2907 975 2968 ofrestitui.
1004 2904 1057 2955 Sed
1074 2919 1215 2955 muncearo

266 2974 293 3024 V
294 2973 313 3023 ⁶.
324 2990 376 3038 pro
391 2989 439 3024 are.
467 2975 558 3040 Itaque
572 2977 675 3024 restitui
689 2982 788 3038 potest:
808 2975 851 3023 llis
869 2976 951 3024 uerbis
970 2990 1017 3025 non
1037 2976 1113 3024 solum
1127 2978 1216 3026 actori

260 3045 306 3095 sed
323 3052 353 3095 et
365 3059 411 3094 reo
430 3047 572 3111 copaitoris
590 3044 730 3094 abdicandi
746 3051 862 3108 potestas
882 3047 975 3104 datur;
996 3045 1113 3095 abdicere
1135 3053 1215 3096 sutem

261 3117 408 3178 cognitorem
423 3123 460 3166 est
473 3117 571 3180 dicere,
585 3117 652 3166 molle
666 3131 722 3165 eum
736 3117 846 3180 amplius
860 3117 1018 3182 cognitorem
1031 3130 1094 3168 esse.

630 3327 841 3336 ——-—-.
