<?xml version="1.0" encoding="UTF-8"?>
<!DOCTYPE html PUBLIC "-//W3C//DTD XHTML 1.0 Transitional//EN"
    "http://www.w3.org/TR/xhtml1/DTD/xhtml1-transitional.dtd">
<html xmlns="http://www.w3.org/1999/xhtml" xml:lang="en" lang="en">
 <head>
  <title>
</title>
<meta http-equiv="Content-Type" content="text/html;charset=utf-8" />
  <meta name='ocr-system' content='tesseract 3.04.00' />
  <meta name='ocr-capabilities' content='ocr_page ocr_carea ocr_par ocr_line ocrx_word'/>
</head>
<body>
  <div class='ocr_page' id='page_1' title='image "./ivrisprvdentiae00huscgoog/ivrisprvdentiae00huscgoog_0063.png"; bbox 0 0 2672 4112; ppageno 0'>
   <div class='ocr_carea' id='block_1_1' title="bbox 460 235 1087 292">
    <p class='ocr_par' dir='ltr' id='par_1_1' title="bbox 460 235 1087 292">
     <span class='ocr_line' id='line_1_1' title="bbox 460 235 1087 292; baseline 0 -18"><span class='ocrx_word' id='word_1_1' title='bbox 460 239 496 274; x_wconf 77' lang='lat' dir='ltr'><strong>mr</strong></span> <span class='ocrx_word' id='word_1_2' title='bbox 513 238 625 276; x_wconf 70' lang='lat' dir='ltr'><strong>memus</strong></span> <span class='ocrx_word' id='word_1_3' title='bbox 643 241 721 275; x_wconf 82' lang='lat' dir='ltr'><strong>mee</strong></span> <span class='ocrx_word' id='word_1_4' title='bbox 738 242 757 275; x_wconf 89' lang='lat'><strong>1.</strong></span> <span class='ocrx_word' id='word_1_5' title='bbox 1045 235 1087 292; x_wconf 83' lang='lat'><strong>39</strong></span> 
     </span>
    </p>
   </div>
   <div class='ocr_carea' id='block_1_2' title="bbox 123 364 1090 1943">
    <p class='ocr_par' dir='ltr' id='par_1_2' title="bbox 123 364 1090 1943">
     <span class='ocr_line' id='line_1_2' title="bbox 125 364 1089 440; baseline -0.002 -13"><span class='ocrx_word' id='word_1_6' title='bbox 125 376 222 428; x_wconf 87' lang='lat' dir='ltr'><strong>natura</strong></span> <span class='ocrx_word' id='word_1_7' title='bbox 236 364 403 422; x_wconf 88' lang='lat' dir='ltr'><strong>subornatus</strong></span> <span class='ocrx_word' id='word_1_8' title='bbox 418 367 446 421; x_wconf 91' lang='lat' dir='ltr'><strong>in</strong></span> <span class='ocrx_word' id='word_1_9' title='bbox 461 365 544 420; x_wconf 85' lang='lat' dir='ltr'><strong>uitam</strong></span> <span class='ocrx_word' id='word_1_10' title='bbox 558 365 663 422; x_wconf 88' lang='lat' dir='ltr'><strong>uenerit</strong></span> <span class='ocrx_word' id='word_1_11' title='bbox 679 376 831 440; x_wconf 88' lang='lat' dir='ltr'><strong>quantaque</strong></span> <span class='ocrx_word' id='word_1_12' title='bbox 849 368 1027 425; x_wconf 84' lang='lat' dir='ltr'><strong>instrumente</strong></span> <span class='ocrx_word' id='word_1_13' title='bbox 1043 370 1089 425; x_wconf 85' lang='lat' dir='ltr'><strong>ho-</strong></span> 
     </span>
     <span class='ocr_line' id='line_1_3' title="bbox 125 447 1088 525; baseline -0.001 -16"><span class='ocrx_word' id='word_1_14' title='bbox 125 452 185 509; x_wconf 85' lang='lat' dir='ltr'><strong>beat</strong></span> <span class='ocrx_word' id='word_1_15' title='bbox 199 451 233 507; x_wconf 87' lang='lat' dir='ltr'><strong>ad</strong></span> <span class='ocrx_word' id='word_1_16' title='bbox 249 447 424 523; x_wconf 77' lang='lat' dir='ltr'><strong>optinendam</strong></span> <span class='ocrx_word' id='word_1_17' title='bbox 439 448 688 522; x_wconf 87' lang='lat' dir='ltr'><strong>adipiscendamque</strong></span> <span class='ocrx_word' id='word_1_18' title='bbox 699 452 864 522; x_wconf 80' lang='lat' dir='ltr'><strong>sapientiam,</strong></span> <span class='ocrx_word' id='word_1_19' title='bbox 880 453 1005 524; x_wconf 90' lang='lat' dir='ltr'><strong>quoniam</strong></span> <span class='ocrx_word' id='word_1_20' title='bbox 1014 455 1088 525; x_wconf 89' lang='lat' dir='ltr'><strong>prin·</strong></span> 
     </span>
     <span class='ocr_line' id='line_1_4' title="bbox 124 532 1089 609; baseline -0.001 -17"><span class='ocrx_word' id='word_1_21' title='bbox 124 537 192 609; x_wconf 88' lang='lat' dir='ltr'><strong>cipio</strong></span> <span class='ocrx_word' id='word_1_22' title='bbox 213 549 306 590; x_wconf 77' lang='lat' dir='ltr'><strong>rerum</strong></span> <span class='ocrx_word' id='word_1_23' title='bbox 325 533 446 588; x_wconf 91' lang='lat' dir='ltr'><strong>omnium</strong></span> <span class='ocrx_word' id='word_1_24' title='bbox 468 533 545 604; x_wconf 89' lang='lat' dir='ltr'><strong>quasi</strong></span> <span class='ocrx_word' id='word_1_25' title='bbox 559 532 726 589; x_wconf 87' lang='lat' dir='ltr'><strong>adumbratas</strong></span> <span class='ocrx_word' id='word_1_26' title='bbox 741 533 940 608; x_wconf 79' lang='lat' dir='ltr'><strong>intellegentias</strong></span> <span class='ocrx_word' id='word_1_27' title='bbox 955 537 1042 591; x_wconf 91' lang='lat' dir='ltr'><strong>animo</strong></span> <span class='ocrx_word' id='word_1_28' title='bbox 1058 553 1089 592; x_wconf 87' lang='lat' dir='ltr'><strong>ee</strong></span> 
     </span>
     <span class='ocr_line' id='line_1_5' title="bbox 125 614 1088 690; baseline 0.001 -15"><span class='ocrx_word' id='word_1_29' title='bbox 125 626 215 675; x_wconf 89' lang='lat' dir='ltr'><strong>mente</strong></span> <span class='ocrx_word' id='word_1_30' title='bbox 236 618 408 689; x_wconf 75' lang='lat' dir='ltr'><strong>conceperit,</strong></span> <span class='ocrx_word' id='word_1_31' title='bbox 440 614 537 688; x_wconf 89' lang='lat' dir='ltr'><strong>quihus</strong></span> <span class='ocrx_word' id='word_1_32' title='bbox 563 617 713 672; x_wconf 87' lang='lat' dir='ltr'><strong>inlustratis</strong></span> <span class='ocrx_word' id='word_1_33' title='bbox 740 619 871 690; x_wconf 86' lang='lat' dir='ltr'><strong>sapientia</strong></span> <span class='ocrx_word' id='word_1_34' title='bbox 898 617 965 676; x_wconf 88' lang='lat' dir='ltr'><strong>duee</strong></span> <span class='ocrx_word' id='word_1_35' title='bbox 987 619 1088 676; x_wconf 87' lang='lat' dir='ltr'><strong>bonum</strong></span> 
     </span>
     <span class='ocr_line' id='line_1_6' title="bbox 125 699 1087 772; baseline -0.004 -12"><span class='ocrx_word' id='word_1_36' title='bbox 125 705 213 760; x_wconf 89' lang='lat' dir='ltr'><strong>uirum</strong></span> <span class='ocrx_word' id='word_1_37' title='bbox 229 709 258 757; x_wconf 91' lang='lat' dir='ltr'><strong>et</strong></span> <span class='ocrx_word' id='word_1_38' title='bbox 272 699 308 756; x_wconf 91' lang='lat' dir='ltr'><strong>ob</strong></span> <span class='ocrx_word' id='word_1_39' title='bbox 322 716 382 756; x_wconf 89' lang='lat' dir='ltr'><strong>eam</strong></span> <span class='ocrx_word' id='word_1_40' title='bbox 397 701 481 772; x_wconf 81' lang='lat' dir='ltr'><strong>ipsam</strong></span> <span class='ocrx_word' id='word_1_41' title='bbox 496 715 602 756; x_wconf 84' lang='lat' dir='ltr'><strong>causam</strong></span> <span class='ocrx_word' id='word_1_42' title='bbox 618 709 710 756; x_wconf 84' lang='lat' dir='ltr'><strong>cernat</strong></span> <span class='ocrx_word' id='word_1_43' title='bbox 724 718 753 756; x_wconf 90' lang='lat' dir='ltr'><strong>se</strong></span> <span class='ocrx_word' id='word_1_44' title='bbox 768 700 875 756; x_wconf 86' lang='lat' dir='ltr'><strong>beatum</strong></span> <span class='ocrx_word' id='word_1_45' title='bbox 894 701 963 758; x_wconf 85' lang='lat' dir='ltr'><strong>iore.</strong></span> <span class='ocrx_word' id='word_1_46' title='bbox 1000 702 1087 757; x_wconf 86' lang='lat' dir='ltr'><strong>Xlllll.</strong></span> 
     </span>
     <span class='ocr_line' id='line_1_7' title="bbox 125 783 1088 856; baseline 0.002 -16"><span class='ocrx_word' id='word_1_47' title='bbox 125 783 178 846; x_wconf 79' lang='lat'><strong>60.</strong></span> <span class='ocrx_word' id='word_1_48' title='bbox 199 801 260 840; x_wconf 88' lang='lat' dir='ltr'><strong>nam</strong></span> <span class='ocrx_word' id='word_1_49' title='bbox 279 799 364 856; x_wconf 91' lang='lat' dir='ltr'><strong>quom</strong></span> <span class='ocrx_word' id='word_1_50' title='bbox 383 784 487 838; x_wconf 84' lang='lat' dir='ltr'><strong>animus</strong></span> <span class='ocrx_word' id='word_1_51' title='bbox 502 785 619 856; x_wconf 87' lang='lat' dir='ltr'><strong>cognitis</strong></span> <span class='ocrx_word' id='word_1_52' title='bbox 634 786 823 856; x_wconf 80' lang='lat' dir='ltr'><strong>perceptisque</strong></span> <span class='ocrx_word' id='word_1_53' title='bbox 838 785 984 841; x_wconf 86' lang='lat' dir='ltr'><strong>uirtutibus</strong></span> <span class='ocrx_word' id='word_1_54' title='bbox 999 803 1014 842; x_wconf 84' lang='lat' dir='ltr'><strong>a</strong></span> <span class='ocrx_word' id='word_1_55' title='bbox 1028 803 1088 842; x_wconf 91' lang='lat' dir='ltr'><strong>cor·</strong></span> 
     </span>
     <span class='ocr_line' id='line_1_8' title="bbox 126 866 1088 945; baseline -0.001 -19"><span class='ocrx_word' id='word_1_56' title='bbox 126 871 202 945; x_wconf 89' lang='lat' dir='ltr'><strong>poris</strong></span> <span class='ocrx_word' id='word_1_57' title='bbox 222 869 355 940; x_wconf 92' lang='lat' dir='ltr'><strong>obsequio</strong></span> <span class='ocrx_word' id='word_1_58' title='bbox 375 866 598 940; x_wconf 78' lang='lat' dir='ltr'><strong>indulgentiaque</strong></span> <span class='ocrx_word' id='word_1_59' title='bbox 613 867 769 924; x_wconf 85' lang='lat' dir='ltr'><strong>discesserit</strong></span> <span class='ocrx_word' id='word_1_60' title='bbox 783 868 1003 942; x_wconf 85' lang='lat' dir='ltr'><strong>uoluptatemque</strong></span> <span class='ocrx_word' id='word_1_61' title='bbox 1017 871 1088 926; x_wconf 90' lang='lat' dir='ltr'><strong>sicut</strong></span> 
     </span>
     <span class='ocr_line' id='line_1_9' title="bbox 124 949 1087 1026; baseline 0 -17"><span class='ocrx_word' id='word_1_62' title='bbox 124 953 212 1010; x_wconf 85' lang='lat' dir='ltr'><strong>labem</strong></span> <span class='ocrx_word' id='word_1_63' title='bbox 227 951 344 1026; x_wconf 85' lang='lat' dir='ltr'><strong>aliquam</strong></span> <span class='ocrx_word' id='word_1_64' title='bbox 359 949 501 1006; x_wconf 84' lang='lat' dir='ltr'><strong>dedecoris</strong></span> <span class='ocrx_word' id='word_1_65' title='bbox 516 953 681 1023; x_wconf 86' lang='lat' dir='ltr'><strong>oppresserit</strong></span> <span class='ocrx_word' id='word_1_66' title='bbox 693 967 854 1024; x_wconf 90' lang='lat' dir='ltr'><strong>omnemque</strong></span> <span class='ocrx_word' id='word_1_67' title='bbox 865 954 959 1008; x_wconf 89' lang='lat' dir='ltr'><strong>mortis</strong></span> <span class='ocrx_word' id='word_1_68' title='bbox 972 953 1087 1009; x_wconf 91' lang='lat' dir='ltr'><strong>doloris-</strong></span> 
     </span>
     <span class='ocr_line' id='line_1_10' title="bbox 126 1033 1087 1111; baseline -0.001 -18"><span class='ocrx_word' id='word_1_69' title='bbox 126 1053 180 1111; x_wconf 89' lang='lat' dir='ltr'><strong>que</strong></span> <span class='ocrx_word' id='word_1_70' title='bbox 195 1038 322 1092; x_wconf 91' lang='lat' dir='ltr'><strong>timorem</strong></span> <span class='ocrx_word' id='word_1_71' title='bbox 338 1033 466 1106; x_wconf 82' lang='lat' dir='ltr'><strong>effugerit</strong></span> <span class='ocrx_word' id='word_1_72' title='bbox 480 1035 690 1106; x_wconf 88' lang='lat' dir='ltr'><strong>societatemque</strong></span> <span class='ocrx_word' id='word_1_73' title='bbox 711 1037 830 1090; x_wconf 86' lang='lat' dir='ltr'><strong>caritatis</strong></span> <span class='ocrx_word' id='word_1_74' title='bbox 846 1037 943 1091; x_wconf 88' lang='lat' dir='ltr'><strong>coierit</strong></span> <span class='ocrx_word' id='word_1_75' title='bbox 956 1052 1016 1091; x_wconf 91' lang='lat' dir='ltr'><strong>cum</strong></span> <span class='ocrx_word' id='word_1_76' title='bbox 1031 1039 1087 1092; x_wconf 90' lang='lat' dir='ltr'><strong>suis</strong></span> 
     </span>
     <span class='ocr_line' id='line_1_11' title="bbox 126 1117 1089 1192; baseline -0.003 -14"><span class='ocrx_word' id='word_1_77' title='bbox 126 1121 269 1192; x_wconf 86' lang='lat' dir='ltr'><strong>omnisque</strong></span> <span class='ocrx_word' id='word_1_78' title='bbox 290 1127 386 1174; x_wconf 80' lang='lat' dir='ltr'><strong>nature</strong></span> <span class='ocrx_word' id='word_1_79' title='bbox 409 1117 569 1174; x_wconf 81' lang='lat' dir='ltr'><strong>coniunctos</strong></span> <span class='ocrx_word' id='word_1_80' title='bbox 587 1134 653 1174; x_wconf 91' lang='lat' dir='ltr'><strong>suos</strong></span> <span class='ocrx_word' id='word_1_81' title='bbox 674 1118 779 1174; x_wconf 84' lang='lat' dir='ltr'><strong>duxerit</strong></span> <span class='ocrx_word' id='word_1_82' title='bbox 799 1118 956 1192; x_wconf 90' lang='lat' dir='ltr'><strong>cultumque</strong></span> <span class='ocrx_word' id='word_1_83' title='bbox 977 1119 1089 1175; x_wconf 90' lang='lat' dir='ltr'><strong>deorum</strong></span> 
     </span>
     <span class='ocr_line' id='line_1_12' title="bbox 125 1201 1088 1278; baseline -0.003 -17"><span class='ocrx_word' id='word_1_84' title='bbox 125 1213 153 1262; x_wconf 86' lang='lat' dir='ltr'><strong>ot</strong></span> <span class='ocrx_word' id='word_1_85' title='bbox 167 1219 263 1278; x_wconf 87' lang='lat' dir='ltr'><strong>puram</strong></span> <span class='ocrx_word' id='word_1_86' title='bbox 275 1201 436 1274; x_wconf 76' lang='lat' dir='ltr'><strong>religionem</strong></span> <span class='ocrx_word' id='word_1_87' title='bbox 447 1203 599 1274; x_wconf 87' lang='lat' dir='ltr'><strong>susceperit</strong></span> <span class='ocrx_word' id='word_1_88' title='bbox 614 1211 641 1258; x_wconf 91' lang='lat' dir='ltr'><strong>et</strong></span> <span class='ocrx_word' id='word_1_89' title='bbox 653 1203 787 1258; x_wconf 82' lang='lat' dir='ltr'><strong>exacuerit</strong></span> <span class='ocrx_word' id='word_1_90' title='bbox 796 1202 880 1272; x_wconf 88' lang='lat' dir='ltr'><strong>illam,</strong></span> <span class='ocrx_word' id='word_1_91' title='bbox 895 1211 926 1258; x_wconf 88' lang='lat' dir='ltr'><strong>ut</strong></span> <span class='ocrx_word' id='word_1_92' title='bbox 938 1203 1088 1275; x_wconf 88' lang='lat' dir='ltr'><strong>oculorum,</strong></span> 
     </span>
     <span class='ocr_line' id='line_1_13' title="bbox 125 1282 1089 1360; baseline -0.004 -16"><span class='ocrx_word' id='word_1_93' title='bbox 125 1289 165 1344; x_wconf 90' lang='lat' dir='ltr'><strong>sio</strong></span> <span class='ocrx_word' id='word_1_94' title='bbox 180 1288 284 1360; x_wconf 89' lang='lat' dir='ltr'><strong>ingenii</strong></span> <span class='ocrx_word' id='word_1_95' title='bbox 299 1286 381 1341; x_wconf 81' lang='lat' dir='ltr'><strong>aciem</strong></span> <span class='ocrx_word' id='word_1_96' title='bbox 397 1282 514 1340; x_wconf 78' lang='lat' dir='ltr'><strong>adhorta</strong></span> <span class='ocrx_word' id='word_1_97' title='bbox 530 1283 652 1358; x_wconf 88' lang='lat' dir='ltr'><strong>eligenda</strong></span> <span class='ocrx_word' id='word_1_98' title='bbox 668 1293 696 1340; x_wconf 93' lang='lat' dir='ltr'><strong>et</strong></span> <span class='ocrx_word' id='word_1_99' title='bbox 710 1284 844 1342; x_wconf 86' lang='lat' dir='ltr'><strong>reicienda</strong></span> <span class='ocrx_word' id='word_1_100' title='bbox 861 1287 1005 1357; x_wconf 87' lang='lat' dir='ltr'><strong>contraria,</strong></span> <span class='ocrx_word' id='word_1_101' title='bbox 1021 1302 1089 1358; x_wconf 90' lang='lat' dir='ltr'><strong>quae</strong></span> 
     </span>
     <span class='ocr_line' id='line_1_14' title="bbox 127 1366 1090 1442; baseline -0.001 -15"><span class='ocrx_word' id='word_1_102' title='bbox 127 1373 218 1427; x_wconf 88' lang='lat' dir='ltr'><strong>uirtus</strong></span> <span class='ocrx_word' id='word_1_103' title='bbox 233 1387 266 1424; x_wconf 80' lang='lat' dir='ltr'><strong>ex</strong></span> <span class='ocrx_word' id='word_1_104' title='bbox 284 1366 450 1442; x_wconf 90' lang='lat' dir='ltr'><strong>prouidendo</strong></span> <span class='ocrx_word' id='word_1_105' title='bbox 470 1378 512 1423; x_wconf 89' lang='lat' dir='ltr'><strong>est</strong></span> <span class='ocrx_word' id='word_1_106' title='bbox 526 1368 659 1440; x_wconf 83' lang='lat' dir='ltr'><strong>appellata</strong></span> <span class='ocrx_word' id='word_1_107' title='bbox 674 1367 825 1441; x_wconf 89' lang='lat' dir='ltr'><strong>prudentia,</strong></span> <span class='ocrx_word' id='word_1_108' title='bbox 848 1371 911 1442; x_wconf 93' lang='lat' dir='ltr'><strong>quid</strong></span> <span class='ocrx_word' id='word_1_109' title='bbox 925 1387 958 1425; x_wconf 90' lang='lat' dir='ltr'><strong>eo</strong></span> <span class='ocrx_word' id='word_1_110' title='bbox 974 1369 1026 1425; x_wconf 85' lang='lat' dir='ltr'><strong>dici</strong></span> <span class='ocrx_word' id='word_1_111' title='bbox 1044 1379 1090 1426; x_wconf 90' lang='lat' dir='ltr'><strong>aut</strong></span> 
     </span>
     <span class='ocr_line' id='line_1_15' title="bbox 129 1447 1088 1536; baseline 0 -26"><span class='ocrx_word' id='word_1_112' title='bbox 129 1454 362 1536; x_wconf 60' lang='lat' dir='ltr'><strong>cogitar&#39;gpoterit</strong></span> <span class='ocrx_word' id='word_1_113' title='bbox 382 1451 507 1506; x_wconf 81' lang='lat' dir='ltr'><strong>beatius?</strong></span> <span class='ocrx_word' id='word_1_114' title='bbox 547 1447 590 1508; x_wconf 82' lang='lat'><strong>61.</strong></span> <span class='ocrx_word' id='word_1_115' title='bbox 613 1452 738 1524; x_wconf 89' lang='lat' dir='ltr'><strong>idemque</strong></span> <span class='ocrx_word' id='word_1_116' title='bbox 758 1470 839 1526; x_wconf 89' lang='lat' dir='ltr'><strong>quom</strong></span> <span class='ocrx_word' id='word_1_117' title='bbox 860 1453 975 1526; x_wconf 89' lang='lat' dir='ltr'><strong>caelum,</strong></span> <span class='ocrx_word' id='word_1_118' title='bbox 992 1463 1088 1526; x_wconf 90' lang='lat' dir='ltr'><strong>terras,</strong></span> 
     </span>
     <span class='ocr_line' id='line_1_16' title="bbox 126 1536 1089 1610; baseline -0.001 -16"><span class='ocrx_word' id='word_1_119' title='bbox 126 1539 214 1594; x_wconf 84' lang='lat' dir='ltr'><strong>maria</strong></span> <span class='ocrx_word' id='word_1_120' title='bbox 229 1552 370 1607; x_wconf 89' lang='lat' dir='ltr'><strong>rerumque</strong></span> <span class='ocrx_word' id='word_1_121' title='bbox 392 1536 511 1590; x_wconf 88' lang='lat' dir='ltr'><strong>omnium</strong></span> <span class='ocrx_word' id='word_1_122' title='bbox 526 1542 650 1590; x_wconf 82' lang='lat' dir='ltr'><strong>naturam</strong></span> <span class='ocrx_word' id='word_1_123' title='bbox 664 1538 841 1608; x_wconf 74' lang='lat' dir='ltr'><strong>perspexerit,</strong></span> <span class='ocrx_word' id='word_1_124' title='bbox 857 1553 941 1610; x_wconf 91' lang='lat' dir='ltr'><strong>eaque</strong></span> <span class='ocrx_word' id='word_1_125' title='bbox 957 1537 1027 1594; x_wconf 89' lang='lat' dir='ltr'><strong>unde</strong></span> <span class='ocrx_word' id='word_1_126' title='bbox 1043 1554 1089 1608; x_wconf 85' lang='lat' dir='ltr'><strong>ge·</strong></span> 
     </span>
     <span class='ocr_line' id='line_1_17' title="bbox 123 1619 1089 1694; baseline -0.001 -17"><span class='ocrx_word' id='word_1_127' title='bbox 123 1630 229 1692; x_wconf 80' lang='lat' dir='ltr'><strong>cerata,</strong></span> <span class='ocrx_word' id='word_1_128' title='bbox 253 1635 308 1692; x_wconf 93' lang='lat' dir='ltr'><strong>quo</strong></span> <span class='ocrx_word' id='word_1_129' title='bbox 322 1635 477 1690; x_wconf 87' lang='lat' dir='ltr'><strong>recursura,</strong></span> <span class='ocrx_word' id='word_1_130' title='bbox 499 1619 616 1691; x_wconf 90' lang='lat' dir='ltr'><strong>quando,</strong></span> <span class='ocrx_word' id='word_1_131' title='bbox 638 1637 692 1692; x_wconf 90' lang='lat' dir='ltr'><strong>quo</strong></span> <span class='ocrx_word' id='word_1_132' title='bbox 708 1619 789 1676; x_wconf 91' lang='lat' dir='ltr'><strong>modo</strong></span> <span class='ocrx_word' id='word_1_133' title='bbox 804 1620 920 1684; x_wconf 85' lang='lat' dir='ltr'><strong>obitura,</strong></span> <span class='ocrx_word' id='word_1_134' title='bbox 936 1621 1001 1694; x_wconf 92' lang='lat' dir='ltr'><strong>quid</strong></span> <span class='ocrx_word' id='word_1_135' title='bbox 1015 1623 1043 1678; x_wconf 88' lang='lat' dir='ltr'><strong>iu</strong></span> <span class='ocrx_word' id='word_1_136' title='bbox 1057 1623 1089 1677; x_wconf 92' lang='lat' dir='ltr'><strong>iis</strong></span> 
     </span>
     <span class='ocr_line' id='line_1_18' title="bbox 125 1701 1090 1777; baseline -0.001 -17"><span class='ocrx_word' id='word_1_137' title='bbox 125 1703 242 1760; x_wconf 79' lang='lat' dir='ltr'><strong>mortale</strong></span> <span class='ocrx_word' id='word_1_138' title='bbox 265 1712 293 1759; x_wconf 90' lang='lat' dir='ltr'><strong>et</strong></span> <span class='ocrx_word' id='word_1_139' title='bbox 315 1701 455 1772; x_wconf 85' lang='lat' dir='ltr'><strong>caducum,</strong></span> <span class='ocrx_word' id='word_1_140' title='bbox 478 1701 543 1775; x_wconf 92' lang='lat' dir='ltr'><strong>quid</strong></span> <span class='ocrx_word' id='word_1_141' title='bbox 565 1702 685 1758; x_wconf 91' lang='lat' dir='ltr'><strong>diuinum</strong></span> <span class='ocrx_word' id='word_1_142' title='bbox 707 1713 899 1777; x_wconf 81' lang='lat' dir='ltr'><strong>aeternumque</strong></span> <span class='ocrx_word' id='word_1_143' title='bbox 922 1706 968 1774; x_wconf 89' lang='lat' dir='ltr'><strong>sit,</strong></span> <span class='ocrx_word' id='word_1_144' title='bbox 992 1705 1090 1762; x_wconf 89' lang='lat' dir='ltr'><strong>uiderit</strong></span> 
     </span>
     <span class='ocr_line' id='line_1_19' title="bbox 123 1785 1090 1862; baseline -0.001 -17"><span class='ocrx_word' id='word_1_145' title='bbox 123 1791 270 1862; x_wconf 87' lang='lat' dir='ltr'><strong>ipsumque</strong></span> <span class='ocrx_word' id='word_1_146' title='bbox 285 1803 317 1843; x_wconf 87' lang='lat' dir='ltr'><strong>ea</strong></span> <span class='ocrx_word' id='word_1_147' title='bbox 331 1785 514 1841; x_wconf 86' lang='lat' dir='ltr'><strong>moderantem</strong></span> <span class='ocrx_word' id='word_1_148' title='bbox 529 1793 557 1841; x_wconf 92' lang='lat' dir='ltr'><strong>et</strong></span> <span class='ocrx_word' id='word_1_149' title='bbox 570 1795 710 1860; x_wconf 89' lang='lat' dir='ltr'><strong>regentem</strong></span> <span class='ocrx_word' id='word_1_150' title='bbox 722 1804 806 1862; x_wconf 86' lang='lat' dir='ltr'><strong>paene</strong></span> <span class='ocrx_word' id='word_1_151' title='bbox 823 1787 961 1860; x_wconf 88' lang='lat' dir='ltr'><strong>prenderit</strong></span> <span class='ocrx_word' id='word_1_152' title='bbox 976 1804 1090 1862; x_wconf 83' lang='lat' dir='ltr'><strong>seseque</strong></span> 
     </span>
     <span class='ocr_line' id='line_1_20' title="bbox 123 1869 1089 1943; baseline -0.003 -14"><span class='ocrx_word' id='word_1_153' title='bbox 123 1889 179 1929; x_wconf 89' lang='lat' dir='ltr'><strong>uon</strong></span> <span class='ocrx_word' id='word_1_154' title='bbox 193 1872 237 1928; x_wconf 89' lang='lat' dir='ltr'><strong>his</strong></span> <span class='ocrx_word' id='word_1_155' title='bbox 253 1869 447 1926; x_wconf 89' lang='lat' dir='ltr'><strong>circumdatum</strong></span> <span class='ocrx_word' id='word_1_156' title='bbox 459 1869 597 1926; x_wconf 87' lang='lat' dir='ltr'><strong>moenibus</strong></span> <span class='ocrx_word' id='word_1_157' title='bbox 609 1871 767 1943; x_wconf 79' lang='lat' dir='ltr'><strong>popularem</strong></span> <span class='ocrx_word' id='word_1_158' title='bbox 784 1871 896 1926; x_wconf 83' lang='lat' dir='ltr'><strong>alicuius</strong></span> <span class='ocrx_word' id='word_1_159' title='bbox 908 1869 1012 1926; x_wconf 84' lang='lat' dir='ltr'><strong>definiti</strong></span> <span class='ocrx_word' id='word_1_160' title='bbox 1025 1871 1089 1941; x_wconf 88' lang='lat' dir='ltr'><strong>loci,</strong></span> 
     </span>
    </p>
   </div>
   <div class='ocr_carea' id='block_1_3' title="bbox 22 1951 1090 2026">
    <p class='ocr_par' dir='ltr' id='par_1_3' title="bbox 22 1951 1090 2026">
     <span class='ocr_line' id='line_1_21' title="bbox 22 1951 1090 2026; baseline -0.001 -16"><span class='ocrx_word' id='word_1_161' title='bbox 22 1985 23 2010; x_wconf 68' lang='grc'><strong>;</strong></span> <span class='ocrx_word' id='word_1_162' title='bbox 125 1965 168 2012; x_wconf 83' lang='grc' dir='ltr'><strong>εει</strong></span> <span class='ocrx_word' id='word_1_163' title='bbox 182 1957 270 2012; x_wconf 86' lang='lat' dir='ltr'><strong>ciuem</strong></span> <span class='ocrx_word' id='word_1_164' title='bbox 284 1955 370 2010; x_wconf 86' lang='lat' dir='ltr'><strong>totius</strong></span> <span class='ocrx_word' id='word_1_165' title='bbox 382 1951 473 2007; x_wconf 90' lang='lat' dir='ltr'><strong>mundi</strong></span> <span class='ocrx_word' id='word_1_166' title='bbox 488 1954 565 2026; x_wconf 90' lang='lat' dir='ltr'><strong>quasi</strong></span> <span class='ocrx_word' id='word_1_167' title='bbox 581 1955 660 2008; x_wconf 91' lang='lat' dir='ltr'><strong>unius</strong></span> <span class='ocrx_word' id='word_1_168' title='bbox 676 1953 749 2010; x_wconf 89' lang='lat' dir='ltr'><strong>urbis</strong></span> <span class='ocrx_word' id='word_1_169' title='bbox 764 1955 916 2025; x_wconf 83' lang='lat' dir='ltr'><strong>agnouerit,</strong></span> <span class='ocrx_word' id='word_1_170' title='bbox 937 1956 964 2009; x_wconf 93' lang='lat' dir='ltr'><strong>in</strong></span> <span class='ocrx_word' id='word_1_171' title='bbox 980 1954 1031 2008; x_wconf 89' lang='lat' dir='ltr'><strong>hac</strong></span> <span class='ocrx_word' id='word_1_172' title='bbox 1045 1953 1090 2010; x_wconf 92' lang='lat' dir='ltr'><strong>ille</strong></span> 
     </span>
    </p>
   </div>
   <div class='ocr_carea' id='block_1_4' title="bbox 83 2037 1090 2362">
    <p class='ocr_par' dir='ltr' id='par_1_4' title="bbox 83 2037 1090 2362">
     <span class='ocr_line' id='line_1_22' title="bbox 126 2037 1090 2113; baseline -0.003 -18"><span class='ocrx_word' id='word_1_173' title='bbox 126 2037 324 2113; x_wconf 80' lang='lat' dir='ltr'><strong>magnificentie</strong></span> <span class='ocrx_word' id='word_1_174' title='bbox 344 2052 435 2092; x_wconf 92' lang='lat' dir='ltr'><strong>rerum</strong></span> <span class='ocrx_word' id='word_1_175' title='bbox 457 2043 537 2110; x_wconf 90' lang='lat' dir='ltr'><strong>atque</strong></span> <span class='ocrx_word' id='word_1_176' title='bbox 552 2037 579 2091; x_wconf 89' lang='lat' dir='ltr'><strong>in</strong></span> <span class='ocrx_word' id='word_1_177' title='bbox 595 2037 647 2092; x_wconf 89' lang='lat' dir='ltr'><strong>hoo</strong></span> <span class='ocrx_word' id='word_1_178' title='bbox 663 2044 813 2110; x_wconf 87' lang='lat' dir='ltr'><strong>conspeetu</strong></span> <span class='ocrx_word' id='word_1_179' title='bbox 828 2045 856 2092; x_wconf 91' lang='lat' dir='ltr'><strong>et</strong></span> <span class='ocrx_word' id='word_1_180' title='bbox 872 2037 1029 2108; x_wconf 89' lang='lat' dir='ltr'><strong>cognitione</strong></span> <span class='ocrx_word' id='word_1_181' title='bbox 1043 2053 1090 2092; x_wconf 87' lang='lat' dir='ltr'><strong>na·</strong></span> 
     </span>
     <span class='ocr_line' id='line_1_23' title="bbox 127 2119 1090 2193; baseline -0.004 -14"><span class='ocrx_word' id='word_1_182' title='bbox 127 2132 218 2184; x_wconf 90' lang='lat' dir='ltr'><strong>turae,</strong></span> <span class='ocrx_word' id='word_1_183' title='bbox 239 2122 277 2177; x_wconf 93' lang='lat' dir='ltr'><strong>dii</strong></span> <span class='ocrx_word' id='word_1_184' title='bbox 291 2119 464 2189; x_wconf 87' lang='lat' dir='ltr'><strong>inmortales,</strong></span> <span class='ocrx_word' id='word_1_185' title='bbox 480 2136 559 2192; x_wconf 90' lang='lat' dir='ltr'><strong>quam</strong></span> <span class='ocrx_word' id='word_1_186' title='bbox 575 2137 604 2174; x_wconf 92' lang='lat' dir='ltr'><strong>se</strong></span> <span class='ocrx_word' id='word_1_187' title='bbox 619 2121 676 2192; x_wconf 91' lang='lat' dir='ltr'><strong>ipse</strong></span> <span class='ocrx_word' id='word_1_188' title='bbox 691 2127 796 2192; x_wconf 86' lang='lat' dir='ltr'><strong>noscet,</strong></span> <span class='ocrx_word' id='word_1_189' title='bbox 812 2119 886 2192; x_wconf 94' lang='lat' dir='ltr'><strong>quod</strong></span> <span class='ocrx_word' id='word_1_190' title='bbox 900 2119 998 2192; x_wconf 84' lang='lat' dir='ltr'><strong>Apollo</strong></span> <span class='ocrx_word' id='word_1_191' title='bbox 1013 2137 1090 2193; x_wconf 88' lang='lat' dir='ltr'><strong>prae-</strong></span> 
     </span>
     <span class='ocr_line' id='line_1_24' title="bbox 126 2203 1090 2280; baseline -0.003 -18"><span class='ocrx_word' id='word_1_192' title='bbox 126 2208 199 2280; x_wconf 90' lang='lat' dir='ltr'><strong>cepit</strong></span> <span class='ocrx_word' id='word_1_193' title='bbox 218 2205 349 2279; x_wconf 73' lang='lat' dir='ltr'><strong>Pythius‚</strong></span> <span class='ocrx_word' id='word_1_194' title='bbox 373 2219 451 2276; x_wconf 84' lang='lat' dir='ltr'><strong>quam</strong></span> <span class='ocrx_word' id='word_1_195' title='bbox 474 2211 644 2274; x_wconf 78' lang='lat' dir='ltr'><strong>contemnet,</strong></span> <span class='ocrx_word' id='word_1_196' title='bbox 667 2220 748 2275; x_wconf 85' lang='lat' dir='ltr'><strong>quam</strong></span> <span class='ocrx_word' id='word_1_197' title='bbox 770 2203 914 2276; x_wconf 85' lang='lat' dir='ltr'><strong>despiciet,</strong></span> <span class='ocrx_word' id='word_1_198' title='bbox 939 2219 1017 2276; x_wconf 91' lang='lat' dir='ltr'><strong>quam</strong></span> <span class='ocrx_word' id='word_1_199' title='bbox 1039 2221 1090 2276; x_wconf 92' lang='lat' dir='ltr'><strong>pro</strong></span> 
     </span>
     <span class='ocr_line' id='line_1_25' title="bbox 83 2282 1090 2362; baseline 0.002 -17"><span class='ocrx_word' id='word_1_200' title='bbox 83 2357 86 2360; x_wconf 21' lang='grc' dir='ltr'>Ι</span> <span class='ocrx_word' id='word_1_201' title='bbox 125 2290 212 2346; x_wconf 91' lang='lat' dir='ltr'><strong>nihilo</strong></span> <span class='ocrx_word' id='word_1_202' title='bbox 227 2288 334 2362; x_wconf 79' lang='lat' dir='ltr'><strong>putabit</strong></span> <span class='ocrx_word' id='word_1_203' title='bbox 349 2303 389 2357; x_wconf 88' lang='lat' dir='ltr'><strong>ea,</strong></span> <span class='ocrx_word' id='word_1_204' title='bbox 410 2303 478 2358; x_wconf 91' lang='lat' dir='ltr'><strong>quae</strong></span> <span class='ocrx_word' id='word_1_205' title='bbox 495 2286 576 2359; x_wconf 91' lang='lat' dir='ltr'><strong>uolgo</strong></span> <span class='ocrx_word' id='word_1_206' title='bbox 593 2287 718 2343; x_wconf 89' lang='lat' dir='ltr'><strong>dicuntur</strong></span> <span class='ocrx_word' id='word_1_207' title='bbox 733 2287 903 2361; x_wconf 86' lang='lat' dir='ltr'><strong>amplissima.</strong></span> <span class='ocrx_word' id='word_1_208' title='bbox 933 2285 1021 2342; x_wconf 81' lang='lat' dir='ltr'><strong>xxw.</strong></span> <span class='ocrx_word' id='word_1_209' title='bbox 1043 2282 1090 2346; x_wconf 77' lang='lat'><strong>62.</strong></span> 
     </span>
    </p>
   </div>
   <div class='ocr_carea' id='block_1_5' title="bbox 22 2369 1090 2613">
    <p class='ocr_par' dir='ltr' id='par_1_5' title="bbox 22 2369 1090 2613">
     <span class='ocr_line' id='line_1_26' title="bbox 23 2369 1090 2446; baseline -0.001 -19"><span class='ocrx_word' id='word_1_210' title='bbox 23 2369 24 2396; x_wconf 78' lang='lat'><em>³</em></span> <span class='ocrx_word' id='word_1_211' title='bbox 126 2376 216 2446; x_wconf 79' lang='lat' dir='ltr'><strong>Atque</strong></span> <span class='ocrx_word' id='word_1_212' title='bbox 236 2373 302 2428; x_wconf 83' lang='lat' dir='ltr'><strong>hoec</strong></span> <span class='ocrx_word' id='word_1_213' title='bbox 323 2371 412 2426; x_wconf 84' lang='lat' dir='ltr'><strong>omniu</strong></span> <span class='ocrx_word' id='word_1_214' title='bbox 428 2371 506 2441; x_wconf 85' lang='lat' dir='ltr'><strong>quasi</strong></span> <span class='ocrx_word' id='word_1_215' title='bbox 520 2372 685 2444; x_wconf 88' lang='lat' dir='ltr'><strong>saepimento</strong></span> <span class='ocrx_word' id='word_1_216' title='bbox 702 2371 792 2444; x_wconf 89' lang='lat' dir='ltr'><strong>aliquo</strong></span> <span class='ocrx_word' id='word_1_217' title='bbox 814 2369 924 2428; x_wconf 80' lang='lat' dir='ltr'><strong>uallabit</strong></span> <span class='ocrx_word' id='word_1_218' title='bbox 941 2371 1090 2428; x_wconf 88' lang='lat' dir='ltr'><strong>disserendi</strong></span> 
     </span>
     <span class='ocr_line' id='line_1_27' title="bbox 127 2452 1090 2527; baseline -0.001 -16.097"><span class='ocrx_word' id='word_1_219' title='bbox 127 2458 242 2526; x_wconf 78' lang='lat' dir='ltr'><strong>ratione,</strong></span> <span class='ocrx_word' id='word_1_220' title='bbox 263 2456 324 2512; x_wconf 89' lang='lat' dir='ltr'><strong>ueri</strong></span> <span class='ocrx_word' id='word_1_221' title='bbox 343 2462 373 2510; x_wconf 90' lang='lat' dir='ltr'><strong>et</strong></span> <span class='ocrx_word' id='word_1_222' title='bbox 393 2453 453 2508; x_wconf 81' lang='lat' dir='ltr'><strong>falsi</strong></span> <span class='ocrx_word' id='word_1_223' title='bbox 467 2452 599 2510; x_wconf 85' lang='lat' dir='ltr'><strong>iudicandi</strong></span> <span class='ocrx_word' id='word_1_224' title='bbox 620 2455 732 2510; x_wconf 88' lang='lat' dir='ltr'><strong>scientia</strong></span> <span class='ocrx_word' id='word_1_225' title='bbox 752 2463 780 2511; x_wconf 89' lang='lat' dir='ltr'><strong>et</strong></span> <span class='ocrx_word' id='word_1_226' title='bbox 799 2462 858 2510; x_wconf 87' lang='lat' dir='ltr'><strong>arte</strong></span> <span class='ocrx_word' id='word_1_227' title='bbox 878 2455 991 2527; x_wconf 89' lang='lat' dir='ltr'><strong>quadarn</strong></span> <span class='ocrx_word' id='word_1_228' title='bbox 1011 2454 1090 2512; x_wconf 93' lang='lat' dir='ltr'><strong>intel·</strong></span> 
     </span>
     <span class='ocr_line' id='line_1_28' title="bbox 22 2534 1089 2613; baseline -0.001 -18"><span class='ocrx_word' id='word_1_229' title='bbox 22 2565 24 2576; x_wconf 28' lang='grc' dir='ltr'><em>Δ</em></span> <span class='ocrx_word' id='word_1_230' title='bbox 128 2539 246 2613; x_wconf 89' lang='lat' dir='ltr'><strong>legendi,</strong></span> <span class='ocrx_word' id='word_1_231' title='bbox 263 2534 329 2612; x_wconf 93' lang='lat' dir='ltr'><strong>quid</strong></span> <span class='ocrx_word' id='word_1_232' title='bbox 347 2553 481 2610; x_wconf 83' lang='lat' dir='ltr'><strong>quomque</strong></span> <span class='ocrx_word' id='word_1_233' title='bbox 496 2553 553 2592; x_wconf 89' lang='lat' dir='ltr'><strong>rem</strong></span> <span class='ocrx_word' id='word_1_234' title='bbox 569 2547 698 2610; x_wconf 84' lang='lat' dir='ltr'><strong>sequatur</strong></span> <span class='ocrx_word' id='word_1_235' title='bbox 713 2547 740 2594; x_wconf 93' lang='lat' dir='ltr'><strong>et</strong></span> <span class='ocrx_word' id='word_1_236' title='bbox 763 2538 827 2611; x_wconf 91' lang='lat' dir='ltr'><strong>quid</strong></span> <span class='ocrx_word' id='word_1_237' title='bbox 843 2540 878 2593; x_wconf 87' lang='lat' dir='ltr'><strong>sit</strong></span> <span class='ocrx_word' id='word_1_238' title='bbox 893 2541 1011 2611; x_wconf 90' lang='lat' dir='ltr'><strong>quoique</strong></span> <span class='ocrx_word' id='word_1_239' title='bbox 1026 2555 1089 2594; x_wconf 85' lang='lat' dir='ltr'><strong>oon·</strong></span> 
     </span>
    </p>
   </div>
   <div class='ocr_carea' id='block_1_6' title="bbox 123 2621 1091 2946">
    <p class='ocr_par' dir='ltr' id='par_1_6' title="bbox 123 2621 1091 2946">
     <span class='ocr_line' id='line_1_29' title="bbox 127 2621 1090 2696; baseline -0.001 -17"><span class='ocrx_word' id='word_1_240' title='bbox 127 2623 249 2683; x_wconf 87' lang='lat' dir='ltr'><strong>trarium.</strong></span> <span class='ocrx_word' id='word_1_241' title='bbox 281 2638 418 2696; x_wconf 84' lang='lat' dir='ltr'><strong>quomque</strong></span> <span class='ocrx_word' id='word_1_242' title='bbox 440 2637 469 2676; x_wconf 90' lang='lat' dir='ltr'><strong>se</strong></span> <span class='ocrx_word' id='word_1_243' title='bbox 491 2621 523 2676; x_wconf 90' lang='lat' dir='ltr'><strong>ad</strong></span> <span class='ocrx_word' id='word_1_244' title='bbox 545 2621 651 2677; x_wconf 90' lang='lat' dir='ltr'><strong>ciuilem</strong></span> <span class='ocrx_word' id='word_1_245' title='bbox 671 2624 828 2678; x_wconf 86' lang='lat' dir='ltr'><strong>societatem</strong></span> <span class='ocrx_word' id='word_1_246' title='bbox 849 2629 941 2677; x_wconf 84' lang='lat' dir='ltr'><strong>netum</strong></span> <span class='ocrx_word' id='word_1_247' title='bbox 963 2623 1090 2691; x_wconf 87' lang='lat' dir='ltr'><strong>senserit,</strong></span> 
     </span>
     <span class='ocr_line' id='line_1_30' title="bbox 124 2703 1091 2778; baseline 0 -16"><span class='ocrx_word' id='word_1_248' title='bbox 124 2723 182 2763; x_wconf 90' lang='lat' dir='ltr'><strong>non</strong></span> <span class='ocrx_word' id='word_1_249' title='bbox 205 2705 295 2762; x_wconf 84' lang='lat' dir='ltr'><strong>solum</strong></span> <span class='ocrx_word' id='word_1_250' title='bbox 314 2704 360 2762; x_wconf 88' lang='lat' dir='ltr'><strong>illa</strong></span> <span class='ocrx_word' id='word_1_251' title='bbox 379 2703 471 2760; x_wconf 89' lang='lat' dir='ltr'><strong>subtili</strong></span> <span class='ocrx_word' id='word_1_252' title='bbox 494 2703 676 2778; x_wconf 81' lang='lat' dir='ltr'><strong>disputatione</strong></span> <span class='ocrx_word' id='word_1_253' title='bbox 695 2704 745 2761; x_wconf 87' lang='lat' dir='ltr'><strong>sibi</strong></span> <span class='ocrx_word' id='word_1_254' title='bbox 766 2704 897 2762; x_wconf 89' lang='lat' dir='ltr'><strong>utendum</strong></span> <span class='ocrx_word' id='word_1_255' title='bbox 912 2705 1026 2778; x_wconf 88' lang='lat' dir='ltr'><strong>putabit,</strong></span> <span class='ocrx_word' id='word_1_256' title='bbox 1041 2705 1091 2762; x_wconf 86' lang='lat' dir='ltr'><strong>sed</strong></span> 
     </span>
     <span class='ocr_line' id='line_1_31' title="bbox 124 2788 1090 2862; baseline -0.002 -16"><span class='ocrx_word' id='word_1_257' title='bbox 124 2791 208 2846; x_wconf 89' lang='lat' dir='ltr'><strong>etiam</strong></span> <span class='ocrx_word' id='word_1_258' title='bbox 230 2789 291 2845; x_wconf 81' lang='lat' dir='ltr'><strong>lusa</strong></span> <span class='ocrx_word' id='word_1_259' title='bbox 313 2788 394 2845; x_wconf 86' lang='lat' dir='ltr'><strong>latius</strong></span> <span class='ocrx_word' id='word_1_260' title='bbox 415 2795 547 2861; x_wconf 87' lang='lat' dir='ltr'><strong>perpetua</strong></span> <span class='ocrx_word' id='word_1_261' title='bbox 569 2790 702 2861; x_wconf 80' lang='lat' dir='ltr'><strong>oratione,</strong></span> <span class='ocrx_word' id='word_1_262' title='bbox 724 2805 775 2862; x_wconf 86' lang='lat' dir='ltr'><strong>qua</strong></span> <span class='ocrx_word' id='word_1_263' title='bbox 795 2797 874 2862; x_wconf 90' lang='lat' dir='ltr'><strong>regat</strong></span> <span class='ocrx_word' id='word_1_264' title='bbox 888 2788 1015 2862; x_wconf 90' lang='lat' dir='ltr'><strong>populos,</strong></span> <span class='ocrx_word' id='word_1_265' title='bbox 1038 2806 1090 2862; x_wconf 87' lang='lat' dir='ltr'><strong>qua</strong></span> 
     </span>
     <span class='ocr_line' id='line_1_32' title="bbox 123 2871 1090 2946; baseline -0.001 -17"><span class='ocrx_word' id='word_1_266' title='bbox 123 2873 246 2930; x_wconf 87' lang='lat' dir='ltr'><strong>stabiliat</strong></span> <span class='ocrx_word' id='word_1_267' title='bbox 260 2873 346 2946; x_wconf 85' lang='lat' dir='ltr'><strong>leges,</strong></span> <span class='ocrx_word' id='word_1_268' title='bbox 366 2888 420 2946; x_wconf 82' lang='lat' dir='ltr'><strong>qua</strong></span> <span class='ocrx_word' id='word_1_269' title='bbox 436 2873 549 2945; x_wconf 80' lang='lat' dir='ltr'><strong>castiget</strong></span> <span class='ocrx_word' id='word_1_270' title='bbox 563 2873 710 2946; x_wconf 88' lang='lat' dir='ltr'><strong>improbos,</strong></span> <span class='ocrx_word' id='word_1_271' title='bbox 732 2888 784 2946; x_wconf 85' lang='lat' dir='ltr'><strong>qua</strong></span> <span class='ocrx_word' id='word_1_272' title='bbox 800 2881 908 2928; x_wconf 91' lang='lat' dir='ltr'><strong>tueatur</strong></span> <span class='ocrx_word' id='word_1_273' title='bbox 919 2871 1015 2944; x_wconf 90' lang='lat' dir='ltr'><strong>bonos,</strong></span> <span class='ocrx_word' id='word_1_274' title='bbox 1037 2889 1090 2946; x_wconf 84' lang='lat' dir='ltr'><strong>qun</strong></span> 
     </span>
    </p>
   </div>
   <div class='ocr_carea' id='block_1_7' title="bbox 22 2955 1090 3030">
    <p class='ocr_par' dir='ltr' id='par_1_7' title="bbox 22 2955 1090 3030">
     <span class='ocr_line' id='line_1_33' title="bbox 22 2955 1090 3030; baseline -0.001 -18"><span class='ocrx_word' id='word_1_275' title='bbox 22 2959 23 2968; x_wconf 76' lang='grc'>’</span> <span class='ocrx_word' id='word_1_276' title='bbox 123 2956 219 3013; x_wconf 85' lang='lat' dir='ltr'><strong>laudet</strong></span> <span class='ocrx_word' id='word_1_277' title='bbox 239 2955 327 3012; x_wconf 88' lang='lat' dir='ltr'><strong>claros</strong></span> <span class='ocrx_word' id='word_1_278' title='bbox 348 2957 435 3027; x_wconf 86' lang='lat' dir='ltr'><strong>uiros,</strong></span> <span class='ocrx_word' id='word_1_279' title='bbox 455 2971 524 3027; x_wconf 89' lang='lat' dir='ltr'><strong>quae</strong></span> <span class='ocrx_word' id='word_1_280' title='bbox 544 2966 685 3030; x_wconf 90' lang='lat' dir='ltr'><strong>praecepta</strong></span> <span class='ocrx_word' id='word_1_281' title='bbox 705 2955 801 3012; x_wconf 88' lang='lat' dir='ltr'><strong>salutis</strong></span> <span class='ocrx_word' id='word_1_282' title='bbox 821 2963 848 3012; x_wconf 91' lang='lat' dir='ltr'><strong>et</strong></span> <span class='ocrx_word' id='word_1_283' title='bbox 868 2955 955 3012; x_wconf 85' lang='lat' dir='ltr'><strong>laudis</strong></span> <span class='ocrx_word' id='word_1_284' title='bbox 974 2965 1037 3030; x_wconf 86' lang='lat' dir='ltr'><strong>epte</strong></span> <span class='ocrx_word' id='word_1_285' title='bbox 1058 2956 1090 3012; x_wconf 89' lang='lat' dir='ltr'><strong>ad</strong></span> 
     </span>
    </p>
   </div>
   <div class='ocr_carea' id='block_1_8' title="bbox 123 3037 1091 3532">
    <p class='ocr_par' dir='ltr' id='par_1_8' title="bbox 123 3037 1091 3532">
     <span class='ocr_line' id='line_1_34' title="bbox 123 3037 1089 3114; baseline 0 -18"><span class='ocrx_word' id='word_1_286' title='bbox 123 3039 343 3114; x_wconf 81' lang='lat' dir='ltr'><strong>persuadendum</strong></span> <span class='ocrx_word' id='word_1_287' title='bbox 363 3038 424 3094; x_wconf 83' lang='lat' dir='ltr'><strong>edat</strong></span> <span class='ocrx_word' id='word_1_288' title='bbox 444 3039 500 3094; x_wconf 87' lang='lat' dir='ltr'><strong>suis</strong></span> <span class='ocrx_word' id='word_1_289' title='bbox 521 3037 634 3111; x_wconf 86' lang='lat' dir='ltr'><strong>ciuibus,</strong></span> <span class='ocrx_word' id='word_1_290' title='bbox 657 3056 710 3112; x_wconf 81' lang='lat' dir='ltr'><strong>qun</strong></span> <span class='ocrx_word' id='word_1_291' title='bbox 725 3041 827 3096; x_wconf 89' lang='lat' dir='ltr'><strong>hortari</strong></span> <span class='ocrx_word' id='word_1_292' title='bbox 842 3037 875 3094; x_wconf 90' lang='lat' dir='ltr'><strong>ad</strong></span> <span class='ocrx_word' id='word_1_293' title='bbox 896 3038 990 3111; x_wconf 86' lang='lat' dir='ltr'><strong>decus,</strong></span> <span class='ocrx_word' id='word_1_294' title='bbox 1008 3056 1089 3096; x_wconf 86' lang='lat' dir='ltr'><strong>reuo-</strong></span> 
     </span>
     <span class='ocr_line' id='line_1_35' title="bbox 124 3121 1091 3196; baseline -0.001 -17"><span class='ocrx_word' id='word_1_295' title='bbox 124 3140 188 3179; x_wconf 84' lang='lat' dir='ltr'><strong>care</strong></span> <span class='ocrx_word' id='word_1_296' title='bbox 209 3140 225 3179; x_wconf 87' lang='lat' dir='ltr'><strong>a</strong></span> <span class='ocrx_word' id='word_1_297' title='bbox 240 3122 358 3196; x_wconf 83' lang='lat' dir='ltr'><strong>flagitio,</strong></span> <span class='ocrx_word' id='word_1_298' title='bbox 381 3121 516 3178; x_wconf 87' lang='lat' dir='ltr'><strong>consolari</strong></span> <span class='ocrx_word' id='word_1_299' title='bbox 537 3125 627 3196; x_wconf 90' lang='lat' dir='ltr'><strong>possit</strong></span> <span class='ocrx_word' id='word_1_300' title='bbox 647 3122 769 3179; x_wconf 83' lang='lat' dir='ltr'><strong>adflictos</strong></span> <span class='ocrx_word' id='word_1_301' title='bbox 785 3121 908 3195; x_wconf 83' lang='lat' dir='ltr'><strong>iactaque</strong></span> <span class='ocrx_word' id='word_1_302' title='bbox 923 3132 951 3178; x_wconf 91' lang='lat' dir='ltr'><strong>et</strong></span> <span class='ocrx_word' id='word_1_303' title='bbox 966 3123 1091 3180; x_wconf 83' lang='lat' dir='ltr'><strong>consultu</strong></span> 
     </span>
     <span class='ocr_line' id='line_1_36' title="bbox 123 3206 1090 3282; baseline -0.001 -20"><span class='ocrx_word' id='word_1_304' title='bbox 123 3208 239 3262; x_wconf 82' lang='lat' dir='ltr'><strong>tortium</strong></span> <span class='ocrx_word' id='word_1_305' title='bbox 255 3215 283 3262; x_wconf 90' lang='lat' dir='ltr'><strong>et</strong></span> <span class='ocrx_word' id='word_1_306' title='bbox 298 3207 460 3280; x_wconf 89' lang='lat' dir='ltr'><strong>sapientium</strong></span> <span class='ocrx_word' id='word_1_307' title='bbox 477 3222 538 3262; x_wconf 87' lang='lat' dir='ltr'><strong>curn</strong></span> <span class='ocrx_word' id='word_1_308' title='bbox 552 3206 739 3282; x_wconf 87' lang='lat' dir='ltr'><strong>improborum</strong></span> <span class='ocrx_word' id='word_1_309' title='bbox 753 3207 900 3279; x_wconf 87' lang='lat' dir='ltr'><strong>ignominia</strong></span> <span class='ocrx_word' id='word_1_310' title='bbox 921 3209 1090 3281; x_wconf 90' lang='lat' dir='ltr'><strong>sempiternis</strong></span> 
     </span>
     <span class='ocr_line' id='line_1_37' title="bbox 123 3290 1090 3364; baseline 0.001 -19"><span class='ocrx_word' id='word_1_311' title='bbox 123 3293 309 3346; x_wconf 91' lang='lat' dir='ltr'><strong>monumentis</strong></span> <span class='ocrx_word' id='word_1_312' title='bbox 323 3290 450 3364; x_wconf 88' lang='lat' dir='ltr'><strong>prodere.</strong></span> <span class='ocrx_word' id='word_1_313' title='bbox 481 3306 549 3362; x_wconf 92' lang='lat' dir='ltr'><strong>quae</strong></span> <span class='ocrx_word' id='word_1_314' title='bbox 564 3307 647 3363; x_wconf 92' lang='lat' dir='ltr'><strong>quom</strong></span> <span class='ocrx_word' id='word_1_315' title='bbox 661 3299 702 3346; x_wconf 93' lang='lat' dir='ltr'><strong>tot</strong></span> <span class='ocrx_word' id='word_1_316' title='bbox 717 3307 761 3346; x_wconf 89' lang='lat' dir='ltr'><strong>res</strong></span> <span class='ocrx_word' id='word_1_317' title='bbox 776 3299 918 3364; x_wconf 86' lang='lat' dir='ltr'><strong>tantaeque</strong></span> <span class='ocrx_word' id='word_1_318' title='bbox 935 3291 1000 3362; x_wconf 90' lang='lat' dir='ltr'><strong>sint,</strong></span> <span class='ocrx_word' id='word_1_319' title='bbox 1022 3307 1090 3363; x_wconf 89' lang='lat' dir='ltr'><strong>quae</strong></span> 
     </span>
     <span class='ocr_line' id='line_1_38' title="bbox 123 3373 1089 3450; baseline 0 -22"><span class='ocrx_word' id='word_1_320' title='bbox 123 3374 216 3430; x_wconf 87' lang='lat' dir='ltr'><strong>inesse</strong></span> <span class='ocrx_word' id='word_1_321' title='bbox 231 3373 258 3429; x_wconf 92' lang='lat' dir='ltr'><strong>iu</strong></span> <span class='ocrx_word' id='word_1_322' title='bbox 273 3375 383 3430; x_wconf 88' lang='lat' dir='ltr'><strong>homine</strong></span> <span class='ocrx_word' id='word_1_323' title='bbox 398 3375 595 3448; x_wconf 88' lang='lat' dir='ltr'><strong>perspiciantur</strong></span> <span class='ocrx_word' id='word_1_324' title='bbox 610 3373 642 3429; x_wconf 90' lang='lat' dir='ltr'><strong>ab</strong></span> <span class='ocrx_word' id='word_1_325' title='bbox 657 3375 699 3446; x_wconf 90' lang='lat' dir='ltr'><strong>iis,</strong></span> <span class='ocrx_word' id='word_1_326' title='bbox 721 3375 767 3446; x_wconf 91' lang='lat' dir='ltr'><strong>qui</strong></span> <span class='ocrx_word' id='word_1_327' title='bbox 787 3391 816 3431; x_wconf 90' lang='lat' dir='ltr'><strong>se</strong></span> <span class='ocrx_word' id='word_1_328' title='bbox 831 3375 883 3450; x_wconf 89' lang='lat' dir='ltr'><strong>ipsi</strong></span> <span class='ocrx_word' id='word_1_329' title='bbox 899 3373 983 3429; x_wconf 90' lang='lat' dir='ltr'><strong>uelint</strong></span> <span class='ocrx_word' id='word_1_330' title='bbox 998 3389 1089 3444; x_wconf 90' lang='lat' dir='ltr'><strong>nosse,</strong></span> 
     </span>
     <span class='ocr_line' id='line_1_39' title="bbox 125 3457 752 3532; baseline 0.005 -20"><span class='ocrx_word' id='word_1_331' title='bbox 125 3471 220 3513; x_wconf 89' lang='lat' dir='ltr'><strong>earum</strong></span> <span class='ocrx_word' id='word_1_332' title='bbox 235 3474 332 3532; x_wconf 87' lang='lat' dir='ltr'><strong>parens</strong></span> <span class='ocrx_word' id='word_1_333' title='bbox 349 3466 391 3514; x_wconf 89' lang='lat' dir='ltr'><strong>est</strong></span> <span class='ocrx_word' id='word_1_334' title='bbox 407 3457 598 3530; x_wconf 82' lang='lat' dir='ltr'><strong>educatrirque</strong></span> <span class='ocrx_word' id='word_1_335' title='bbox 613 3459 752 3531; x_wconf 82' lang='lat' dir='ltr'><strong>sapientie.</strong></span> 
     </span>
    </p>
   </div>
   <div class='ocr_carea' id='block_1_9' title="bbox 0 0 1340 4112">
    <p class='ocr_par' dir='ltr' id='par_1_9' title="bbox 0 0 1340 4112">
     <span class='ocr_line' id='line_1_40' title="bbox 0 0 1340 4112; baseline 0 0"><span class='ocrx_word' id='word_1_336' title='bbox 0 0 1340 4112; x_wconf 95' lang='lat' dir='ltr'><strong> </strong></span> 
     </span>
    </p>
   </div>
  </div>
 </body>
</html>
