2672 4112
233 235 275 292 44
572 242 598 278 ιι.
618 241 729 277 uvnmvs
739 227 848 276 'osonso

129 429 131 434 .
234 371 268 427 oli
283 387 339 426 rein
354 370 398 425 lex
414 383 476 422 uena
492 375 572 440 atque
588 367 713 440 princeps
728 374 789 439 apta
804 367 836 422 ud
851 365 995 422 iubendum
1010 374 1038 422 et
1053 365 1086 422 ad
1102 375 1195 423 uetan-

233 454 381 509 dumsatio
397 459 439 508 est
454 459 526 507 reeta
541 452 637 506 summi
653 449 733 506 louis.

296 537 325 592 V.
348 535 390 594 11.
412 535 444 604 Q.
462 535 617 605 Adsentior,
637 534 730 604 irater,
751 541 791 600 ut,
813 533 887 606 quod
908 541 950 589 est
965 542 1068 590 neotum
1084 549 1193 592 uerum·

233 637 297 693 que,
318 619 479 693 (aeternum
495 613 617 692 quoque)
639 619 674 672 sit
695 633 784 690 neque
803 617 990 689 comittens,
1011 617 1110 690 quilius
1125 619 1193 676 suita

233 703 398 776 scribuntur,
416 711 462 758 aut
476 703 579 758 oriatur
593 708 639 756 aut
654 701 767 760 ooeidat.

296 785 337 841 M.
360 785 432 860 Ergo
456 794 486 840 ut
507 785 552 840 illa
574 784 754 839 diuinamens
770 784 997 854 somnolentum,
1021 785 1095 854 item,
1112 799 1194 858 quom

233 873 260 926 in
276 871 384 926 homine
399 879 442 925 est
456 868 576 942 perlecta
590 862 644 924 *εἰ
665 869 692 922 in
707 876 797 924 mente
813 869 955 941 sapientis3
978 883 1047 941 quae
1066 877 1136 924 sunt
1146 886 1193 925 au·

234 963 287 1008 tem
300 955 373 1010 uarie
388 962 416 1009 et
431 954 463 1008 ad
479 961 586 1024 tempus
602 951 751 1024 descriptae
765 951 890 1024 populis,
905 951 999 1007 iauore
1013 954 1099 1025 magis
1114 966 1194 1024 quem

233 1055 261 1092 ne
282 1037 374 1110 legum
396 1053 494 1092 nomen
517 1043 620 1092 tenent.
651 1049 758 1090 omnem
779 1038 849 1090 enim
869 1035 973 1108 legem,
996 1051 1065 1108 quae
1087 1028 1194 1108 quidem

232 1128 306 1176 reete
325 1121 369 1184 lex
389 1119 517 1194 appellari
537 1120 634 1192 possit,
657 1133 716 1175 esse
736 1117 895 1174 laudabilem
915 1118 1074 1192 quibusdam
1095 1118 1193 1174 talibus

232 1206 397 1276 argumentis
412 1205 518 1260 docent.
549 1209 656 1258 constat
675 1202 810 1275 proiecto,
833 1201 865 1257 ad
881 1201 998 1258 salutem
1013 1203 1112 1258 oinium
1127 1203 1192 1258 oini-

232 1296 371 1360 tatumque
387 1287 598 1342 incolumitatem
613 1287 750 1358 uitamque
765 1283 903 1341 hominum
916 1288 1033 1359 quietam
1047 1294 1075 1340 et
1090 1285 1192 1341 beatam

233 1375 358 1427 inuentos
374 1385 434 1426 esse
455 1369 541 1443 leges,
564 1385 675 1442 eosque,
697 1371 743 1442 qui
757 1371 873 1442 primum
888 1369 1034 1424 eiusmodi
1049 1371 1117 1425 seita
1131 1385 1192 1425 san·

232 1455 331 1524 ierint,
346 1453 456 1526 populis
471 1451 633 1523 ostendisse,
649 1469 679 1507 ea
694 1469 724 1507 se
739 1453 889 1526 serlptnros
905 1452 1114 1526 emundaturus,
1134 1454 1193 1526 qui·
1258 1454 1260 1457 ’

231 1536 282 1592 bus
296 1536 335 1592 illi
350 1537 457 1591 adscitis
472 1537 661 1608 susceptisque
677 1537 791 1592 honeste
806 1535 938 1610 beateque
954 1537 1092 1605 uiuerent;
1113 1553 1193 1609 quae·

233 1637 285 1693 que
303 1621 341 1676 ita
362 1621 503 1693 conposita
524 1626 670 1692 sanctaque
690 1629 790 1691 essent,
812 1635 856 1675 eas
876 1619 952 1693 leges
966 1619 1094 1676 uidelicet
1107 1619 1193 1676 uomi-

232 1713 337 1763 naient.
364 1719 396 1759 en
414 1719 468 1776 quo
483 1701 605 1775 intellegi
621 1721 670 1776 par
684 1711 737 1777 est,
753 1719 811 1779 eos,
828 1705 873 1777 qui
888 1705 1038 1776 perniciosa
1054 1713 1080 1759 et
1094 1706 1192 1760 iniusta

231 1787 339 1860 populis
355 1789 427 1842 iussa
443 1787 644 1858 descripserint,
661 1803 742 1860 quom
755 1795 849 1843 eontra
860 1787 973 1843 iecerint
988 1801 1067 1860 quam
1077 1787 1192 1860 polliciti

231 1870 404 1944 professique
418 1871 483 1940 sint,
500 1869 606 1943 quiduis
621 1873 712 1944 potius
728 1871 823 1926 tulisse
838 1885 917 1945 quam
932 1871 1023 1946 leges:
1043 1878 1074 1926 ut
1088 1872 1192 1944 perspi·

231 1970 311 2010 ouum
337 1971 398 2010 esse
416 1957 512 2028 possit,
534 1956 561 2010 in
583 1955 642 2028 ipso
662 1955 771 2010 nomine
791 1955 860 2027 legis
881 1954 1083 2028 interpretando
1103 1956 1192 2012 inesse

230 2040 286 2094 uim
308 2047 335 2094 et
356 2040 516 2094 senteutiam
536 2040 600 2094 iusti
620 2047 647 2094 et
665 2039 724 2094 ueni
744 2037 862 2112 legendi.
899 2055 998 2111 quaeso
1019 2040 1104 2112 igitur
1124 2047 1192 2106 ate,

232 2120 340 2192 Quinte,
362 2123 432 2178 sicut
452 2121 491 2177 illi
511 2122 614 2178 solent:
652 2119 695 2180 12.
719 2137 772 2194 quo
794 2124 817 2177 si
838 2121 934 2178 ciuitas
956 2131 1056 2192 careat,
1079 2121 1192 2178 obeam

230 2207 313 2278 ipsam
329 2221 444 2274 eausam,
461 2205 532 2277 quod
551 2221 583 2260 eo
599 2213 696 2276 eareat,
712 2221 761 2278 pro
777 2205 861 2260 nihilo
877 2205 996 2262 habenda
1011 2207 1056 2277 sit,
1072 2205 1100 2260 id
1114 2213 1192 2261 estne

230 2289 423 2344 numerandum
439 2289 466 2342 in
480 2287 576 2342 bonis?

295 2369 328 2436 Q.
350 2373 387 2426 Ao
409 2371 537 2425 maxumis
560 2370 677 2443 quidem.

294 2454 334 2509 M.
356 2453 534 2527 Legeautem
549 2469 643 2510 carens
659 2456 753 2510 ciuitas
766 2461 843 2511 estne
859 2455 894 2512 ob
907 2451 956 2530 (td)
968 2457 1057 2530 ipsum
1069 2453 1191 2512 habende

229 2537 306 2593 nullo
322 2537 402 2596 loeo?

296 2621 330 2688 Q.
345 2621 399 2676 liiei
415 2620 493 2676 aliter
506 2635 561 2676 non
578 2629 677 2694 potest.
777 2673 779 2676 .

293 2704 332 2760 M.
349 2705 464 2760 Necesse
479 2711 521 2759 est
535 2706 619 2777 igitur
633 2705 722 2780 legem
737 2703 829 2762 haberi
843 2708 871 2762 in
886 2705 968 2763 rebus
984 2708 1099 2782 optimis.

294 2789 326 2856 Q.
342 2787 458 2843 Prorsus
474 2787 620 2844 adsentior.

294 2867 337 2930 13.
358 2871 399 2927 M.
423 2869 510 2938 Quid?
530 2872 603 2944 quod
618 2873 702 2929 multa
717 2875 876 2946 perniciose,
899 2875 981 2930 multa
996 2875 1126 2949 pestilens
1139 2877 1191 2931 soi·

229 2964 342 3011 seuntun
363 2957 390 3010 in
412 2955 530 3028 populis,
553 2971 622 3030 quae
643 2973 698 3013 non
720 2960 805 3030 magis
827 2958 894 3032 legis
922 2975 1020 3015 nomen
1040 2961 1190 3034 attingunt,

230 3054 310 3112 quam
325 3041 348 3094 si
363 3037 481 3094 latrones
497 3039 599 3113 aliquas
614 3057 745 3097 ooiisessu
758 3057 807 3098 suo
824 3043 968 3098 sanxerint.
994 3057 1054 3098 nana
1065 3044 1089 3098 si
1100 3058 1190 3116 neque

231 3121 395 3179 medicorum
411 3132 554 3196 praecepta
575 3124 628 3180 diei
650 3139 712 3180 uene
728 3135 856 3198 possent,
878 3120 960 3198 quae²
974 3127 1052 3182 inscii
1068 3127 1190 3199 inperiti·

230 3219 282 3278 que
297 3222 347 3280 pro
362 3205 525 3263 salutaribus
540 3206 679 3263 mortifera
694 3211 924 3283 conscripserunt,
940 3225 1029 3284 neque
1044 3211 1071 3265 in
1086 3210 1191 3284 populo

229 3343 432 3354 *—

301 3407 320 3475 ¹)
339 3411 409 3472 ratio,
429 3412 466 3460 len
480 3419 530 3461 est:
550 3426 577 3460 ea
595 3427 652 3467 uero
668 3420 705 3462 est
718 3415 824 3477 perlecta
838 3415 979 3478 suppletV.
1010 3411 1031 3480 ⁹)
1045 3430 1099 3465 nam
1113 3431 1191 3479 neque

227 3481 376 3530 medicorum
389 3489 515 3544 praecepto
530 3482 577 3530 diei
592 3497 647 3530 uere
661 3491 767 3546 possent,
782 3486 872 3548 siquae
884 3483 941 3550 AB,
956 3487 1014 3534 item
1024 3493 1118 3536 mutato
1132 3501 1191 3550 pos-

227 3558 280 3599 sent
294 3553 321 3599 in
336 3559 437 3614 possunt
450 3552 489 3600 ed.
510 3551 541 3600 V.
