2678 4116
468 258 529 294 asu
548 260 645 300 msam.
664 241 684 300 Ι.
704 248 761 300 132.
1036 245 1100 311 205

57 393 1099 467 pmmm½fflmawmmm²ssiwmmffmm

128 487 268 560 cipatione
290 486 419 542 desinunt
440 485 517 541 liberi
541 485 569 540 in
598 493 735 560 potestate
758 492 911 560 parentium
941 506 1012 548 esse.
1056 501 1099 546 set

127 569 202 626 fliius
219 569 329 642 quidem
345 569 433 626 tribus
456 569 715 643 ancupationibus,
738 571 822 627 ceteri
845 588 911 628 uero
928 573 1017 644 liberi,
1039 576 1098 630 sine

125 654 271 712 masculini
285 671 368 710 sexus
383 656 441 710 siue
456 653 588 726 feminini,
609 671 662 709 una
678 656 875 728 mancipatione
890 666 989 715 exeunt
1004 657 1037 714 de
1053 676 1097 732 pa·

125 741 249 795 rentium
264 746 417 812 potestate:
440 738 484 794 iex
500 739 571 794 enim
586 753 632 796 x11
653 738 803 796 tabularum
819 747 924 796 tantum
939 745 966 798 in
981 759 1098 816 persona

126 822 181 879 iiiii
201 823 235 878 de
258 823 346 878 tribus
369 822 611 895 mancipatioaihus
633 822 758 896 loquitur
778 825 822 880 itis
840 824 944 880 uerbis:
967 825 1000 882 ‘si
1022 837 1099 901 pater

126 902 205 984 (ter)
222 906 307 962 fliium
330 923 431 963 uenum
456 906 525 978 duit,
542 905 612 963 fliius
629 899 676 982 (a)
692 917 769 980 patre
784 907 852 965 liber
870 905 969 965 esto'.⁴
1007 928 1098 984 eaque

124 1009 173 1048 res
195 993 233 1047 ita
256 991 366 1065 agitur:
389 992 524 1066 mancipat
539 1001 616 1065 pater
631 990 715 1048 filium
730 991 825 1062 alicui3
849 995 872 1048 is
895 1009 958 1050 eum
980 995 1098 1052 uindicta

124 1075 1097 1152 mmmfflwommmmmssnmmmmfflmfflmm

125 1159 1098 1240 wmmmwfflmwfflfflmmmfflm

126 1245 286 1318 mancipari)
315 1246 393 1317 isque
422 1261 484 1300 eum
506 1254 602 1318 postea
625 1245 750 1301 similiter
777 1245 894 1302 uindicta
917 1248 1097 1316 manumittit3

126 1321 1099 1406 mmmmmmmmmmmmmmmmmwm?

126 1409 1096 1495 immmmmmfflfflmwfflfflmm

129 1512 187 1552 usu
210 1505 267 1566 est,
293 1506 323 1553 ut
349 1498 436 1554 eidem
459 1498 642 1571 mancipetur)
664 1515 756 1573 eaque
775 1503 972 1574 mancipatione
999 1503 1098 1558 desinit

125 1585 159 1638 in
184 1588 323 1653 potestate
346 1585 435 1655 patris
462 1599 539 1655 csse,
566 1585 669 1640 etiamsi
695 1585 815 1640 nonduin
843 1587 1023 1642 manumissus
1050 1586 1097 1658 sit,

125 1675 174 1722 set
196 1665 285 1722 adhuc
311 1668 338 1723 in
365 1683 445 1724 causa
467 1669 591 1742 mancipii
610 1661 635 1746 Ρ

207 1797 226 1866 ¹)
241 1799 286 1850 Em
310 1797 368 1857 Viis
388 1817 453 1866 quae
472 1803 524 1867 ispi
542 1817 594 1852 non
609 1809 763 1866 potuerunt,
783 1803 933 1853 adsensum
949 1811 974 1853 et
987 1807 1098 1867 spatium

125 1873 254 1935 supplevi.
327 1869 347 1937 ¹)
360 1871 485 1937 Sequitur
499 1874 569 1922 linea
584 1889 675 1922 uacua.
744 1869 766 1938 ³)
782 1871 827 1920 aa
841 1873 904 1922 Inst.
920 1881 945 1922 et
958 1873 1006 1938 Bp.
1022 1875 1062 1922 ed.
1077 1885 1097 1926 t.

125 1943 231 1993 addidi.
309 1939 331 2008 ⁴)
346 1942 392 1992 Eae
410 1939 469 2000 Vm·
483 1959 507 1992 o.
521 1949 560 1992 ter
569 1950 631 2006 post
644 1951 714 2006 pater
726 1944 894 1994 uerisimilius
908 1943 1010 1993 excidit
1023 1961 1099 2008 quom

121 2021 189 2078 post
201 2013 290 2076 iiiinm3
305 2028 450 2078 quanquam
469 2014 524 2077 Uip.
544 2026 579 2076 10,
599 2027 619 2064 1.
639 2015 792 2064 accuratius
805 2013 883 2063 uerba
898 2016 963 2079 lepis
979 2018 1098 2065 retulisse

125 2084 240 2134 uidetur.
306 2081 327 2151 ⁶)
342 2084 388 2134 Eu
402 2083 430 2134 V
428 2081 449 2117 'i
462 2087 499 2135 ita
514 2087 587 2136 locus
600 2085 644 2134 ite
658 2092 683 2134 et
697 2087 779 2148 paulo
790 2091 851 2148 post
860 2086 1016 2147 reficiendus
1028 2087 1098 2136 uide·

125 2155 214 2206 imur.
245 2154 435 2220 Corpirmarunt
448 2155 538 2221 Suppi.
553 2155 591 2206 St.
603 2172 631 2220 p.
650 2153 744 2204 XXV.
811 2151 831 2219 ⁶)
850 2155 922 2204 Nihil
933 2157 993 2219 fere
1007 2158 1034 2206 in
1049 2157 1099 2207 itae

120 2227 228 2292 papiria
242 2229 295 2292 lepi
304 2229 403 2291 potuit,
423 2229 476 2276 nisi
494 2245 510 2276 a
524 2227 608 2286 stud„
623 2229 781 2290 praesertim
795 2227 822 2275 in
836 2225 926 2291 Suppl.
938 2227 998 2290 fere
1021 2228 1100 2278 llaec:

125 2315 150 2347 u.
166 2308 187 2348 s.
203 2303 304 2360 patrono
321 2298 429 2347 inbonis
444 2296 581 2364 lih(erti‘?)‚
600 2314 623 2347 u.
639 2309 664 2348 11
679 2299 755 2348 initio
774 2299 949 2358 mancipatione
969 2306 1055 2348 exeunt
1069 2299 1098 2348 dc

124 2368 205 2432 patris
218 2375 275 2431 pote
290 2397 325 2405 -
338 2385 361 2418 u.
377 2379 403 2418 12
417 2369 500 2420 medio
519 2367 723 2436 m(ann)m(issae)
742 2369 841 2430 inerint3
861 2377 889 2418 ut
910 2369 992 2418 Gaius
1009 2371 1052 2420 nic
1066 2371 1098 2420 de

125 2441 187 2488 iure
197 2441 288 2502 patris
301 2441 505 2504 emancipatoris
519 2443 546 2490 in
560 2440 634 2491 bonis
643 2441 800 2508 emancipati
811 2441 898 2490 eodem
909 2441 969 2504 fere
983 2455 1016 2492 oc
1031 2442 1100 2507 quad

126 2511 312 2560 manumissori
325 2513 353 2560 in
367 2511 441 2560 bonis
456 2511 543 2561 liberti
557 2514 683 2575 competit,
698 2513 782 2577 episse
795 2513 923 2571 uideatur,
934 2519 1026 2576 postea
1036 2528 1097 2563 uero

127 2581 162 2630 de
185 2581 272 2630 eodem
294 2583 510 2646 emancipationis
534 2590 680 2632 ceterarum
693 2589 803 2646 praeter
822 2585 908 2645 fliium
922 2599 1097 2646 personarum

127 2653 198 2709 iure,
213 2651 256 2700 ubi
269 2669 322 2702 una
340 2655 498 2716 mancipatio
516 2660 542 2702 et
560 2655 724 2704 manumissio
742 2653 896 2717 sufficiebat.
930 2655 1000 2718 quod
1010 2657 1098 2718 firmat

128 2721 194 2772 Gaii
207 2725 266 2786 epit.
295 2723 388 2788 Itaque
406 2725 538 2788 inpriore
552 2727 670 2790 popinae
685 2731 763 2788 parte
783 2725 858 2774 initia
872 2723 1027 2790 sequebatur
1039 2726 1098 2788 fere

127 2791 176 2843 ‘sit
194 2795 267 2858 apud
279 2810 344 2854 eum,
358 2797 403 2845 cui
415 2797 578 2859 mancipatus
591 2803 636 2845 est.
660 2811 677 2844 a
691 2809 740 2860 quo
754 2797 779 2844 si
790 2811 884 2844 rursus
895 2799 1096 2854 manumittatur,

125 2866 170 2915 sui
183 2865 254 2914 iuris
264 2862 317 2928 fit’.
347 2863 450 2916 Rursus
467 2867 533 2916 auec
552 2883 617 2931 quae
636 2868 800 2930 conceperint,
820 2868 943 2931 capnosci
961 2869 1011 2916 iam
1026 2875 1097 2917 certo

122 2942 260 3000 potestas:
276 2935 337 2986 Gaii
350 2939 410 3000 epit.
422 2949 442 3000 1,
457 2949 478 2988 s,
493 2939 516 2999 ξ.
528 2949 541 2988 s
555 2939 634 2987 meai:
649 2935 761 2986 ‘Tamen
774 2953 831 2986 cum
845 2939 921 2986 tertio
935 2940 1099 3001 mancipatus

123 3008 213 3071 fuerit
222 3007 296 3070 filius
309 3023 326 3056 a
335 3016 415 3072 patre
429 3011 547 3058 naturali
557 3009 700 3071 fiduciario
710 3009 794 3072 patri,
808 3007 857 3058 iac
871 3023 950 3074 apere
964 3009 1039 3058 debet
1052 3024 1098 3058 na·

126 3079 225 3127 taralis
235 3085 323 3140 pater,
337 3086 366 3128 ut
379 3081 404 3128 ei
418 3095 435 3128 a
446 3080 589 3142 fiduciario
600 3086 678 3142 patre
692 3081 891 3142 remancipetur,
912 3085 937 3128 et
951 3095 967 3129 a
982 3081 1099 3130 naturali

121 3156 205 3214 patre
219 3151 422 3209 manumittatur,
438 3153 499 3200 atsi
509 3151 581 3214 fitius
591 3152 760 3200 attenuemus
771 3151 864 3212 fuerit,
879 3153 904 3200 ei
918 3153 944 3199 in
955 3151 1098 3200 hereditate

125 3221 261 3270 naturalis
278 3227 362 3282 pater,
381 3237 432 3270 non
449 3223 615 3284 fiduciarius,
633 3221 763 3271 succedat.
799 3221 918 3270 Feminae
939 3224 981 3270 uel
994 3228 1098 3284 nepotes

124 3291 239 3340 masculi
257 3305 292 3339 em
309 3293 364 3350 fitia
379 3307 432 3341 una
446 3294 651 3356 emancipatione
669 3293 701 3341 dc
715 3293 803 3354 patris
822 3295 864 3342 uei
878 3295 924 3340 aui
941 3300 1037 3340 exeunt
1048 3307 1098 3353 pa·

125 3368 220 3412 testate
239 3369 265 3410 et
282 3364 325 3410 sui
343 3365 410 3412 iuris
429 3364 588 3426 efficiuntur.
618 3363 653 3412 Et
670 3363 699 3412 Izi
717 3365 769 3426 ipsi
783 3363 920 3427 quamlibet
934 3377 986 3409 uno
1000 3363 1097 3410 manci-

121 3433 235 3495 patione
247 3433 279 3482 de
289 3435 379 3496 patris
393 3436 434 3482 uei
448 3436 494 3483 aui
503 3441 632 3498 potestate
646 3441 752 3494 exeant,
772 3435 825 3482 nisi
838 3450 855 3482 o
865 3438 943 3496 patre
955 3417 1097 3493 fiduciario

124 3521 344 3532 ..n—*-

200 3551 227 3624 ξ.
246 3557 305 3606 132.
322 3557 360 3620 Of.
379 3556 435 3607 Gai.
451 3560 511 3621 epit.
527 3572 547 3620 1,
563 3570 584 3608 s.
604 3560 628 3620 ἕ.
643 3569 663 3609 a.
688 3557 742 3621 Uip.
754 3569 788 3619 10,
799 3570 819 3607 1.
839 3558 862 3618 ἕ.
878 3567 898 3606 6.
919 3553 1020 3618 Lquib.
1031 3553 1096 3602 maci.

126 3628 144 3674 i.
160 3635 218 3690 pot.
234 3629 297 3676 sato.
314 3625 346 3694 (1,
362 3625 411 3694 12);
436 3629 510 3692 infra
524 3631 547 3690 ς.
563 3639 609 3680 aas.
630 3640 650 3692 e,
666 3640 713 3682 141.
732 3640 753 3690 s,
768 3639 788 3678 s.
807 3639 830 3690 4,
845 3637 878 3678 io.
902 3625 1011 3690 Dionys.
1027 3637 1047 3687 a,
1063 3635 1097 3677 aa.
