2680 4118
255 172 316 236 712
548 183 646 220 sucu.
665 184 718 220 rus.
738 184 799 221 sou.
819 183 904 220 varic.
1319 191 1324 278 1,

1322 283 1324 318 ι

319 304 360 358 Ex
379 303 540 359 Venuleii
562 305 739 360 Saturnini
761 305 796 360 de
818 305 975 360 interdictis
996 305 1046 358 lib.
1064 305 1085 358 Ι.
1105 304 1138 360 ΙΙ.
1161 302 1220 358 III.
1239 309 1303 358 [61⁵]
1322 319 1324 354 ι

253 376 439 515 ἐξ’,θίῖιιιιῗίἳιιο
466 439 635 508 epitomatcr
660 455 716 492 nou
742 441 774 493 ut
800 440 946 494 Iustiniani
991 440 1125 516 rudentes
1151 439 1223 492 tria

253 508 419 583 sumptorum
431 521 543 575 genera,
556 507 606 560 sed
617 508 650 560 ut
661 505 834 562 Theodosius
846 507 880 559 ll.
893 509 922 561 et
934 458 1145 561 Vcientimanus
1157 506 1216 558 Ill.

253 573 281 625 in
300 573 393 637 simili,
412 589 496 640 quem
509 574 655 642 parabant,
674 574 769 627 codice
783 576 931 627 ‘tractatus
944 576 973 627 et
984 581 1135 641 respousa’,
1149 589 1222 640 qua
1323 617 1324 632 ,

253 640 362 694 ratione
381 641 466 694 etiam
483 640 512 692 in
531 639 721 694 Valentiniani
739 640 774 694 ds
796 642 936 708 responsis
953 642 1122 709 prudentum
1139 639 1217 708 lege

253 706 424 775 Papinianus
437 708 465 761 et
473 703 595 774 Paullus,
608 709 703 775 praeci
724 708 753 760 ui
765 723 961 785 responsorum
973 710 1003 761 ct
1012 707 1213 776 quaestionum

254 775 390 839 auctores,
409 773 492 838 Gaio,
511 773 632 850 Ulpiano
651 777 681 828 et
727 774 854 828 odestrnc
874 777 1090 842 anteponuntur,
1109 773 1213 826 distin-

209 847 211 854 '
254 841 324 894 xisse
348 842 378 894 et
399 840 428 893 iu
449 841 617 894 tractatibus
634 841 724 910 magis
743 841 779 894 ad
796 840 940 894 breviores
962 841 1061 906 libros,
1084 841 1214 894 maxime

254 908 619 1029 instititutis?
636 925 685 1042 tt
706 907 1214 1028 suscitaturum

255 1057 340 1108 quam
358 1041 579 1096 commodissime
598 1043 628 1094 et
644 1042 758 1094 minimo
772 1043 868 1095 labore
881 1057 965 1110 opere
978 1057 1028 1094 suc
1040 1041 1212 1112 defungere-

254 1111 314 1174 tur,
336 1123 477 1187 morosum
500 1108 608 1162 scilicet
624 1108 749 1186 ducens,
777 1125 811 1161 ex
829 1109 942 1188 magnis
960 1109 1044 1188 ¹libris
1070 1125 1144 1186 quae
1172 1109 1212 1186 ad

254 1175 532 1319 tttttftitltt
548 1177 744 1320 restittit
762 1175 916 1319 stitit:
944 1175 1213 1320 dedititiis&

255 1324 318 1361 cum
335 1309 432 1361 furtrrn
445 1308 516 1362 adeo
528 1311 638 1362 secutus
650 1311 694 1373 sit,
713 1312 745 1361 ut
756 1325 791 1362 ne
805 1309 840 1363 ab
853 1309 990 1362 eiusmodi
1002 1309 1116 1377 quidem
1129 1309 1212 1362 lrbris

255 1374 416 1438 abstineret,
435 1391 469 1428 ex
487 1375 588 1442 quibus
607 1392 671 1429 eum
689 1376 785 1429 titulos
803 1377 838 1430 de
856 1377 1045 1444 cognitoribus
1064 1377 1093 1428 et
1111 1376 1146 1430 de
1159 1377 1210 1428 do-

254 1441 414 1494 nationibus
423 1443 609 1510 composuisse
620 1442 863 1510 deprehendimus,
874 1445 999 1511 apparet,
1009 1459 1094 1511 quam
1106 1459 1210 1512 parurn

255 1507 419 1576 diligentiae
437 1510 460 1561 is
478 1509 557 1576 operi
574 1525 624 1562 suc
642 1511 819 1577 impenderit.

323 1575 462 1644 Excerpta
479 1591 552 1643 quae
570 1576 670 1644 posuit,
689 1577 801 1645 integra
818 1593 881 1630 eum
899 1577 1024 1644 posuisse
1041 1578 1074 1630 ut
1091 1578 1118 1628 in
1130 1577 1210 1646 ipsis,

256 1642 357 1710 quibus
374 1641 520 1708 utebatur,
543 1643 622 1696 libris
640 1643 798 1708 exstabant,
821 1659 873 1697 nec
891 1659 942 1710 pro
960 1643 1075 1696 arbitrio
1093 1659 1142 1696 suo
1161 1645 1209 1698 vel

256 1709 450 1764 omissionibus
467 1710 514 1763 vel
532 1710 708 1763 emblematis
726 1710 861 1776 foedasse,
880 1725 936 1762 non
954 1709 1083 1777 estquod
1096 1711 1208 1764 dubite-

255 1794 323 1830 mus.
354 1777 434 1831 Certe
447 1777 597 1846 vestigium
610 1776 745 1830 eiusmodi
756 1777 886 1830 facinoris
898 1776 988 1830 adhuc
1001 1777 1036 1830 de
1057 1777 1207 1831 retensum

230 1909 232 1913 ,
255 1859 310 1897 non
334 1846 384 1898 est.
425 1843 495 1898 Nam
519 1860 591 1912 quae
613 1844 702 1897 verba
723 1843 834 1897 Wiedin
857 1845 900 1896 ius
923 1844 984 1909 (der
1006 1795 1208 1912 Libellprocess

280 1957 285 1967 .
298 1914 359 1978 298)
377 1928 428 1978 pro
447 1911 616 1965 emblemate
628 1910 728 1988 habuit
740 1861 944 1988 (dibeligosdet
955 1913 984 1964 et
995 1910 1104 1964 litteras
1114 1912 1204 1988 petat‘

256 1928 279 2038 ξ.
299 1983 371 2044 167),
394 1995 450 2032 uon
467 1979 558 2031 miuus
581 1993 704 2056 genuina
720 1994 807 2044 1ps1us
824 1977 938 2044 Ulprani
956 1979 1033 2043 sunt,
1056 1993 1141 2045 quarn
1157 1977 1209 2031 uta

256 2045 349 2109 ‘Quod
366 2062 433 2100 uero
455 2062 540 2113 supra
562 2045 824 2108 d1ximus’§.165.,
847 2061 882 2099 ne
905 2045 935 2096 in
952 2062 964 2097 s
986 2047 1075 2098 eciem
1092 2045 1207 2112 quidem

256 2111 842 2234 {restituatur,urstisius
856 2062 1152 2232 ,asscitum
1174 2116 1210 2165 s

323 2247 365 2300 De
383 2197 601 2316 crigirieqoperis
614 2261 678 2298 cum
689 2245 759 2298 nihil
770 2197 905 2298 tra’ditum
924 2245 968 2310 sit,
987 2247 1023 2298 ad
1035 2245 1209 2299 coniecturas

256 2314 322 2366 viris
345 2314 435 2366 doctis
456 2313 674 2381 confugiendum
696 2312 762 2376 fuit,
790 2313 948 2380 dequibus
974 2313 1034 2378 adi,
1060 2312 1083 2364 si
1104 2313 1206 2378 placet,

256 2381 404 2434 Zimmern.
422 2381 486 2437 hist.
504 2380 556 2434 iur.
574 2380 595 2436 Ι.
613 2385 636 2442 5.
649 2385 672 2432 7.
691 2379 806 2433 Wenck.
825 2395 919 2446 opusc.
938 2379 1015 2437 acad.
1034 2379 1077 2432 ed.
1091 2378 1207 2432 Stieber.

256 2463 283 2565 E.
295 2451 353 2521 449.
384 2445 413 2497 F.
434 2445 534 2501 Osann.
555 2446 591 2498 ad
608 2445 742 2565 PomEon.
761 2447 796 2499 de
814 2447 883 2514 orig.
902 2446 954 2502 iur.
966 2463 993 2514 p.
1007 2451 1063 2500 147.
1091 2445 1206 2499 liudorf.

206 2553 212 2560 .
275 2513 505 2575 ist.1ur.§.10'l.¹
534 2513 624 2580 igitur
641 2513 679 2564 rui
700 2513 710 2564 i
728 2528 839 2581 quoque
858 2513 882 2566 si
900 2514 1060 2566 coniectura
1076 2513 1119 2565 uti
1130 2513 1205 2578 licet,

256 2579 371 2647 pronior
388 2595 450 2630 sum
462 2578 498 2630 ad
510 2579 736 2645 existimandum,
754 2595 810 2633 non
821 2580 932 2648 privato
946 2579 1058 2633 consilio
1071 2579 1120 2632 sed
1132 2580 1205 2648 prin-

257 2644 1206 2768 {trisulcarumreseruassemussu

497 2751 503 2776 ‚
1196 2743 1206 2752 .

205 2819 208 2826 .
257 2781 374 2844 matum,
393 2779 493 2832 saltem
510 2795 566 2832 uon
577 2780 729 2848 probatum
747 2781 782 2834 ab
802 2795 843 2846 eo,
862 2781 910 2848 qui
927 2779 989 2834 fieri
1005 2753 1133 2847 misserat,
1152 2780 1205 2848 pri-

257 2847 345 2899 vatim
363 2847 485 2914 suscepti
502 2847 564 2899 loco
576 2846 775 2914 pervulgatum
787 2845 880 2900 fuerit.
910 2847 1034 2900 Primum
1045 2846 1098 2900 hoc
1111 2847 1207 2900 suadet

258 2913 379 2966 ambitus
397 2913 498 2981 operis,
516 2913 546 2964 in
563 2913 678 2966 modum
690 2913 748 2966 fere
760 2913 977 2968 Iustinianorum
994 2913 1123 2972 codicum
1132 2913 1205 2966 insti·

256 2979 323 3033 tuti:
342 2979 499 3034 cuiusmodi
517 2979 681 3048 amplissimi
699 2979 801 3033 codicis
818 2981 984 3036 conficiendi
996 2979 1140 3034 consilium
1151 2980 1205 3048 pri·
1220 2993 1272 3042 [sm]

330 3153 350 3222 1)
365 3156 455 3214 Quibus
473 3171 535 3205 nuuc
554 3156 646 3205 accedit
663 3156 800 3206 Mommsen.
822 3157 877 3205 edit.
897 3157 973 3219 ipsius
992 3171 1015 3220 p.
1030 3168 1151 3208 toa—tot.
1184 3157 1205 3205 ls

256 3228 348 3292 privato
364 3227 467 3284 homiui,
486 3227 525 3290 qui
540 3227 583 3276 sub
599 3225 752 3276 Constantino
767 3227 904 3289 scripserit,
923 3241 982 3290 cpus
1001 3227 1121 3290 attribuit,
1136 3229 1158 3288 ξ.
1173 3239 1205 3277 at.

257 3301 272 3348 i.
289 3315 309 3350 e.
325 3298 480 3348 Valentiniani
494 3299 570 3360 legem
584 3313 628 3361 pro
644 3298 807 3362 supplemento
822 3297 920 3358 habens,
936 3297 999 3360 quod
1013 3298 1086 3346 multo
1100 3305 1154 3362 post
1166 3298 1206 3345 ad-

258 3370 332 3418 ditum
347 3370 385 3418 sit.
410 3369 457 3418 Sed
471 3369 535 3432 quod
549 3370 649 3418 maxime
665 3383 717 3416 eum
732 3369 812 3428 morit,
829 3368 1010 3429 inscriptionum
1021 3367 1169 3430 singularitas
1183 3369 1206 3414 in

258 3440 397 3488 Diocletiani
412 3446 436 3488 et
450 3437 597 3488 Constantini
616 3438 753 3502 rescriptis,
773 3439 824 3486 eius
838 3453 881 3486 uos
896 3437 1081 3501 probabiliorem
1096 3438 1206 3500 originem

258 3510 392 3558 ostendisse
406 3509 474 3558 uobis
488 3509 602 3558 videmur.
