2680 4112
454 284 481 320 u.
501 283 629 319 vsssmvs
647 284 753 322 enosvs.
1025 277 1085 335 137

274 424 433 482 Litterae
454 426 656 498 singulares
678 429 712 483 in
733 429 808 484 iare
831 429 940 486 ciuili.

187 539 217 600 3.
235 543 271 598 lle
282 541 388 616 legibus
402 549 430 600 et
440 541 589 616 plebiscitis
603 540 788 620 (senatusque
799 539 961 620 consultis)¹
978 541 1084 608 haece.²

120 641 427 710 P.t.s.s.0.1.s.1.s.
455 643 586 717 populum
611 646 670 702 iure
696 647 803 718 rogauit
828 647 1001 720 populusque
1026 650 1085 704 lure

163 725 385 786 Russus.
498 729 577 784 sciuit
599 729 626 786 ia
649 728 709 786 loro
737 745 787 802 pra
815 732 911 788 rastris
940 725 1003 788 ὀὐ
1024 741 1085 788 sate

497 810 669 885 diempridie

123 893 164 954 Ἐ,
175 893 322 951 H.L.N.ll.
456 896 514 952 eius
529 897 579 952 hsa
593 895 656 969 lege
671 895 784 954 nihilum
799 891 931 970 rogetur⁴

121 978 149 1034 S.
160 977 192 1032 R.
206 977 234 1034 L.
246 976 276 1034 li.
285 978 305 1034 l.
316 976 345 1034 C.
360 976 428 1045 QO.
454 978 571 1052 siremps
590 979 644 1050 les,
665 996 719 1048 res,
739 982 781 1036 lus
808 997 941 1054 cassaque
962 982 1084 1040 omuibus

165 1060 234 1120 ult.
245 1059 272 1119 Ε.
497 1065 616 1136 amnium
631 1079 723 1123 rerum
737 1059 817 1120 esta⁶

15 1187 16 1190 η
73 1145 263 1204 tttlb.P.C.ll.
452 1143 541 1204 leiui
555 1146 649 1217 Prisci,
665 1147 740 1204 ciues
755 1146 866 1204 llamsni

15 1229 17 1264 ῑ
121 1229 157 1284 bl.
166 1228 236 1284 stt.
245 1227 311 1286 us.
320 1226 351 1286 Ε.
454 1229 631 1304 municipibus
654 1231 711 1286 eius
731 1233 866 1304 municipii
887 1231 951 1288 dare
977 1233 1084 1290 demnas

496 1321 555 1370 estc

99 1413 106 1423 ·
122 1395 232 1458 C.E.G.
454 1397 557 1456 colons
574 1399 631 1452 eius
646 1397 769 1454 coloniae

124 1478 159 1546 Q.
166 1477 195 1538 Ε.
202 1477 268 1535 Η.
277 1477 337 1538 us.
455 1481 528 1554 quod
543 1482 600 1538 eius
615 1490 689 1538 recte
703 1481 805 1538 iactum
821 1499 881 1540 esse
894 1483 1000 1542 dicetur

121 1561 292 1620 alenc.
454 1565 497 1622 lex
512 1564 578 1622 lulis
593 1565 626 1620 dc
640 1564 778 1622 adulteriis
795 1568 951 1624 coercendis

34 1701 37 1708 ,
120 1645 336 1708 uernis.
454 1648 525 1705 uude
540 1648 573 1704 de
588 1648 669 1721 plana
684 1657 758 1706 secte
772 1650 827 1724 legi
840 1653 927 1725 possit

118 1733 154 1791 A.
163 1727 310 1786 stus.
453 1749 525 1803 sere,
541 1741 665 1806 argento,
680 1750 747 1789 suro
763 1733 862 1805 flenda,
877 1735 1001 1792 feriendo

118 1812 260 1880 l.N.Q.Q.
452 1817 531 1871 iustis
547 1818 648 1890 nuptiis
664 1818 811 1889 quaesitos,
829 1820 963 1891 quaesitas

118 1897 149 1953 S.
164 1896 196 1964 Q.
209 1897 236 1952 S.
251 1897 277 1953 S.
286 1897 314 1952 ll.
330 1896 361 1964 Q.
372 1893 425 1972 (V)
453 1901 476 1954 si
495 1900 559 1973 quid
581 1899 792 1956 'sacrosanctum
813 1896 885 1973 θεῖ,6
904 1901 1022 1974 ’quodue
1041 1905 1082 1958 ius

164 1979 425 2043 scissent.
497 1975 566 2038 uon⁷
583 1984 618 2039 sit
632 1977 789 2057 ’rogarier‚⁸
805 1985 863 2040 eius
876 1985 925 2040 huc
940 1985 1001 2059 lege
1017 1987 1083 2042 nibil

164 2064 242 2122 Ns.
494 2059 635 2140 'regestus⁹

196 2194 217 2261 ¹)
231 2195 362 2261 Suppleui.
398 2197 508 2248 Excidit
522 2199 596 2262 sqctis
611 2195 643 2248 ob
662 2199 916 2260 sintlelenteeedens
934 2199 1084 2249 uocabulum

120 2269 199 2318 scitis.
239 2265 337 2332 l)uunc
356 2267 464 2330 ponimus
484 2270 594 2317 serioris
613 2274 709 2317 tanturn
728 2270 821 2318 aetatis
837 2268 898 2320 odd.
914 2269 1017 2319 Litterae
1032 2272 1082 2320 siu·

119 2339 216 2400 gulares
226 2339 250 2386 in
265 2339 317 2386 iure
327 2337 393 2386 ciuili
403 2337 432 2386 de
442 2338 533 2399 legibus
544 2344 568 2386 ct
577 2339 708 2400 plebiscitis
719 2339 758 2386 ed.
773 2337 826 2388 Sed
834 2340 892 2388 uide
900 2341 1083 2404 inscriptiones

119 2412 160 2472 ἕξ.
175 2421 197 2458 4.
215 2415 239 2457 et
252 2418 272 2459 5.
312 2403 333 2473 1)
348 2407 380 2456 In
396 2411 449 2473 ispe
465 2411 570 2470 perlata
589 2409 649 2457 baie
669 2423 696 2456 ex
706 2411 816 2472 proprie
830 2413 917 2460 nuilus
931 2413 1017 2468 loeus,·
1037 2413 1083 2462 sed

114 2485 192 2544 puto,
201 2479 230 2528 isi
238 2479 367 2530 interdum
377 2493 411 2527 ex
421 2481 475 2543 tepe
482 2494 532 2542 per
540 2480 886 2545 trinnndinunrprornnlpata
892 2489 983 2544 postea
990 2498 1082 2533 errore

119 2556 248 2599 retentum
262 2564 325 2599 esse.
346 2547 420 2600 Notis
434 2550 495 2598 inte
505 2549 573 2598 Diem
583 2556 607 2598 et
617 2549 703 2598 Pridie
714 2551 741 2598 in
755 2551 841 2600 eadem
852 2553 906 2616 iepe
916 2553 992 2602 sinui
1001 2555 1082 2604 iocum

120 2635 175 2670 non
190 2633 250 2681 esse,
266 2621 312 2668 aie
326 2626 370 2681 est,
385 2619 454 2683 quod
466 2635 618 2670 reteneamus.
649 2620 687 2668 De
701 2622 782 2684 lepurn
788 2623 1041 2684 praescriptionibus
1054 2626 1082 2672 in

121 2692 271 2740 uniuersum
280 2689 316 2752 ef.
327 2689 435 2740 Ritscbl.
446 2691 534 2753 praef.
544 2691 597 2738 ind.
608 2689 686 2740 sabai.
698 2689 780 2740 Bonn.
796 2691 846 2739 bib.
858 2703 916 2742 leco.
946 2691 968 2758 ⁴)
981 2693 1041 2742 oda.
1057 2701 1083 2743 et

119 2762 159 2810 ed.
175 2767 236 2810 anie
251 2760 277 2808 t.
293 2761 343 2822 lege
358 2760 471 2810 addunt:
486 2759 513 2810 0.
528 2760 645 2822 omnibus,
655 2761 732 2824 idque
747 2763 899 2825 insequenti
910 2770 978 2822 nota,
991 2763 1035 2812 nbi
1046 2772 1081 2814 te·

119 2831 250 2880 stantibus
264 2833 318 2895 lepe
332 2829 434 2880 Rubrio
448 2838 473 2880 et
486 2833 540 2895 lepe
559 2829 679 2890 Quinctia
693 2827 773 2898 (Mus.
786 2833 876 2894 philol.
893 2831 972 2882 soen.
984 2835 1040 2882 Vlll.
1053 2851 1080 2898 p.

118 2915 166 2954 ese
175 2911 219 2953 stt
233 2898 298 2968 seq.)
308 2901 390 2950 iustus
399 2902 455 2950 eius
464 2904 536 2951 iocus
545 2908 591 2958 est,
601 2903 727 2960 amittant,
736 2907 765 2950 ut
773 2909 907 2965 appareat,
918 2919 952 2952 eac
959 2905 1083 2967 inferiori

119 2979 182 3024 note
195 2973 224 3021 in
235 2973 396 3034 superiorem
410 2972 439 3020 id
452 2973 517 3022 mole
532 2973 677 3034 irrepsisse.
707 2971 728 3036 ὁ)
744 2972 824 3022 Varie
836 2972 897 3022 cad.
908 2974 1081 3038 transforma-

120 3045 170 3092 tam
180 3048 359 3104 corrumpunt.
377 3039 450 3100 Quod
458 3045 565 3105 siremps
575 3049 680 3092 notatur
690 3042 789 3092 duobus
799 3045 893 3092 titteris
903 3043 926 3094 S.
938 3045 974 3106 lt,
982 3047 1082 3108 facturn

117 3114 225 3162 uidetur
234 3113 374 3162 seeundum
383 3115 559 3176 etymoiopiarn
570 3112 606 3161 M.
617 3112 728 3172 Catonis,
738 3129 755 3162 a
764 3110 866 3162 ‘similis
873 3113 926 3164 res'
934 3131 989 3164 earn
998 3131 1082 3166 uocem

118 3183 274 3234 derivantes.
302 3181 368 3232 Fest.
382 3197 403 3231 s.
418 3199 440 3232 u.
479 3179 661 3246 ⁶)sscrosaucti
681 3183 726 3240 V.,·
745 3185 808 3234 sscri
828 3185 903 3234 saneti
924 3189 1004 3236 ceteri
1019 3181 1080 3236 oda.

118 3262 143 3304 et
157 3255 198 3304 ed.
219 3253 279 3302 Vici.
297 3253 347 3302 Gis.
359 3268 411 3316 pro
425 3252 498 3302 Baib.
515 3265 547 3304 14.
587 3250 606 3317 ⁷)
622 3253 648 3310 Q.
665 3253 692 3302 N.
708 3254 725 3302 l.
741 3255 863 3318 quodnon
878 3256 1004 3306 iussioni
1020 3257 1080 3305 eud.

118 3325 183 3388 quad
199 3325 251 3373 iure
266 3337 312 3372 nou
327 3338 394 3372 unus
407 3323 456 3380 Α.,·
469 3331 498 3372 ut
511 3331 562 3372 tant
571 3331 631 3373 ante
646 3324 662 3372 l.
678 3337 752 3388 quarn
762 3333 824 3388 post
837 3327 924 3374 littera
937 3328 1082 3390 sinpularis

119 3397 188 3446 tecto
197 3409 253 3444 esse
263 3395 391 3452 uideatur,
401 3409 475 3458 quarn
483 3393 510 3442 N.
519 3402 684 3458 aeceperunt,
695 3411 759 3459 quae
769 3411 829 3446 uero
840 3403 899 3446 ante
909 3402 966 3444 erat
975 3395 1001 3443 V.
1016 3393 1082 3442 Sunt

118 3466 187 3516 duae
204 3467 378 3528 exceptiones,
389 3481 497 3528 quarum
506 3467 591 3514 altera
604 3471 704 3528 spectat
716 3466 752 3514 ast
760 3481 799 3524 ea,
816 3481 881 3530 puae
891 3480 922 3512 ne
932 3465 990 3527 quis
1004 3479 1081 3527 ropa-

119 3543 167 3594 ret,
183 3537 263 3585 multa
278 3543 374 3584 tanturn
388 3537 497 3585 similive
506 3537 734 3599 poenosanaitunr
752 3543 817 3585 erat.
856 3532 877 3599 ⁸)
895 3541 1003 3595 rogatum
1019 3533 1080 3584 eda.

122 3604 161 3668 Of.
176 3606 274 3655 Klenze
289 3607 324 3654 ad
337 3605 401 3671 Lep.
415 3604 508 3655 Seruii.
520 3621 548 3669 p.
563 3617 596 3656 et.
635 3601 712 3671 ⁰)Ita
731 3614 799 3656 reete
814 3613 851 3654 est
866 3606 892 3653 in
907 3607 924 3653 i.
940 3603 1034 3656 Antan.
1050 3605 1081 3654 de
