2700 4118
262 232 325 298 600
446 253 553 289 nomon
570 252 677 290 verram
694 253 791 290 neten.
811 235 896 290 XXII.
915 241 1028 290 25-32.

262 389 338 454 sunt,
354 386 419 438 item
431 383 477 456 qui
489 383 516 437 in
526 381 778 454 re(moncr'putione
793 391 868 454 eunt,
885 401 903 439 o
914 389 1040 456 parente
1052 399 1116 440 cum
1127 384 1216 440 lider-

262 474 321 524 tote
335 468 455 524 heredes
470 467 593 538 scriptos
607 473 728 538 praetor
743 483 859 526 suorum
873 469 937 524 loeo
952 467 1053 532 leodem
1073 471 1171 540 itaque
1186 475 1216 525 et

261 554 332 624 ipsis
348 551 510 608 abstinendi
520 557 649 621 potestas
664 548 769 624 datur).

328 627 393 694 ¹26.
417 633 563 689 Extraneus
586 635 664 690 heres
691 634 907 708 siquidemeum
934 635 1054 692 cretione
1076 635 1112 690 sit
1134 635 1215 692 heres

261 719 413 790 institutus,
425 717 559 774 cernendo
571 716 601 772 ht
613 717 706 790 heres3
723 721 746 774 si
760 733 826 774 uero
837 719 894 774 sine
907 719 1037 789 cretione,
1052 735 1101 791 pro
1113 718 1214 787 herede

262 801 392 877 gerendo.
429 796 478 860 26.
504 793 569 856 2Ρπο
586 801 685 857 herede
700 801 780 874 gerit,
802 803 848 874 qui
863 801 944 858 rebus
960 801 1129 858 hereditariis
1145 811 1211 858 tant·

262 901 341 960 quant
357 885 482 942 dominus
499 886 598 954 utitur,
618 884 693 941 uelut
709 887 755 958 qui
770 887 922 942 auctionem
938 900 1027 942 rerum
1040 885 1214 942 hereditaria·

261 985 321 1026 rum
343 969 422 1040 iacit,
449 977 494 1024 ent
517 969 604 1024 seruis
626 967 795 1024 hereditariis
819 968 914 1025 ciboria
936 967 990 1026 dat.
1032 964 1079 1028 2⁷.
1103 961 1214 1025 ³Cretio

262 1062 303 1110 est
319 1060 454 1110 certorum
470 1051 574 1108 dierum
589 1054 720 1126 spatium,
745 1051 817 1125 quod
834 1052 913 1107 datur
927 1054 1052 1108 instituto
1073 1052 1167 1108 heredi
1181 1051 1215 1108 ad

262 1135 473 1208 deliberandum,
496 1143 586 1192 utrum
609 1137 734 1208 expediat
755 1138 780 1192 ei
803 1135 875 1190 adire
898 1135 1073 1194 hereditatem
1096 1151 1147 1192 nec
1169 1153 1214 1210 ne,

262 1221 352 1278 uelut:
369 1235 475 1278 'statvs
490 1234 591 1276 nones
606 1233 685 1277 nero
699 1234 898 1283 onenmocvn
914 1235 947 1277 m
961 1235 1073 1278 naenvs
1090 1235 1216 1278 cenavit

261 1317 420 1375 eecxmm,
438 1317 551 1366 evmvs
567 1317 688 1360 somnis
702 1297 921 1368 rorerenscvn.⁴
952 1317 1016 1360 urso
1031 1319 1215 1362 redonave-

261 1401 323 1455 nte,
339 1400 480 1442 exornans
496 1400 586 1444 esre.
624 1384 673 1443 28.
698 1386 813 1442 Cernere
828 1395 869 1441 est
885 1386 966 1442 uerba
982 1387 1110 1444 cretionis
1126 1387 1215 1445 dicere

262 1469 294 1526 ad
306 1469 378 1524 hunc
389 1468 513 1548 modum:
529 1485 608 1536 ouon
618 1487 664 1527 un
676 1486 790 1528 nnrtvs
803 1485 953 1527 nannenten
963 1486 1132 1542 rhamnum,
1150 1487 1215 1530 nent

261 1567 486 1610 nennnmnneu
507 1568 591 1610 enno
615 1569 789 1618 oneuoevre.
834 1549 884 1612 29.
907 1553 970 1610 Sine
993 1556 1112 1612 cretione
1133 1555 1215 1611 heres

156 1629 429 1713 199aoinstitutus1
455 1638 478 1690 si
500 1639 688 1708 constituerit,
716 1637 789 1692 nolle
811 1653 840 1692 se
866 1637 991 1693 heredem
1020 1654 1095 1709 esse,
1122 1639 1214 1694 statim
1267 1652 1269 1656 ·

262 1713 414 1776 excluditur
435 1719 466 1776 ab
489 1720 652 1792 hereditate,
675 1730 702 1777 et
724 1720 839 1793 amplius
861 1737 918 1776 cam
940 1721 1013 1776 adire
1035 1737 1090 1778 non
1110 1729 1213 1794 potest.

260 1799 312 1863 30.
335 1803 400 1860 Cum
422 1805 543 1861 cretione
566 1821 632 1860 uero
655 1806 733 1860 heres
762 1805 903 1860 institutus
931 1805 1002 1860 sicut
1024 1803 1284 1866 cernendofitrooor

261 1889 355 1958 heres,
378 1889 415 1946 ita
430 1905 484 1944 non
501 1888 579 1963 aliter
593 1887 758 1958 excluditur,
782 1904 860 1959 quam
876 1889 899 1944 si
914 1889 983 1944 intra
999 1887 1068 1945 diem
1084 1890 1213 1946 cretionis

261 1988 315 2030 uon
331 1973 462 2028 creuerit:
485 1971 600 2044 ideoque
615 1973 718 2028 etiamsi
734 1972 921 2043 constitnerit,
944 1971 1018 2028 nolle
1033 1989 1063 2028 se
1086 1972 1213 2028 heredem

261 2071 331 2128 esse,
348 2063 445 2126 tamen,
461 2057 483 2110 si
497 2057 633 2128 supersint
649 2055 705 2110 dies
721 2057 865 2127 cretionis,
884 2057 1049 2128 paenitentia
1064 2064 1140 2112 actus
1156 2073 1213 2112 cer·

261 2139 350 2197 nendo
366 2139 444 2196 heres
460 2137 518 2194 heri
532 2147 632 2212 potest.
1132 2202 1136 2208 ⁵

324 2221 370 2281 31.
393 2221 483 2278 Cretio
498 2231 543 2279 aut
560 2223 679 2295 uulgaris
694 2221 792 2277 dicitur
807 2230 853 2276 aut
867 2224 1008 2278 continua:
1031 2221 1167 2296 uulgaris,
1184 2224 1212 2278 in

262 2323 314 2380 qua
336 2305 487 2362 adiciuntur
509 2305 574 2360 haec
596 2304 690 2361 uerba:
721 2320 833 2369 ovmvs
856 2320 976 2364 somme
998 2321 1212 2376 eornmsevn3

261 2391 398 2458 contiuua,
418 2391 446 2444 in
462 2403 513 2460 qua
529 2404 583 2443 non
598 2388 758 2444 adiciuntur.
801 2385 850 2448 32.
874 2388 914 2460 Ei,
935 2391 981 2462 qui
997 2389 1137 2462 uulgarem
1155 2408 1211 2448 cre·

260 2474 361 2528 tionem
377 2469 473 2541 hahet,
496 2470 553 2526 dies
573 2471 612 2526 itti
629 2471 768 2552 duntaxat
790 2481 997 2546 computantur,
1020 2473 1117 2546 quihus
1139 2476 1213 2546 sciit,

260 2689 295 2724 ece
314 2665 513 2742 ὁμοιοτελεύτῳ
533 2671 649 2739 (potestas
664 2689 710 2724 non
726 2675 794 2726 dator
808 2703 841 2712 -
858 2672 981 2739 ‘potestas
994 2673 1096 2742 dotur’)
1112 2677 1211 2741 factum

260 2751 305 2798 est.
335 2743 434 2792 Vereor
448 2749 539 2802 tamen,
554 2759 585 2793 ne
599 2747 675 2794 etiam
685 2748 766 2808 plura
780 2748 909 2802 omiserim
923 2748 969 2796 viae
983 2749 1049 2796 enim
1063 2754 1108 2806 est,
1128 2755 1156 2796 ut
1169 2747 1210 2796 Ut-

257 2817 354 2878 pionoo
372 2815 442 2862 illam
456 2817 571 2878 reguiam
583 2812 716 2864 ‘Ominibus
730 2823 822 2874 tomen,
836 2815 928 2880 quibus
941 2817 1088 2866 abstinendi
1096 2824 1211 2881 potestas

260 2892 306 2942 est,
320 2885 344 2932 si
353 2898 380 2934 oe
390 2883 463 2934 bonis
477 2887 668 2944 immiscuerint,
679 2889 718 2934 oet
727 2887 791 2950 quid
800 2888 859 2936 iude
869 2889 1018 2950 amoverint,
1028 2891 1139 2950 amplius
1147 2887 1211 2938 daec

256 2961 373 3019 potestas
386 2969 437 3004 non
451 2947 551 3015 dator',
566 2955 632 3006 libro
646 2971 692 3005 ouo
707 2971 757 3006 non
772 2958 920 3008 inseruerit.
973 2953 994 3024 ¹)
1007 2957 1052 3006 Ad
1065 2960 1105 3020 §5-
1116 2968 1211 3010 ao—ttt.

261 3025 295 3088 ef.
314 3023 368 3074 Gai.
385 3035 410 3084 e,
429 3037 551 3078 ree-ire.
617 3022 637 3090 ²)
658 3025 696 3088 Cf.
716 3027 791 3076 Paul.
810 3040 836 3086 4,
851 3039 871 3078 a.
890 3029 914 3089 ξ.
928 3037 962 3080 ee.
982 3029 1005 3090 §-
1025 3039 1045 3079 τ.
1065 3028 1086 3076 I.
1106 3029 1138 3078 de
1155 3029 1210 3078 her.

261 3097 349 3159 quatit.
365 3093 397 3160 (o,
412 3095 455 3162 re).
521 3093 542 3161 8)
558 3095 596 3154 Of.
611 3096 684 3158 infra
698 3098 720 3158 ξ,
735 3109 768 3148 ne.
791 3097 846 3146 Gai.
862 3109 882 3156 e,
898 3109 944 3152 rae.
1008 3095 1030 3164 ⁴)
1046 3097 1124 3148 Recte
1137 3097 1212 3147 habet

260 3167 324 3216 doec
341 3167 455 3216 secondo
469 3180 585 3231 persono
599 3173 660 3228 poet
679 3169 859 3216 norninntioum
880 3169 906 3218 in
925 3171 971 3218 iiio
994 3167 1098 3218 Titius
1120 3169 1211 3218 hereo

260 3244 340 3296 esto,
355 3238 467 3301 perinde
481 3244 555 3300 atque
570 3238 597 3284 in
612 3237 740 3286 actionum
755 3239 891 3300 formatior
909 3254 968 3288 nam
985 3245 1014 3288 ut
1027 3247 1138 3302 praetor
1155 3253 1211 3288 cum

260 3309 354 3368 iudice,
370 3309 407 3357 ita
422 3314 528 3357 testator
542 3322 598 3355 cura
607 3306 701 3356 herede
716 3310 787 3357 iussu
800 3323 847 3359 suo
858 3309 931 3372 facto
941 3324 1019 3374 offere
1029 3310 1131 3360 uidetur
1140 3307 1210 3374 (Gai.

260 3378 354 3444 8,103);
369 3377 502 3440 utrobique
517 3383 600 3426 autem
613 3379 768 3428 nominativo
779 3393 841 3428 cocu
856 3380 966 3429 iudicem
980 3381 1019 3428 vel
1027 3379 1153 3438 heredem,
1167 3379 1212 3443 qui

260 3463 311 3498 non
328 3449 408 3508 adest,
424 3449 519 3496 iussum
533 3461 587 3496 esee
602 3455 709 3510 oportet,
724 3450 760 3498 ad
773 3465 844 3512 quem
856 3451 971 3512 formata
985 3452 1025 3499 oel
1039 3457 1212 3499 testamentum

261 3519 318 3567 iure
328 3519 474 3581 perveniat,
489 3525 623 3582 antequam
634 3533 689 3566 cum
703 3534 732 3569 eo
743 3527 852 3582 praetor
866 3522 905 3569 oei
915 3527 1021 3569 testator
1031 3527 1151 3585 tanquam
1161 3534 1213 3583 per

260 3589 392 3649 epistolam
407 3589 478 3651 loqui
487 3590 578 3651 possit.
605 3588 643 3652 Cf.
658 3589 689 3638 L.
705 3601 731 3641 86
741 3605 785 3652 pr,
809 3590 841 3638 D.
857 3590 888 3639 de
902 3593 950 3656 leq.
965 3602 985 3641 2.
