2692 4114
347 907 570 981 DOMITIVS
596 906 843 996 VLPIANVS.

11 1145 13 1178 ,
167 1119 209 1160 ns
230 1118 356 1162 vnnrsnr
378 1115 596 1170 rasonnrtrrs,
620 1116 702 1164 ovs-u
724 1115 827 1157 vvuso
850 1113 1022 1171 urovsrvs,

11 1191 13 1218 l
483 1199 707 1241 runnuourrro.

11 1333 13 1374 τ
48 1324 110 1374 [sor]
190 1313 319 1382 ‘Ulpiani
335 1313 361 1366 ir
428 1314 509 1366 ente‘
533 1326 605 1378 quae
627 1312 713 1390 vulgo
735 1311 875 1377 dicuntur,
898 1327 953 1365 uno
976 1311 1071 1366 oodioe

122 1381 283 1444 Vaticano,¹
310 1395 355 1433 seo
387 1395 403 1433 o
429 1380 516 1433 ferme
542 1379 651 1433 decimo
676 1396 706 1432 ιιι
730 1377 823 1432 Gallie
846 1379 913 1432 sotis
938 1378 1072 1433 mendose

123 1447 240 1516 scripto,
267 1448 378 1500 servata
403 1447 483 1500 nobis
505 1462 577 1511 esse,
604 1447 669 1515 post
690 1445 794 1500 multas
815 1446 964 1500 varietates
987 1446 1072 1500 hodie

123 1515 283 1568 auctoribus
300 1513 418 1582 Hugone
441 1515 471 1567 et
491 1512 603 1567 Savinio
625 1513 683 1566 iere
707 1513 742 1566 ab
764 1514 893 1567 omnibus
915 1515 991 1567 reete
1009 1529 1072 1582 pro·

11 1609 12 1622 ι
122 1583 227 1636 batur.²
260 1581 320 1636 Hoo
337 1581 366 1633 in
385 1580 479 1634 codiee
497 1581 570 1634 binis
587 1579 723 1632 columnis
745 1581 861 1648 scripto,
884 1597 956 1648 ques
975 1595 1072 1634 versus

122 1649 287 1726 plerumque
304 1647 423 1717 triginta
434 1648 557 1724 quinque
570 1663 672 1715 eosque
684 1647 743 1700 iere
755 1647 857 1767 vifinti
869 1664 917 1700 sex
929 1648 975 1701 vel
986 1649 1072 1716 paulo

11 1777 13 1786 .
122 1716 243 1786 pinnum
264 1716 422 1770 litterarum
445 1715 602 1779 continent,
626 1715 765 1781 occupant
798 1714 994 1768 ol.190¹³.eol.
1032 1731 1074 1767 .a

11 1799 13 1846 3
121 1801 147 1838 v.
157 1790 181 1838 9.
198 1801 282 1852 usque
295 1784 332 1838 ad
348 1783 396 1837 fol.
407 1784 470 1838 idib
479 1783 504 1851 β.
517 1781 568 1838 eol.
579 1799 605 1835 v.
616 1786 640 1835 7.
669 1781 838 1849 Inscriptum
851 1780 892 1834 ibi
906 1782 948 1834 est
961 1781 1072 1834 libellos

122 1867 503 1906 rnerr.r1rsn1sxcorsrosu
522 1865 641 1912 veritur,
664 1864 720 1916 quo
742 1847 866 1916 eorporis
887 1848 999 1900 nomine
1016 1849 1073 1901 iam

11 1953 13 1984 ,
122 1917 236 1987 Ulpiani
254 1920 348 1972 aetate
366 1917 471 1970 usitato
489 1914 529 1984 (L.
548 1922 590 1969 ot.
615 1920 638 1980 5.
657 1921 680 1968 2.
698 1915 731 1968 D.
749 1915 784 1968 de
802 1915 857 1983 leg.
876 1918 903 1978 3)
925 1917 955 1968 et
975 1915 1074 1982 postea

11 1987 13 2008 ⁵
121 1987 242 2038 maxime
267 1986 297 2037 in
320 1982 576 2038 iurisconsultorum
598 1982 676 2035 libris
697 1981 859 2051 pervulgari
879 1981 1073 2036 Theodosieno

11 2051 13 2070 ·
121 2048 1074 2184 sisterissiiturus,titismssitiru

12 2211 14 2250 ι
121 2185 301 2254 imperatoris
318 2183 385 2237 libri
402 2185 537 2250 tanquam
555 2184 637 2238 unius
655 2184 782 2238 membra
804 2184 927 2252 eorporis
949 2183 1073 2236 eontine-

12 2255 13 2282 ³
122 2255 230 2320 rentur,
249 2268 265 2304 a
306 2250 387 2304 ellari
404 2250 516 2303 solitum
530 2266 602 2316 esse,
622 2267 656 2304 ex
672 2251 702 2307 L.
716 2259 738 2308 3.
758 2249 807 2308 Th.
821 2250 848 2306 C.
863 2250 953 2304 dores
975 2297 980 2308 .
1013 2249 1073 2304 rud.

123 2324 160 2386 (l,
179 2323 207 2384 4)
226 2320 256 2372 et
295 2333 338 2372 ov.
352 2317 463 2370 Valent.
476 2317 527 2372 III.
546 2317 606 2372 Lib.
619 2318 653 2371 11.
670 2318 714 2370 tit.
728 2324 761 2372 35
772 2335 813 2386 pr.
846 2319 914 2372 etet
964 2334 978 2372 e
1016 2317 1074 2371 iam

13 2417 14 2460 3
123 2387 173 2440 diu
191 2387 313 2450 constat,
336 2385 406 2438 haee
429 2384 444 2436 f
522 2386 588 2461 enta
604 2385 685 2437 unius
702 2335 895 2438 tantumiibri
916 2401 989 2448 esse;
1011 2401 1074 2454 per·
1153 2387 1156 2392 '

13 2483 14 2492 ι
122 2455 217 2508 tinent
234 2453 316 2517 enim,
334 2453 367 2505 nt
384 2467 418 2506 ex
436 2451 479 2505 eol
490 2453 543 2506 atis
562 2468 657 2506 eorum
674 2453 718 2505 tit.
737 2458 761 2510 5.
779 2457 820 2517 55.
839 2458 862 2510 6.
881 2459 904 2506 i.
923 2454 953 2506 et
969 2453 1013 2506 tit.
1033 2459 1073 2507 26.

124 2527 148 2586 5.
164 2529 187 2574 1.
206 2536 269 2574 oum
283 2519 382 2573 Collut.
399 2519 442 2576 tit.
455 2523 480 2573 t.
499 2535 559 2588 eap.
570 2525 594 2572 2.
614 2521 643 2572 et
654 2519 698 2572 tit.
711 2526 751 2574 16.
769 2535 829 2587 esp.
841 2525 875 2586 4,,
893 2520 962 2573 item
974 2521 1018 2578 tit.
1032 2526 1073 2578 20.

125 2589 150 2648 5.
170 2593 194 2640 6,
213 2603 276 2640 eum
298 2587 328 2640 L.
348 2592 387 2640 li.
411 2586 443 2639 D.
461 2587 496 2640 de
514 2587 608 2640 testib.
627 2589 689 2651 (22,
712 2590 739 2651 t)
763 2588 938 2656 compertum
961 2589 1014 2653 est,
1038 2589 1075 2640 ad

123 2654 239 2723 Ulpiani
250 2653 352 2707 librum
364 2653 535 2722 singularem
547 2653 587 2706 Re
609 2652 727 2709 uiarum,
749 2653 884 2720 Ulpianus
896 2670 960 2707 eum
972 2655 1075 2708 librum

125 2722 275 2790 scripserat
296 2721 453 2789 imperante
477 2669 621 2775 Carseolis
639 2720 696 2796 (tit.
707 2725 757 2796 .¹⁷·
778 2724 801 2783 5.
820 2724 869 2786 2.),
887 2721 914 2775 h.
933 2738 957 2775 e.
975 2722 1075 2775 eodem

126 2789 238 2843 circiter
254 2789 394 2855 tempore,
412 2803 467 2856 quo
486 2788 572 2841 otiam
590 2787 800 2840 Institutionum
816 2787 902 2840 libros
919 2789 1076 2857 composuit

129 2855 239 2920 (Collat.
254 2861 293 2921 16,
305 2861 329 2913 9.
342 2861 365 2920 5.
378 2861 415 2920 3),
433 2855 627 2918 inserviturus,
640 2855 671 2905 ut
682 2853 802 2920 videtur,
820 2855 913 2922 priore
925 2854 1006 2921 libro,
1019 2871 1075 2924 quo

50 2943 112 2992 [453]
127 2923 293 2991 gravissima
309 2923 377 2975 iuris
394 2922 555 2989 praecepte,
573 2921 707 2988 tanquam
725 2921 846 2976 iruetum
863 2923 972 2991 peracti
990 2923 1076 2976 studii

15 3009 16 3014 ¹
123 2991 248 3044 breviter
265 3005 298 3043 ee
319 2989 467 3058 perspicue
490 2987 754 3055 comprehenderat,
777 3005 872 3042 eorum
894 2989 1004 3054 usibus,
1026 2990 1076 3056 qui

198 3162 218 3230 1)
232 3165 266 3213 lie
281 3179 327 3228 quo
342 3163 389 3212 vid.
404 3164 501 3214 llaenel.
516 3164 571 3226 Leg.
587 3165 653 3214 Rom.
668 3165 739 3228 Visig.
750 3165 826 3216 Praei.
841 3181 864 3230 p.
875 3167 939 3216 XLV.
965 3167 1077 3231 Sequitur

123 3235 220 3300 quidem
239 3235 263 3283 in
283 3249 311 3282 eo
331 3235 444 3297 Ulpianus
463 3235 549 3296 Legem
569 3235 697 3284 lismonam
716 3237 903 3299 visigothorum,
922 3251 997 3299 neque
1019 3251 1075 3285 vero

122 3321 180 3369 pars
195 3306 247 3354 eius
261 3305 318 3368 init,
336 3312 362 3353 ut
380 3305 437 3354 olim
455 3305 550 3368 quidam
570 3306 660 3370 opinati
678 3313 740 3356 sunt.
774 3308 803 3355 de
817 3322 862 3369 qut
876 3321 902 3354 re
916 3307 963 3354 rid.
979 3306 1075 3354 ilsenel.

123 3377 138 3425 l.
155 3391 176 3425 c.
191 3391 215 3438 p.
230 3375 288 3424 xlv.
345 3371 366 3441 ²)
381 3373 528 3424 Contrarium
542 3377 694 3436 sententiam,
714 3377 747 3425 lo.
762 3377 848 3426 Tilium
862 3391 889 3425 er
904 3377 950 3424 alio
965 3375 1018 3425 cod.
1033 3375 1076 3423 sd-

122 3445 219 3495 modum
239 3445 310 3494 simili
328 3461 390 3495 nuno
409 3446 532 3509 deperdito
547 3447 604 3495 haec
619 3447 747 3508 fragmenta
762 3448 862 3509 primum
877 3446 994 3507 edidisse,
1015 3459 1076 3493 unus

122 3523 203 3565 tuetur
223 3516 250 3564 G.
265 3515 292 3565 U.
308 3516 475 3565 Heimbeolrius
495 3515 589 3578 lieper't.
609 3517 672 3580 Lips.
693 3528 751 3568 184³.
771 3532 795 3580 p.
810 3528 843 3568 ts.
859 3531 922 3580 seu,
941 3529 1001 3580 quae
1021 3530 1075 3564 sen-

123 3586 200 3635 tentia
215 3587 259 3635 etsi
274 3601 329 3635 vera
344 3593 416 3648 esset,
431 3601 477 3636 non
492 3587 589 3635 multum
605 3587 627 3634 id
643 3587 671 3636 ad
686 3601 736 3636 rem
751 3587 846 3637 iaceret.

810 3674 864 3726 36*
