2696 4120
248 223 310 288 318
526 238 588 274 usn
608 218 706 274 nesure.
725 219 772 278 ΙΙΙ.
793 225 936 276 125-128.

249 387 339 438 aulem
354 381 484 438 creditam
500 379 614 436 dicimus
630 395 685 435 non
700 379 789 436 solum
806 397 872 451 eam,
895 395 975 453 quam
992 377 1119 436 credendi
1134 395 1213 435 causa

248 465 356 532 damus,
378 473 421 522 set
436 480 559 535 omnem,
582 473 753 538 quamtunc,
789 463 866 537 com)
884 465 1054 520 contrabitur
1070 461 1211 536 obligatio,

248 558 353 606 certum
368 557 411 606 esi
427 548 546 604 debitum
568 549 619 620 iri,
642 548 668 603 id
692 557 750 619 est,
788 545 876 624 quoe)
900 549 958 605 sine
981 548 1035 604 ulla
1053 547 1224 604 condicione,

249 633 393 691 deducitur
409 635 435 690 in
451 633 661 707 obligationem
677 635 770 706 itaque
786 642 814 689 et
825 649 855 689 ea
866 635 990 707 pecunia,
1012 647 1090 706 quam
1103 632 1129 686 in
1141 632 1210 688 diem
1224 646 1280 701 [sco]

247 727 352 774 certum
368 720 424 776 darl
440 717 614 791 stipulamur,
638 717 734 773 eodem
748 733 862 774 numero
882 727 939 788 est,
963 719 1025 791 quia
1041 725 1143 772 certum
1160 723 1211 788 esi,

248 817 305 858 eam
334 802 454 860 debitum
481 804 530 873 iri,
558 801 621 859 licet
647 809 712 874 post
735 811 841 875 tempus
867 809 984 876 petatur.
1030 800 1211 874 appellatione

248 895 337 943 autem
366 889 495 962 pecuniae
519 901 611 942 omnes
633 901 678 940 res
708 887 735 941 in
759 903 792 942 ea·
811 886 872 960 lege
895 884 1096 960 significantur3
1120 886 1210 958 ltaque

172 984 228 1036 162.
247 965 326 1050 '(et)¹
343 973 365 1027 si
382 973 476 1029 uinum
493 970 537 1027 uel
552 970 727 1040 lrumentuin,
743 979 795 1027 out
809 972 833 1026 si
848 971 960 1044 lundum
984 964 989 1048 l
1014 969 1057 1026 uel
1074 971 1210 1026 hominem

246 1055 425 1130 stipulamur,
453 1055 519 1110 haec
545 1055 589 1110 len
612 1053 781 1111 obseruanda
803 1065 856 1116 cst.
901 1051 965 1113 leo.
990 1053 1026 1110 Ex
1049 1052 1210 1127 quibusdam

248 1149 338 1197 tamen
353 1142 442 1197 causis
454 1140 588 1214 permittit
603 1155 633 1194 ea
648 1139 691 1194 len
706 1140 734 1194 iri
748 1137 883 1196 inlinitum
895 1141 961 1196 satis
977 1141 1109 1212 accipere,
1125 1138 1210 1194 ueluti

248 1227 271 1280 si
287 1225 360 1281 dotis
376 1226 496 1294 nomine,
519 1223 563 1279 uel
579 1224 648 1296 eius,
668 1223 742 1296 quod
759 1239 790 1279 ex
808 1232 971 1281 testamento
987 1217 1056 1280 'cui²
1071 1221 1208 1283 debeatur,

247 1317 294 1366 aut
315 1311 390 1365 iussu
409 1309 504 1364 iudicis
520 1310 586 1364 satis
609 1309 764 1380 accipiatur.
803 1317 830 1364 et
852 1309 939 1365 adhuc
954 1308 1024 1380 ’lege
1046 1302 1136 1386 (Italia
1158 1297 1207 1383 de)

247 1395 375 1450 uicesima
390 1385 601 1448 hereditatium³
615 1401 740 1463 cauetur,
762 1401 792 1448 ut
808 1393 840 1448 ad
856 1409 899 1449 eas
916 1391 1118 1460 satisdationes,
1141 1405 1209 1464 quae

246 1494 279 1534 ex
295 1493 325 1532 ea
340 1477 402 1550 lege
417 1484 618 1550 proponuntur,
635 1475 677 1531 lex
693 1475 816 1534 Cornelia
833 1493 888 1532 non
908 1479 1053 1551 pertineat.
1089 1470 1153 1533 126.
1169 1473 1209 1529 'ln

149 1563 151 1570 '
245 1578 278 1618 eo
293 1561 414 1634 ’quoque
428 1553 507 1616 iure⁴
527 1575 577 1634 par
592 1560 716 1617 condicio
732 1569 774 1616 est
791 1563 919 1633 omniurn,
943 1577 1123 1635 sponsorum,
1145 1558 1209 1615 lide·

244 1647 458 1720 promissorum,
480 1643 686 1716 fideiussorum,
713 1645 786 1718 quod
806 1647 843 1702 iia
866 1646 980 1720 obligari
1002 1661 1057 1701 non
1080 1651 1208 1718 possunt,

245 1739 275 1786 ut
297 1730 359 1804 plus
381 1729 506 1802 debeant,
529 1746 609 1804 quam
626 1729 705 1786 debet
726 1731 766 1801 is,
788 1747 914 1803 proquo
937 1729 1107 1804 obligantur:
1127 1737 1154 1784 at
1176 1745 1208 1784 ex

244 1815 355 1871 diuerso
377 1823 407 1871 ut
421 1817 508 1870 minus
524 1813 656 1884 debeant,
673 1812 787 1887 obligari
803 1824 936 1888 possunt,
958 1815 1028 1870 sicut
1043 1816 1071 1870 in
1087 1815 1208 1887 adstipu-

243 1899 336 1956 latoris
352 1915 468 1974 persona
484 1899 614 1968 diximus3
630 1915 692 1954 nam
712 1905 743 1952 ut
762 1899 977 1972 adstipulatoris,
999 1901 1037 1954 ita
1060 1908 1088 1956 et
1109 1899 1207 1954 borum

244 1983 376 2059 obligatio
400 1985 518 2041 accessio
547 1992 589 2040 est
617 1981 771 2057 principalis
800 1982 992 2058 obligationis,
1021 1999 1072 2040 nec
1094 1982 1157 2058 plus
1180 1984 1207 2037 in

242 2071 398 2126 accessione
420 2085 480 2125 esse
500 2075 593 2143 potest
613 2084 694 2142 quam
716 2069 744 2123 in
765 2067 904 2142 principali
925 2059 1006 2127 ’reo'⁶
1043 2065 1105 2127 127.
1129 2067 1159 2122 ln
1174 2083 1207 2123 eo

243 2169 352 2229 quoque
375 2171 424 2228 par
446 2155 566 2210 omnium
589 2169 669 2209 causa
692 2159 747 2221 est,
772 2151 845 2226 quod
868 2153 891 2208 si
914 2154 982 2227 quid
1002 2169 1052 2226 pro
1075 2169 1125 2209 reo
1152 2151 1207 2208 sol·

242 2241 344 2311 uerint,
355 2239 413 2294 eius
430 2237 601 2312 reciperandi
613 2253 693 2294 causa
706 2235 807 2293 habent
819 2253 880 2293 cum
892 2253 924 2294 eo
938 2235 1053 2294 mandati
1064 2237 1205 2303 iudicium;

242 2331 271 2380 et
292 2325 345 2380 boc
370 2321 485 2396 emplius
507 2339 656 2396 sponsores
677 2337 709 2378 ex
729 2321 791 2395 lege
811 2320 924 2378 Publilia
946 2323 1084 2396 propriam
1108 2321 1207 2379 habent

242 2409 375 2464 actionem
390 2409 417 2462 in
433 2405 555 2480 duplum,
572 2423 641 2482 quae
656 2406 808 2480 appellatur
823 2405 945 2480 depensi.

303 2489 368 2549 128.
390 2489 500 2545 Litteris
523 2491 654 2565 obligatio
677 2491 708 2545 lit
729 2483 837 2548 ueluti⁶
859 2489 1017 2547 nominibus
1039 2493 1206 2565 transcripti·

315 2657 335 2724 1)
350 2659 452 2709 Addidi
466 2659 499 2708 ib.
511 2675 540 2722 p.
555 2671 588 2711 93.
664 2655 686 2725 ²)
701 2661 744 2710 tini
761 2660 786 2712 Ο.
807 2660 851 2710 tibi
865 2661 922 2711 edd.
992 2655 1017 2725 F)
1035 2660 1091 2710 Non
1107 2660 1204 2717 dubito,

158 2765 168 2786 ¹..
241 2735 302 2797 quin
317 2734 373 2794 ipse
390 2729 471 2780 Gaius
485 2732 512 2781 in
527 2731 568 2779 bis
582 2730 792 2782 Institutionibue
805 2733 958 2794 scripserit:
971 2731 1022 2792 lege
1033 2725 1073 2780 lul.
1084 2731 1113 2778 de
1128 2731 1202 2778 uices.

240 2804 290 2852 her.
306 2804 379 2853 etsie
394 2817 462 2852 nune
476 2804 601 2866 supplevi.
658 2799 680 2867 ⁴)
694 2803 753 2852 Hoc
768 2803 860 2852 iamin
875 2807 1021 2853 contextum
1035 2801 1130 2864 recepi.
1151 2800 1202 2848 iure

240 2888 334 2938 quoque
354 2875 405 2922 iure
424 2872 474 2939 (sic
494 2881 613 2924 correcto
632 2872 695 2940 iura)
719 2870 770 2923 Vm,
846 2871 868 2939 5)
887 2888 913 2923 re
931 2887 965 2922 em
983 2870 1047 2920 Iasi.
1067 2871 1106 2920 ed.
1128 2868 1202 2920 stud.

240 2945 340 2994 Deinde
355 2945 396 3008 qui
411 2951 436 2993 et
445 2951 537 3007 postea
553 2945 652 2994 soluerit
666 2953 690 2994 et
705 2945 777 2994 babet
793 2944 818 2994 0.
893 2941 914 3010 ⁰)
930 2943 953 2994 iu
968 2944 1033 2992 mole
1046 2942 1203 3008 geminando

240 3016 340 3065 addunt
360 3017 385 3065 0.
405 3023 430 3065 ei
448 3016 505 3064 edd.
527 3016 566 3080 Cf.
585 3018 623 3078 §5-
644 3027 691 3066 1³2.
711 3027 758 3067 113.
778 3027 811 3067 90.
840 3015 929 3066 Simile
949 3029 999 3064 non
1018 3021 1056 3064 esi
1074 3015 1203 3076 t'n§.185.

239 3087 313 3136 ueluti
327 3088 385 3136 edd.
400 3085 448 3152 Bp.
464 3097 484 3138 5.
499 3095 524 3137 et
536 3087 611 3137 Siud.
648 3087 749 3136 Deinde
764 3086 833 3136 nobis
851 3087 876 3136 Ο.
892 3102 944 3150 pro
960 3085 1104 3135 nominibus.

172 3279 181 3288 .
240 3236 290 3301 (bu,
309 3237 353 3303 16).
373 3237 406 3287 L.
425 3249 445 3287 tt.
461 3239 483 3300 ξ.
499 3249 519 3287 1.
542 3236 567 3286 0.
583 3237 614 3286 de
634 3243 713 3286 const.
726 3251 784 3300 pec.
801 3235 836 3302 (4.
852 3235 898 3303 18).
972 3230 998 3304 ἕ
1014 3237 1073 3286 126.
1095 3235 1167 3299 Odi.
1182 3246 1202 3287 1.

238 3307 261 3357 I.
276 3309 308 3358 de
319 3309 390 3372 fidei.
407 3308 443 3376 (s,
458 3307 504 3372 20).
524 3310 546 3369 ἐ.
562 3318 609 3358 118.
682 3303 783 3375 §.127⁸
806 3308 843 3371 Cf.
859 3309 882 3370 ξ.
897 3318 917 3358 o.
938 3306 960 3356 I.
975 3307 1032 3356 eod.
1047 3306 1079 3369 (ε,
1094 3305 1138 3372 to).
1161 3306 1204 3354 dc-

238 3376 320 3448 pensi]
335 3381 370 3444 cs.
385 3393 406 3443 n,
421 3392 468 3432 sto.
487 3391 509 3440 4,
523 3391 543 3430 o.
563 3389 597 3428 re.
617 3387 650 3428 as.
671 3390 717 3429 ros.
737 3390 784 3430 171.
804 3391 851 3430 ree.
882 3378 1044 3440 Paut.1,1o.
1065 3379 1089 3439 §.
1104 3389 1124 3428 1.
1150 3376 1202 3426 Cio.

238 3451 274 3500 ad
287 3452 340 3500 dio.
361 3464 385 3513 1,
400 3464 421 3502 ε.
445 3450 505 3498 Lex
519 3449 568 3498 Iul.
585 3449 678 3498 munic.
694 3459 740 3499 114.
778 3447 826 3498 Est
842 3450 974 3499 condictio
989 3463 1023 3498 em
1038 3451 1100 3513 lege.
1120 3447 1152 3496 h.
1167 3457 1201 3498 oa.

237 3521 270 3572 D.
285 3523 370 3571 mund.
386 3520 432 3587 (tt,
447 3520 478 3583 1).
512 3520 548 3568 lex
563 3516 676 3588 Publilia]
686 3520 802 3582 sortasse
816 3537 840 3570 a.
857 3531 944 3572 11311.
1004 3515 1049 3586 ἐξ.
1066 3521 1124 3570 128.
1142 3519 1201 3568 129.

239 3591 278 3654 Cf.
293 3592 374 3658 (Epic.
389 3603 410 3654 ε,
424 3603 445 3642 o.
461 3593 484 3652 ς.
499 3601 533 3641 12.
557 3590 666 3654 lizeoplz.
681 3602 702 3654 e,
716 3602 742 3642 er
753 3592 809 3656 pr.)
823 3593 847 3652 §-
863 3603 909 3642 rsn.
932 3591 985 3640 Oia.
1000 3590 1032 3638 de
1047 3589 1116 3652 offic.
1131 3600 1152 3651 s,
1167 3601 1203 3639 rt.
