<?xml version="1.0" encoding="UTF-8"?>
<!DOCTYPE html PUBLIC "-//W3C//DTD XHTML 1.0 Transitional//EN"
    "http://www.w3.org/TR/xhtml1/DTD/xhtml1-transitional.dtd">
<html xmlns="http://www.w3.org/1999/xhtml" xml:lang="en" lang="en">
 <head>
  <title>
</title>
<meta http-equiv="Content-Type" content="text/html;charset=utf-8" />
  <meta name='ocr-system' content='tesseract 3.04.00' />
  <meta name='ocr-capabilities' content='ocr_page ocr_carea ocr_par ocr_line ocrx_word'/>
</head>
<body>
  <div class='ocr_page' id='page_1' title='image "./ivrisprvdentiae00huscgoog_0145.png"; bbox 0 0 2680 4112; ppageno 0'>
   <div class='ocr_carea' id='block_1_1' title="bbox 477 237 1083 330">
    <p class='ocr_par' dir='ltr' id='par_1_1' title="bbox 477 237 1083 330">
     <span class='ocr_line' id='line_1_1' title="bbox 477 237 1083 330; baseline 0.002 -18"><span class='ocrx_word' id='word_1_1' title='bbox 477 279 500 314; x_wconf 91' lang='lat' dir='ltr'>c.</span> <span class='ocrx_word' id='word_1_2' title='bbox 519 277 613 314; x_wconf 77' lang='lat' dir='ltr'>aram</span> <span class='ocrx_word' id='word_1_3' title='bbox 631 278 732 316; x_wconf 78' lang='lat' dir='ltr'>amno.</span> <span class='ocrx_word' id='word_1_4' title='bbox 773 237 776 244; x_wconf 21' lang='grc' dir='ltr'><em>ι</em></span> <span class='ocrx_word' id='word_1_5' title='bbox 1024 273 1083 330; x_wconf 76' lang='lat'>121</span> 
     </span>
    </p>
   </div>
   <div class='ocr_carea' id='block_1_2' title="bbox 76 404 1086 2650">
    <p class='ocr_par' dir='ltr' id='par_1_2' title="bbox 120 404 1085 480">
     <span class='ocr_line' id='line_1_2' title="bbox 120 404 1085 480; baseline 0 -17"><span class='ocrx_word' id='word_1_6' title='bbox 120 414 202 463; x_wconf 88' lang='lat' dir='ltr'>uacat</span> <span class='ocrx_word' id='word_1_7' title='bbox 213 406 294 462; x_wconf 90' lang='lat' dir='ltr'>uitio.</span> <span class='ocrx_word' id='word_1_8' title='bbox 317 405 414 478; x_wconf 79' lang='lat' dir='ltr'>‘igitur</span> <span class='ocrx_word' id='word_1_9' title='bbox 428 404 537 460; x_wconf 88' lang='lat' dir='ltr'>silentio</span> <span class='ocrx_word' id='word_1_10' title='bbox 549 419 664 478; x_wconf 74' lang='lat' dir='ltr'>surgere</span> <span class='ocrx_word' id='word_1_11' title='bbox 674 421 734 462; x_wconf 91' lang='lat' dir='ltr'>cum</span> <span class='ocrx_word' id='word_1_12' title='bbox 746 404 853 476; x_wconf 87' lang='lat' dir='ltr'>dicitur,</span> <span class='ocrx_word' id='word_1_13' title='bbox 869 405 1014 480; x_wconf 75' lang='lat' dir='ltr'>significat,</span> <span class='ocrx_word' id='word_1_14' title='bbox 1030 423 1085 463; x_wconf 88' lang='lat' dir='ltr'>non</span> 
     </span>
    </p>

    <p class='ocr_par' dir='ltr' id='par_1_3' title="bbox 76 487 1085 729">
     <span class='ocr_line' id='line_1_3' title="bbox 76 487 1085 564; baseline -0.003 -15"><span class='ocrx_word' id='word_1_15' title='bbox 76 489 301 564; x_wconf 66' lang='lat' dir='ltr'>[utinterpellari</span> <span class='ocrx_word' id='word_1_16' title='bbox 317 503 372 561; x_wconf 85' lang='lat' dir='ltr'>qno</span> <span class='ocrx_word' id='word_1_17' title='bbox 388 487 476 544; x_wconf 90' lang='lat' dir='ltr'>minus</span> <span class='ocrx_word' id='word_1_18' title='bbox 491 505 547 544; x_wconf 90' lang='lat' dir='ltr'>rem</span> <span class='ocrx_word' id='word_1_19' title='bbox 563 496 649 562; x_wconf 80' lang='lat' dir='ltr'>gerat.</span> <span class='ocrx_word' id='word_1_20' title='bbox 688 497 714 544; x_wconf 91' lang='lat' dir='ltr'>at</span> <span class='ocrx_word' id='word_1_21' title='bbox 728 491 878 560; x_wconf 84' lang='lat' dir='ltr'>sinistram,</span> <span class='ocrx_word' id='word_1_22' title='bbox 901 490 1002 546; x_wconf 88' lang='lat' dir='ltr'>hortari</span> <span class='ocrx_word' id='word_1_23' title='bbox 1018 505 1085 564; x_wconf 89' lang='lat' dir='ltr'>quo·</span> 
     </span>
     <span class='ocr_line' id='line_1_4' title="bbox 122 563 1083 648; baseline -0.002 -18"><span class='ocrx_word' id='word_1_24' title='bbox 122 591 175 648; x_wconf 89' lang='lat' dir='ltr'>que</span> <span class='ocrx_word' id='word_1_25' title='bbox 199 573 320 647; x_wconf 89' lang='lat' dir='ltr'>auspicia</span> <span class='ocrx_word' id='word_1_26' title='bbox 341 571 373 627; x_wconf 94' lang='lat' dir='ltr'>ad</span> <span class='ocrx_word' id='word_1_27' title='bbox 396 571 540 648; x_wconf 76' lang='lat' dir='ltr'>agendum,</span> <span class='ocrx_word' id='word_1_28' title='bbox 563 571 635 645; x_wconf 87' lang='lat' dir='ltr'>quod</span> <span class='ocrx_word' id='word_1_29' title='bbox 652 573 740 628; x_wconf 90' lang='lat' dir='ltr'>animo</span> <span class='ocrx_word' id='word_1_30' title='bbox 757 575 817 646; x_wconf 88' lang='lat' dir='ltr'>quis</span> <span class='ocrx_word' id='word_1_31' title='bbox 832 563 1031 647; x_wconf 85' lang='lat' dir='ltr'>proposuerit’.</span> <span class='ocrx_word' id='word_1_32' title='bbox 1043 605 1083 615; x_wconf 93' lang='lat'>-</span> 
     </span>
     <span class='ocr_line' id='line_1_5' title="bbox 121 655 530 729; baseline -0.007 -16"><span class='ocrx_word' id='word_1_33' title='bbox 121 657 195 714; x_wconf 75' lang='lat' dir='ltr'>rest.</span> <span class='ocrx_word' id='word_1_34' title='bbox 213 674 239 712; x_wconf 85' lang='lat' dir='ltr'>v.</span> <span class='ocrx_word' id='word_1_35' title='bbox 256 656 400 712; x_wconf 77' lang='lat' dir='ltr'><strong>Sinistrum</strong></span> <span class='ocrx_word' id='word_1_36' title='bbox 415 673 441 729; x_wconf 89' lang='lat' dir='ltr'>p.</span> <span class='ocrx_word' id='word_1_37' title='bbox 459 655 530 712; x_wconf 86' lang='lat'>351.</span> 
     </span>
    </p>

    <p class='ocr_par' dir='ltr' id='par_1_4' title="bbox 121 736 1084 1066">
     <span class='ocr_line' id='line_1_6' title="bbox 186 736 1083 815; baseline 0 -18"><span class='ocrx_word' id='word_1_38' title='bbox 186 736 231 798; x_wconf 79' lang='lat'>21.</span> <span class='ocrx_word' id='word_1_39' title='bbox 256 739 365 796; x_wconf 82' lang='lat' dir='ltr'><strong>Stellam</strong></span> <span class='ocrx_word' id='word_1_40' title='bbox 388 737 539 812; x_wconf 79' lang='lat' dir='ltr'>significare</span> <span class='ocrx_word' id='word_1_41' title='bbox 562 740 598 795; x_wconf 90' lang='lat' dir='ltr'>ait</span> <span class='ocrx_word' id='word_1_42' title='bbox 619 741 713 795; x_wconf 78' lang='lat' dir='ltr'>Ateius</span> <span class='ocrx_word' id='word_1_43' title='bbox 737 738 828 813; x_wconf 86' lang='lat' dir='ltr'>Capito</span> <span class='ocrx_word' id='word_1_44' title='bbox 850 740 948 796; x_wconf 88' lang='lat' dir='ltr'>laetum</span> <span class='ocrx_word' id='word_1_45' title='bbox 971 749 999 796; x_wconf 90' lang='lat' dir='ltr'>et</span> <span class='ocrx_word' id='word_1_46' title='bbox 1020 758 1083 815; x_wconf 90' lang='lat' dir='ltr'>pro-</span> 
     </span>
     <span class='ocr_line' id='line_1_7' title="bbox 121 816 1084 899; baseline 0 -18"><span class='ocrx_word' id='word_1_47' title='bbox 121 841 234 898; x_wconf 84' lang='lat' dir='ltr'>sperum</span> <span class='ocrx_word' id='word_1_48' title='bbox 249 816 464 897; x_wconf 80' lang='lat' dir='ltr'>‘(anpnrium)‚¹</span> <span class='ocrx_word' id='word_1_49' title='bbox 479 825 664 880; x_wconf 88' lang='lat' dir='ltr'>anctoritatem</span> <span class='ocrx_word' id='word_1_50' title='bbox 681 832 791 880; x_wconf 86' lang='lat' dir='ltr'>secutus</span> <span class='ocrx_word' id='word_1_51' title='bbox 803 823 830 878; x_wconf 86' lang='lat' dir='ltr'>P.</span> <span class='ocrx_word' id='word_1_52' title='bbox 841 823 948 880; x_wconf 89' lang='lat' dir='ltr'>Seruilii</span> <span class='ocrx_word' id='word_1_53' title='bbox 962 827 1084 899; x_wconf 78' lang='lat' dir='ltr'>auguris,</span> 
     </span>
     <span class='ocr_line' id='line_1_8' title="bbox 122 900 1083 982; baseline 0.001 -17"><span class='ocrx_word' id='word_1_54' title='bbox 122 905 189 982; x_wconf 77' lang='grc' dir='ltr'><strong>’(οὺ)</strong></span> <span class='ocrx_word' id='word_1_55' title='bbox 212 907 327 976; x_wconf 85' lang='lat' dir='ltr'>stellam,</span> <span class='ocrx_word' id='word_1_56' title='bbox 352 921 420 980; x_wconf 90' lang='lat' dir='ltr'>quae</span> <span class='ocrx_word' id='word_1_57' title='bbox 443 922 457 962; x_wconf 93' lang='lat' dir='ltr'>e</span> <span class='ocrx_word' id='word_1_58' title='bbox 479 906 584 962; x_wconf 90' lang='lat' dir='ltr'>lamella</span> <span class='ocrx_word' id='word_1_59' title='bbox 607 922 683 963; x_wconf 89' lang='lat' dir='ltr'>aerea</span> <span class='ocrx_word' id='word_1_60' title='bbox 705 900 840 962; x_wconf 85' lang='lat' dir='ltr'>adsimili²</span> <span class='ocrx_word' id='word_1_61' title='bbox 854 907 947 963; x_wconf 91' lang='lat' dir='ltr'>stellae</span> <span class='ocrx_word' id='word_1_62' title='bbox 962 908 1029 966; x_wconf 87' lang='lat' dir='ltr'>locis</span> <span class='ocrx_word' id='word_1_63' title='bbox 1044 911 1083 966; x_wconf 89' lang='lat' dir='ltr'>in·</span> 
     </span>
     <span class='ocr_line' id='line_1_9' title="bbox 123 989 856 1066; baseline 0.003 -18"><span class='ocrx_word' id='word_1_64' title='bbox 123 993 264 1066; x_wconf 80' lang='lat' dir='ltr'>auguralis</span> <span class='ocrx_word' id='word_1_65' title='bbox 279 989 417 1064; x_wconf 78' lang='lat' dir='ltr'>inligatur.</span> <span class='ocrx_word' id='word_1_66' title='bbox 433 1019 471 1030; x_wconf 89' lang='lat'>-</span> <span class='ocrx_word' id='word_1_67' title='bbox 488 989 559 1046; x_wconf 83' lang='lat' dir='ltr'>Fest.</span> <span class='ocrx_word' id='word_1_68' title='bbox 576 1007 601 1046; x_wconf 87' lang='lat' dir='ltr'>v.</span> <span class='ocrx_word' id='word_1_69' title='bbox 617 989 726 1046; x_wconf 80' lang='lat' dir='ltr'><strong>Stellam</strong></span> <span class='ocrx_word' id='word_1_70' title='bbox 742 1009 769 1064; x_wconf 90' lang='lat' dir='ltr'>p.</span> <span class='ocrx_word' id='word_1_71' title='bbox 785 989 856 1050; x_wconf 83' lang='lat'>351.</span> 
     </span>
    </p>

    <p class='ocr_par' dir='ltr' id='par_1_5' title="bbox 123 1073 1085 1397">
     <span class='ocr_line' id='line_1_10' title="bbox 187 1073 1084 1148; baseline -0.002 -14"><span class='ocrx_word' id='word_1_72' title='bbox 187 1073 237 1134; x_wconf 77' lang='grc'>22.</span> <span class='ocrx_word' id='word_1_73' title='bbox 261 1076 354 1130; x_wconf 80' lang='lat' dir='ltr'>Ateius</span> <span class='ocrx_word' id='word_1_74' title='bbox 377 1073 488 1148; x_wconf 81' lang='lat' dir='ltr'>Capito,</span> <span class='ocrx_word' id='word_1_75' title='bbox 509 1073 609 1148; x_wconf 81' lang='lat' dir='ltr'><strong>publici</strong></span> <span class='ocrx_word' id='word_1_76' title='bbox 632 1076 786 1147; x_wconf 86' lang='lat' dir='ltr'>priuatique</span> <span class='ocrx_word' id='word_1_77' title='bbox 807 1075 873 1130; x_wconf 91' lang='lat' dir='ltr'>iuris</span> <span class='ocrx_word' id='word_1_78' title='bbox 895 1076 1084 1147; x_wconf 59' lang='lat' dir='ltr'>peritissimum</span> 
     </span>
     <span class='ocr_line' id='line_1_11' title="bbox 124 1155 1085 1233; baseline 0 -19"><span class='ocrx_word' id='word_1_79' title='bbox 124 1159 190 1233; x_wconf 91' lang='lat' dir='ltr'>quid</span> <span class='ocrx_word' id='word_1_80' title='bbox 211 1159 255 1214; x_wconf 84' lang='lat' dir='ltr'>lex</span> <span class='ocrx_word' id='word_1_81' title='bbox 271 1166 355 1230; x_wconf 86' lang='lat' dir='ltr'>esset,</span> <span class='ocrx_word' id='word_1_82' title='bbox 377 1159 450 1213; x_wconf 87' lang='lat' dir='ltr'>hisce</span> <span class='ocrx_word' id='word_1_83' title='bbox 466 1157 555 1213; x_wconf 82' lang='lat' dir='ltr'>uerbis</span> <span class='ocrx_word' id='word_1_84' title='bbox 571 1155 707 1214; x_wconf 89' lang='lat' dir='ltr'>deiinluit:</span> <span class='ocrx_word' id='word_1_85' title='bbox 739 1157 824 1227; x_wconf 81' lang='lat' dir='ltr'>‘lex&#39;‚</span> <span class='ocrx_word' id='word_1_86' title='bbox 847 1159 945 1230; x_wconf 89' lang='lat' dir='ltr'>inquit,</span> <span class='ocrx_word' id='word_1_87' title='bbox 968 1157 1024 1213; x_wconf 70' lang='lat' dir='ltr'>‘est</span> <span class='ocrx_word' id='word_1_88' title='bbox 1038 1175 1085 1231; x_wconf 76' lang='lat' dir='ltr'>ge·</span> 
     </span>
     <span class='ocr_line' id='line_1_12' title="bbox 123 1239 1083 1315; baseline 0 -17"><span class='ocrx_word' id='word_1_89' title='bbox 123 1242 215 1298; x_wconf 86' lang='lat' dir='ltr'>nerale</span> <span class='ocrx_word' id='word_1_90' title='bbox 229 1244 334 1298; x_wconf 86' lang='lat' dir='ltr'>iussum</span> <span class='ocrx_word' id='word_1_91' title='bbox 350 1241 444 1315; x_wconf 91' lang='lat' dir='ltr'>populi</span> <span class='ocrx_word' id='word_1_92' title='bbox 460 1249 506 1298; x_wconf 91' lang='lat' dir='ltr'>aut</span> <span class='ocrx_word' id='word_1_93' title='bbox 520 1240 616 1314; x_wconf 84' lang='lat' dir='ltr'>plebis,</span> <span class='ocrx_word' id='word_1_94' title='bbox 632 1248 746 1314; x_wconf 81' lang='lat' dir='ltr'>rogante</span> <span class='ocrx_word' id='word_1_95' title='bbox 762 1239 943 1313; x_wconf 68' lang='lat' dir='ltr'>magistratu’⁸</span> <span class='ocrx_word' id='word_1_96' title='bbox 962 1271 997 1282; x_wconf 97' lang='lat'>-</span> <span class='ocrx_word' id='word_1_97' title='bbox 1016 1240 1083 1298; x_wconf 86' lang='lat' dir='ltr'>Gell.</span> 
     </span>
     <span class='ocr_line' id='line_1_13' title="bbox 124 1325 330 1397; baseline -0.005 -16"><span class='ocrx_word' id='word_1_98' title='bbox 124 1327 177 1397; x_wconf 84' lang='lat'>10,</span> <span class='ocrx_word' id='word_1_99' title='bbox 193 1325 243 1383; x_wconf 87' lang='grc'>20.</span> <span class='ocrx_word' id='word_1_100' title='bbox 258 1325 286 1397; x_wconf 77' lang='lat' dir='ltr'>S.</span> <span class='ocrx_word' id='word_1_101' title='bbox 303 1325 330 1381; x_wconf 89' lang='grc'>2.</span> 
     </span>
    </p>

    <p class='ocr_par' dir='ltr' id='par_1_6' title="bbox 126 1397 1084 1567">
     <span class='ocr_line' id='line_1_14' title="bbox 191 1397 1084 1482; baseline -0.001 -16"><span class='ocrx_word' id='word_1_102' title='bbox 191 1406 240 1468; x_wconf 76' lang='grc'>23.</span> <span class='ocrx_word' id='word_1_103' title='bbox 265 1409 435 1466; x_wconf 77' lang='lat' dir='ltr'>Plebtscttum</span> <span class='ocrx_word' id='word_1_104' title='bbox 457 1409 541 1479; x_wconf 79' lang='lat' dir='ltr'>igitur</span> <span class='ocrx_word' id='word_1_105' title='bbox 558 1397 604 1464; x_wconf 62' lang='lat' dir='ltr'>&#39;est</span> <span class='ocrx_word' id='word_1_106' title='bbox 619 1407 765 1464; x_wconf 88' lang='lat' dir='ltr'>secundum</span> <span class='ocrx_word' id='word_1_107' title='bbox 781 1423 842 1464; x_wconf 88' lang='lat' dir='ltr'>eum</span> <span class='ocrx_word' id='word_1_108' title='bbox 858 1407 1016 1482; x_wconf 79' lang='lat' dir='ltr'>Capitonem</span> <span class='ocrx_word' id='word_1_109' title='bbox 1031 1408 1084 1482; x_wconf 85' lang='lat' dir='ltr'>lex,</span> 
     </span>
     <span class='ocr_line' id='line_1_15' title="bbox 126 1485 1030 1567; baseline 0 -19"><span class='ocrx_word' id='word_1_110' title='bbox 126 1508 209 1567; x_wconf 90' lang='lat' dir='ltr'>quam</span> <span class='ocrx_word' id='word_1_111' title='bbox 225 1491 394 1564; x_wconf 68' lang='lat' dir='ltr'>plebesana</span> <span class='ocrx_word' id='word_1_112' title='bbox 409 1492 526 1565; x_wconf 90' lang='lat' dir='ltr'>populns</span> <span class='ocrx_word' id='word_1_113' title='bbox 544 1485 670 1566; x_wconf 77' lang='lat' dir='ltr'>accipit.³</span> <span class='ocrx_word' id='word_1_114' title='bbox 685 1521 723 1532; x_wconf 85' lang='lat'>-</span> <span class='ocrx_word' id='word_1_115' title='bbox 740 1491 806 1550; x_wconf 85' lang='lat' dir='ltr'>Geli.</span> <span class='ocrx_word' id='word_1_116' title='bbox 825 1493 873 1563; x_wconf 88' lang='lat'>10,</span> <span class='ocrx_word' id='word_1_117' title='bbox 890 1492 938 1550; x_wconf 88' lang='grc'>20.</span> <span class='ocrx_word' id='word_1_118' title='bbox 956 1492 984 1564; x_wconf 80' lang='lat' dir='ltr'>S.</span> <span class='ocrx_word' id='word_1_119' title='bbox 1001 1493 1030 1550; x_wconf 86' lang='grc'>6.</span> 
     </span>
    </p>

    <p class='ocr_par' dir='ltr' id='par_1_7' title="bbox 120 1571 1085 2151">
     <span class='ocr_line' id='line_1_16' title="bbox 191 1571 1084 1650; baseline -0.001 -17"><span class='ocrx_word' id='word_1_120' title='bbox 191 1571 238 1633; x_wconf 71' lang='lat'>24</span> <span class='ocrx_word' id='word_1_121' title='bbox 261 1574 365 1642; x_wconf 80' lang='lat' dir='ltr'>Quanto</span> <span class='ocrx_word' id='word_1_122' title='bbox 394 1591 476 1649; x_wconf 87' lang='lat' dir='ltr'>opere</span> <span class='ocrx_word' id='word_1_123' title='bbox 504 1582 592 1631; x_wconf 91' lang='lat' dir='ltr'>autem</span> <span class='ocrx_word' id='word_1_124' title='bbox 616 1591 694 1632; x_wconf 90' lang='lat' dir='ltr'>curae</span> <span class='ocrx_word' id='word_1_125' title='bbox 716 1576 813 1647; x_wconf 89' lang='lat' dir='ltr'>luerit,</span> <span class='ocrx_word' id='word_1_126' title='bbox 841 1593 876 1632; x_wconf 90' lang='lat' dir='ltr'>ne</span> <span class='ocrx_word' id='word_1_127' title='bbox 898 1577 960 1650; x_wconf 88' lang='lat' dir='ltr'>quis</span> <span class='ocrx_word' id='word_1_128' title='bbox 982 1576 1084 1633; x_wconf 81' lang='lat' dir='ltr'>uiolare</span> 
     </span>
     <span class='ocr_line' id='line_1_17' title="bbox 120 1659 1085 1732; baseline -0.001 -16"><span class='ocrx_word' id='word_1_129' title='bbox 120 1659 224 1716; x_wconf 88' lang='lat' dir='ltr'>ductus</span> <span class='ocrx_word' id='word_1_130' title='bbox 239 1675 372 1732; x_wconf 89' lang='lat' dir='ltr'>aquamue</span> <span class='ocrx_word' id='word_1_131' title='bbox 386 1675 441 1716; x_wconf 89' lang='lat' dir='ltr'>non</span> <span class='ocrx_word' id='word_1_132' title='bbox 456 1675 609 1716; x_wconf 78' lang='lat' dir='ltr'><strong>concessam</strong></span> <span class='ocrx_word' id='word_1_133' title='bbox 625 1659 748 1716; x_wconf 86' lang='lat' dir='ltr'>deriuare</span> <span class='ocrx_word' id='word_1_134' title='bbox 763 1659 884 1730; x_wconf 78' lang='lat' dir='ltr'>auderet,</span> <span class='ocrx_word' id='word_1_135' title='bbox 898 1676 960 1717; x_wconf 91' lang='lat' dir='ltr'>cum</span> <span class='ocrx_word' id='word_1_136' title='bbox 972 1676 1003 1716; x_wconf 85' lang='lat' dir='ltr'>ex</span> <span class='ocrx_word' id='word_1_137' title='bbox 1016 1659 1085 1715; x_wconf 91' lang='lat' dir='ltr'>mul·</span> 
     </span>
     <span class='ocr_line' id='line_1_18' title="bbox 122 1743 1084 1817; baseline 0.001 -18"><span class='ocrx_word' id='word_1_138' title='bbox 122 1745 159 1800; x_wconf 89' lang='lat' dir='ltr'>tis</span> <span class='ocrx_word' id='word_1_139' title='bbox 175 1759 307 1817; x_wconf 90' lang='lat' dir='ltr'>apparere</span> <span class='ocrx_word' id='word_1_140' title='bbox 321 1751 424 1816; x_wconf 88' lang='lat' dir='ltr'>potest,</span> <span class='ocrx_word' id='word_1_141' title='bbox 439 1751 496 1798; x_wconf 89' lang='lat' dir='ltr'>tum</span> <span class='ocrx_word' id='word_1_142' title='bbox 512 1759 544 1798; x_wconf 80' lang='lat' dir='ltr'>ex</span> <span class='ocrx_word' id='word_1_143' title='bbox 559 1759 602 1813; x_wconf 88' lang='lat' dir='ltr'>eo,</span> <span class='ocrx_word' id='word_1_144' title='bbox 619 1743 692 1816; x_wconf 89' lang='lat' dir='ltr'>qnod</span> <span class='ocrx_word' id='word_1_145' title='bbox 703 1745 790 1800; x_wconf 88' lang='lat' dir='ltr'>circus</span> <span class='ocrx_word' id='word_1_146' title='bbox 802 1745 931 1800; x_wconf 84' lang='lat' dir='ltr'>maximus</span> <span class='ocrx_word' id='word_1_147' title='bbox 943 1760 976 1800; x_wconf 88' lang='lat' dir='ltr'>ne</span> <span class='ocrx_word' id='word_1_148' title='bbox 989 1744 1084 1800; x_wconf 90' lang='lat' dir='ltr'>diebus</span> 
     </span>
     <span class='ocr_line' id='line_1_19' title="bbox 122 1826 1085 1901; baseline 0 -19"><span class='ocrx_word' id='word_1_149' title='bbox 122 1827 234 1901; x_wconf 88' lang='lat' dir='ltr'>quidem</span> <span class='ocrx_word' id='word_1_150' title='bbox 257 1826 383 1884; x_wconf 88' lang='lat' dir='ltr'>ludorum</span> <span class='ocrx_word' id='word_1_151' title='bbox 406 1827 565 1884; x_wconf 81' lang='lat' dir='ltr'>circensium</span> <span class='ocrx_word' id='word_1_152' title='bbox 586 1827 638 1884; x_wconf 91' lang='lat' dir='ltr'>nisi</span> <span class='ocrx_word' id='word_1_153' title='bbox 659 1826 785 1882; x_wconf 88' lang='lat' dir='ltr'>aedilium</span> <span class='ocrx_word' id='word_1_154' title='bbox 807 1835 853 1882; x_wconf 89' lang='lat' dir='ltr'>aut</span> <span class='ocrx_word' id='word_1_155' title='bbox 868 1843 1010 1882; x_wconf 88' lang='lat' dir='ltr'>censorum</span> <span class='ocrx_word' id='word_1_156' title='bbox 1025 1843 1085 1899; x_wconf 86' lang='lat' dir='ltr'>per·</span> 
     </span>
     <span class='ocr_line' id='line_1_20' title="bbox 121 1909 1085 1983; baseline -0.002 -17"><span class='ocrx_word' id='word_1_157' title='bbox 121 1913 209 1968; x_wconf 89' lang='lat' dir='ltr'>missu</span> <span class='ocrx_word' id='word_1_158' title='bbox 224 1909 405 1983; x_wconf 77' lang='lat' dir='ltr'>irrigabatur:</span> <span class='ocrx_word' id='word_1_159' title='bbox 427 1910 500 1983; x_wconf 86' lang='lat' dir='ltr'>quod</span> <span class='ocrx_word' id='word_1_160' title='bbox 521 1910 634 1966; x_wconf 76' lang='lat' dir='ltr'>durasse</span> <span class='ocrx_word' id='word_1_161' title='bbox 648 1913 727 1966; x_wconf 87' lang='lat' dir='ltr'>etiam</span> <span class='ocrx_word' id='word_1_162' title='bbox 743 1917 886 1982; x_wconf 89' lang='lat' dir='ltr'>postquam</span> <span class='ocrx_word' id='word_1_163' title='bbox 902 1925 945 1966; x_wconf 87' lang='lat' dir='ltr'>res</span> <span class='ocrx_word' id='word_1_164' title='bbox 962 1909 994 1966; x_wconf 93' lang='lat' dir='ltr'>ad</span> <span class='ocrx_word' id='word_1_165' title='bbox 1010 1925 1085 1965; x_wconf 89' lang='lat' dir='ltr'>cura·</span> 
     </span>
     <span class='ocr_line' id='line_1_21' title="bbox 122 1991 1084 2068; baseline 0 -18"><span class='ocrx_word' id='word_1_166' title='bbox 122 2002 201 2052; x_wconf 87' lang='lat' dir='ltr'>tores</span> <span class='ocrx_word' id='word_1_167' title='bbox 223 1996 333 2052; x_wconf 87' lang='lat' dir='ltr'>transiit</span> <span class='ocrx_word' id='word_1_168' title='bbox 354 1992 404 2050; x_wconf 90' lang='lat' dir='ltr'>sub</span> <span class='ocrx_word' id='word_1_169' title='bbox 419 1995 555 2068; x_wconf 77' lang='lat' dir='ltr'>Augusto,</span> <span class='ocrx_word' id='word_1_170' title='bbox 579 1993 648 2067; x_wconf 90' lang='lat' dir='ltr'>apud</span> <span class='ocrx_word' id='word_1_171' title='bbox 665 1995 770 2050; x_wconf 84' lang='lat' dir='ltr'>Ateium</span> <span class='ocrx_word' id='word_1_172' title='bbox 786 1991 942 2065; x_wconf 75' lang='lat' dir='ltr'>Capitonem</span> <span class='ocrx_word' id='word_1_173' title='bbox 957 1992 1084 2066; x_wconf 81' lang='lat' dir='ltr'>legimus.</span> 
     </span>
     <span class='ocr_line' id='line_1_22' title="bbox 121 2075 717 2151; baseline 0 -19"><span class='ocrx_word' id='word_1_174' title='bbox 121 2107 165 2119; x_wconf 89' lang='lat'><em>-</em></span> <span class='ocrx_word' id='word_1_175' title='bbox 181 2075 305 2134; x_wconf 82' lang='lat' dir='ltr'>Frontin.</span> <span class='ocrx_word' id='word_1_176' title='bbox 322 2076 356 2134; x_wconf 89' lang='lat' dir='ltr'>de</span> <span class='ocrx_word' id='word_1_177' title='bbox 370 2079 483 2151; x_wconf 86' lang='lat' dir='ltr'>aquaed.</span> <span class='ocrx_word' id='word_1_178' title='bbox 499 2078 548 2134; x_wconf 80' lang='lat'>97.</span> <span class='ocrx_word' id='word_1_179' title='bbox 565 2077 628 2134; x_wconf 86' lang='lat' dir='ltr'>coll.</span> <span class='ocrx_word' id='word_1_180' title='bbox 647 2075 717 2134; x_wconf 90' lang='grc'><strong>102.</strong></span> 
     </span>
    </p>

    <p class='ocr_par' dir='ltr' id='par_1_8' title="bbox 122 2157 1086 2650">
     <span class='ocr_line' id='line_1_23' title="bbox 189 2157 1084 2234; baseline -0.007 -15"><span class='ocrx_word' id='word_1_181' title='bbox 189 2159 238 2219; x_wconf 87' lang='grc'>25.</span> <span class='ocrx_word' id='word_1_182' title='bbox 262 2163 297 2216; x_wconf 79' lang='lat' dir='ltr'>At</span> <span class='ocrx_word' id='word_1_183' title='bbox 312 2159 406 2234; x_wconf 83' lang='lat' dir='ltr'>Capito</span> <span class='ocrx_word' id='word_1_184' title='bbox 423 2162 514 2216; x_wconf 81' lang='lat' dir='ltr'>Ateius</span> <span class='ocrx_word' id='word_1_185' title='bbox 536 2163 563 2216; x_wconf 91' lang='lat' dir='ltr'>in</span> <span class='ocrx_word' id='word_1_186' title='bbox 586 2160 678 2217; x_wconf 86' lang='lat' dir='ltr'>eadem</span> <span class='ocrx_word' id='word_1_187' title='bbox 701 2159 809 2233; x_wconf 85' lang='lat' dir='ltr'>quidem</span> <span class='ocrx_word' id='word_1_188' title='bbox 825 2159 952 2232; x_wconf 85' lang='lat' dir='ltr'>opinione</span> <span class='ocrx_word' id='word_1_189' title='bbox 968 2166 1021 2230; x_wconf 84' lang='lat' dir='ltr'>est,</span> <span class='ocrx_word' id='word_1_190' title='bbox 1035 2157 1084 2215; x_wconf 86' lang='lat' dir='ltr'>sed</span> 
     </span>
     <span class='ocr_line' id='line_1_24' title="bbox 122 2235 1085 2324; baseline -0.003 -23"><span class='ocrx_word' id='word_1_191' title='bbox 122 2245 250 2318; x_wconf 82' lang='lat' dir='ltr'>exemplo</span> <span class='ocrx_word' id='word_1_192' title='bbox 272 2243 383 2300; x_wconf 90' lang='lat' dir='ltr'>adiuuat</span> <span class='ocrx_word' id='word_1_193' title='bbox 404 2246 663 2324; x_wconf 68' lang='lat' dir='ltr'>interpretationem.</span> <span class='ocrx_word' id='word_1_194' title='bbox 697 2235 834 2299; x_wconf 60' lang='lat' dir='ltr'>‘unanimi</span> <span class='ocrx_word' id='word_1_195' title='bbox 855 2245 883 2298; x_wconf 92' lang='lat' dir='ltr'>in</span> <span class='ocrx_word' id='word_1_196' title='bbox 906 2241 1021 2298; x_wconf 87' lang='lat' dir='ltr'>secunda</span> <span class='ocrx_word' id='word_1_197' title='bbox 1045 2249 1085 2298; x_wconf 91' lang='lat' dir='ltr'>ta·</span> 
     </span>
     <span class='ocr_line' id='line_1_25' title="bbox 122 2322 1084 2402; baseline -0.001 -19"><span class='ocrx_word' id='word_1_198' title='bbox 122 2327 187 2384; x_wconf 88' lang='lat' dir='ltr'>bula</span> <span class='ocrx_word' id='word_1_199' title='bbox 202 2327 320 2384; x_wconf 88' lang='lat' dir='ltr'>secunda</span> <span class='ocrx_word' id='word_1_200' title='bbox 336 2327 419 2402; x_wconf 82' lang='lat' dir='ltr'>lege’‚</span> <span class='ocrx_word' id='word_1_201' title='bbox 437 2322 561 2402; x_wconf 78' lang='lat' dir='ltr'>&#39;inquit‚⁶</span> <span class='ocrx_word' id='word_1_202' title='bbox 577 2327 718 2401; x_wconf 83' lang='lat' dir='ltr'>‘scripturn</span> <span class='ocrx_word' id='word_1_203' title='bbox 734 2335 791 2382; x_wconf 91' lang='lat' dir='ltr'>est:</span> <span class='ocrx_word' id='word_1_204' title='bbox 814 2324 908 2394; x_wconf 74' lang='lat' dir='ltr'>“Quid</span> <span class='ocrx_word' id='word_1_205' title='bbox 924 2326 1019 2382; x_wconf 87' lang='lat' dir='ltr'>horum</span> <span class='ocrx_word' id='word_1_206' title='bbox 1033 2325 1084 2382; x_wconf 88' lang='lat' dir='ltr'>luit</span> 
     </span>
     <span class='ocr_line' id='line_1_26' title="bbox 123 2401 1086 2482; baseline -0.002 -14"><span class='ocrx_word' id='word_1_207' title='bbox 123 2428 208 2468; x_wconf 89' lang='lat' dir='ltr'>unum</span> <span class='ocrx_word' id='word_1_208' title='bbox 231 2411 313 2468; x_wconf 91' lang='lat' dir='ltr'>iudici</span> <span class='ocrx_word' id='word_1_209' title='bbox 335 2411 472 2468; x_wconf 90' lang='lat' dir='ltr'>arbitroue</span> <span class='ocrx_word' id='word_1_210' title='bbox 492 2427 587 2482; x_wconf 87' lang='lat' dir='ltr'>renue,</span> <span class='ocrx_word' id='word_1_211' title='bbox 609 2428 641 2468; x_wconf 90' lang='lat' dir='ltr'>eo</span> <span class='ocrx_word' id='word_1_212' title='bbox 664 2411 731 2466; x_wconf 89' lang='lat' dir='ltr'>&#39;dies</span> <span class='ocrx_word' id='word_1_213' title='bbox 753 2401 902 2466; x_wconf 75' lang='lat' dir='ltr'>diffensus⁸</span> <span class='ocrx_word' id='word_1_214' title='bbox 924 2408 1018 2466; x_wconf 90' lang='lat' dir='ltr'>esto&#39;&#39;.</span> <span class='ocrx_word' id='word_1_215' title='bbox 1042 2410 1086 2466; x_wconf 89' lang='lat' dir='ltr'>hic</span> 
     </span>
     <span class='ocr_line' id='line_1_27' title="bbox 122 2493 1085 2569; baseline -0.004 -17"><span class='ocrx_word' id='word_1_216' title='bbox 122 2505 242 2568; x_wconf 87' lang='lat' dir='ltr'>uterque</span> <span class='ocrx_word' id='word_1_217' title='bbox 263 2503 340 2552; x_wconf 90' lang='lat' dir='ltr'>actor</span> <span class='ocrx_word' id='word_1_218' title='bbox 361 2511 478 2569; x_wconf 89' lang='lat' dir='ltr'>reusque</span> <span class='ocrx_word' id='word_1_219' title='bbox 497 2495 524 2550; x_wconf 91' lang='lat' dir='ltr'>in</span> <span class='ocrx_word' id='word_1_220' title='bbox 539 2493 638 2552; x_wconf 88' lang='lat' dir='ltr'>iudicio</span> <span class='ocrx_word' id='word_1_221' title='bbox 654 2496 694 2550; x_wconf 92' lang='lat' dir='ltr'>rei</span> <span class='ocrx_word' id='word_1_222' title='bbox 710 2503 850 2552; x_wconf 86' lang='lat' dir='ltr'>uocantur.</span> <span class='ocrx_word' id='word_1_223' title='bbox 873 2495 992 2568; x_wconf 88' lang='lat' dir='ltr'>itemque</span> <span class='ocrx_word' id='word_1_224' title='bbox 1008 2510 1085 2550; x_wconf 92' lang='lat' dir='ltr'>accu-</span> 
     </span>
     <span class='ocr_line' id='line_1_28' title="bbox 125 2571 1083 2650; baseline -0.003 -16"><span class='ocrx_word' id='word_1_225' title='bbox 125 2586 205 2634; x_wconf 86' lang='lat' dir='ltr'>sator</span> <span class='ocrx_word' id='word_1_226' title='bbox 219 2571 312 2636; x_wconf 77' lang='lat' dir='ltr'>&#39;retis⁷</span> <span class='ocrx_word' id='word_1_227' title='bbox 327 2581 429 2636; x_wconf 86' lang='lat' dir='ltr'>accitur</span> <span class='ocrx_word' id='word_1_228' title='bbox 444 2595 518 2634; x_wconf 89' lang='lat' dir='ltr'>more</span> <span class='ocrx_word' id='word_1_229' title='bbox 533 2587 627 2636; x_wconf 90' lang='lat' dir='ltr'>uetere</span> <span class='ocrx_word' id='word_1_230' title='bbox 642 2586 669 2634; x_wconf 90' lang='lat' dir='ltr'>et</span> <span class='ocrx_word' id='word_1_231' title='bbox 684 2577 879 2634; x_wconf 86' lang='lat' dir='ltr'>consuetudine</span> <span class='ocrx_word' id='word_1_232' title='bbox 896 2575 1025 2650; x_wconf 88' lang='lat' dir='ltr'>autiqua&#39;.</span> <span class='ocrx_word' id='word_1_233' title='bbox 1045 2606 1083 2616; x_wconf 89' lang='lat'>-</span> 
     </span>
    </p>
   </div>
   <div class='ocr_carea' id='block_1_3' title="bbox 123 2661 460 2736">
    <p class='ocr_par' dir='ltr' id='par_1_9' title="bbox 123 2661 460 2736">
     <span class='ocr_line' id='line_1_29' title="bbox 123 2661 460 2736; baseline 0.006 -16"><span class='ocrx_word' id='word_1_234' title='bbox 123 2661 201 2722; x_wconf 79' lang='lat' dir='ltr'>Fest.</span> <span class='ocrx_word' id='word_1_235' title='bbox 217 2681 241 2717; x_wconf 92' lang='lat' dir='ltr'>v.</span> <span class='ocrx_word' id='word_1_236' title='bbox 257 2662 328 2718; x_wconf 87' lang='lat' dir='ltr'>Reus</span> <span class='ocrx_word' id='word_1_237' title='bbox 343 2681 371 2736; x_wconf 86' lang='lat' dir='ltr'>p.</span> <span class='ocrx_word' id='word_1_238' title='bbox 388 2661 460 2723; x_wconf 85' lang='grc'><strong>273.</strong></span> 
     </span>
    </p>
   </div>
   <div class='ocr_carea' id='block_1_4' title="bbox 116 2768 1088 3688">
    <p class='ocr_par' dir='ltr' id='par_1_10' title="bbox 116 2768 1088 3688">
     <span class='ocr_line' id='line_1_30' title="bbox 118 2768 1086 2840; baseline -0.002 -14"><span class='ocrx_word' id='word_1_239' title='bbox 118 2775 315 2840; x_wconf 78' lang='lat' dir='ltr'>pertinentibus</span> <span class='ocrx_word' id='word_1_240' title='bbox 327 2790 355 2824; x_wconf 84' lang='lat' dir='ltr'>ee</span> <span class='ocrx_word' id='word_1_241' title='bbox 365 2775 558 2840; x_wconf 75' lang='lat' dir='ltr'>usumaitLyal.</span> <span class='ocrx_word' id='word_1_242' title='bbox 573 2776 605 2826; x_wconf 82' lang='lat' dir='ltr'>de</span> <span class='ocrx_word' id='word_1_243' title='bbox 619 2781 708 2826; x_wconf 80' lang='lat' dir='ltr'>ostent.</span> <span class='ocrx_word' id='word_1_244' title='bbox 726 2786 746 2826; x_wconf 75' lang='lat' dir='ltr'>a.</span> <span class='ocrx_word' id='word_1_245' title='bbox 756 2786 787 2836; x_wconf 75' lang='lat' dir='ltr'>a,</span> <span class='ocrx_word' id='word_1_246' title='bbox 802 2774 846 2823; x_wconf 84' lang='lat' dir='ltr'>ubi</span> <span class='ocrx_word' id='word_1_247' title='bbox 859 2776 997 2824; x_wconf 79' lang='lat' dir='ltr'>eumetiana</span> <span class='ocrx_word' id='word_1_248' title='bbox 1008 2768 1086 2839; x_wconf 77' lang='lat' dir='ltr'>lepe&#39;oa</span> 
     </span>
     <span class='ocr_line' id='line_1_31' title="bbox 121 2845 1087 2912; baseline -0.006 -14"><span class='ocrx_word' id='word_1_249' title='bbox 121 2849 249 2912; x_wconf 81' lang='lat' dir='ltr'>appellat,</span> <span class='ocrx_word' id='word_1_250' title='bbox 260 2848 278 2894; x_wconf 86' lang='lat' dir='ltr'>i.</span> <span class='ocrx_word' id='word_1_251' title='bbox 289 2861 309 2896; x_wconf 87' lang='lat' dir='ltr'>e.</span> <span class='ocrx_word' id='word_1_252' title='bbox 317 2847 471 2910; x_wconf 78' lang='lat' dir='ltr'>pontificem.</span> <span class='ocrx_word' id='word_1_253' title='bbox 486 2845 550 2894; x_wconf 86' lang='lat' dir='ltr'>Nam</span> <span class='ocrx_word' id='word_1_254' title='bbox 562 2848 663 2910; x_wconf 78' lang='lat' dir='ltr'>etlepee</span> <span class='ocrx_word' id='word_1_255' title='bbox 671 2846 789 2895; x_wconf 85' lang='lat' dir='ltr'>ludorum</span> <span class='ocrx_word' id='word_1_256' title='bbox 797 2846 955 2894; x_wconf 77' lang='lat' dir='ltr'>secularium</span> <span class='ocrx_word' id='word_1_257' title='bbox 967 2845 1087 2908; x_wconf 74' lang='lat' dir='ltr'>exposuit</span> 
     </span>
     <span class='ocr_line' id='line_1_32' title="bbox 121 2913 1086 2983; baseline -0.005 -16"><span class='ocrx_word' id='word_1_258' title='bbox 121 2924 236 2968; x_wconf 85' lang='lat' dir='ltr'>auctore</span> <span class='ocrx_word' id='word_1_259' title='bbox 246 2916 336 2968; x_wconf 81' lang='lat' dir='ltr'>Zarin.</span> <span class='ocrx_word' id='word_1_260' title='bbox 347 2928 368 2978; x_wconf 78' lang='lat' dir='ltr'>a,</span> <span class='ocrx_word' id='word_1_261' title='bbox 378 2929 398 2966; x_wconf 84' lang='lat'>4.</span> <span class='ocrx_word' id='word_1_262' title='bbox 410 2915 494 2983; x_wconf 74' lang='lat' dir='ltr'>(infra</span> <span class='ocrx_word' id='word_1_263' title='bbox 505 2932 570 2964; x_wconf 91' lang='lat' dir='ltr'>num.</span> <span class='ocrx_word' id='word_1_264' title='bbox 579 2913 616 2981; x_wconf 80' lang='lat' dir='ltr'>st)</span> <span class='ocrx_word' id='word_1_265' title='bbox 624 2923 651 2964; x_wconf 89' lang='lat' dir='ltr'>ut</span> <span class='ocrx_word' id='word_1_266' title='bbox 654 2918 788 2980; x_wconf 80' lang='lat' dir='ltr'>pleraque,</span> <span class='ocrx_word' id='word_1_267' title='bbox 799 2930 864 2978; x_wconf 84' lang='lat' dir='ltr'>quae</span> <span class='ocrx_word' id='word_1_268' title='bbox 877 2917 900 2964; x_wconf 84' lang='lat' dir='ltr'>is</span> <span class='ocrx_word' id='word_1_269' title='bbox 908 2915 939 2964; x_wconf 84' lang='lat' dir='ltr'>de</span> <span class='ocrx_word' id='word_1_270' title='bbox 947 2913 1086 2964; x_wconf 81' lang='lat' dir='ltr'>locaueri·</span> 
     </span>
     <span class='ocr_line' id='line_1_33' title="bbox 118 2983 1088 3051; baseline -0.003 -14"><span class='ocrx_word' id='word_1_271' title='bbox 118 2989 185 3051; x_wconf 81' lang='lat' dir='ltr'>flcio</span> <span class='ocrx_word' id='word_1_272' title='bbox 193 2987 324 3048; x_wconf 63' lang='lat' dir='ltr'>traditeaa</span> <span class='ocrx_word' id='word_1_273' title='bbox 332 2986 407 3036; x_wconf 85' lang='lat' dir='ltr'>Ateio</span> <span class='ocrx_word' id='word_1_274' title='bbox 415 2994 514 3049; x_wconf 75' lang='lat' dir='ltr'>sumpta</span> <span class='ocrx_word' id='word_1_275' title='bbox 525 3001 578 3035; x_wconf 83' lang='lat' dir='ltr'>ease</span> <span class='ocrx_word' id='word_1_276' title='bbox 586 2987 730 3035; x_wconf 85' lang='lat' dir='ltr'>uideantur.</span> <span class='ocrx_word' id='word_1_277' title='bbox 749 2983 865 3045; x_wconf 83' lang='lat' dir='ltr'>Quidsit,</span> <span class='ocrx_word' id='word_1_278' title='bbox 873 2985 942 3049; x_wconf 84' lang='lat' dir='ltr'>quod</span> <span class='ocrx_word' id='word_1_279' title='bbox 949 2983 1042 3033; x_wconf 89' lang='lat' dir='ltr'>Osann.</span> <span class='ocrx_word' id='word_1_280' title='bbox 1052 2985 1088 3034; x_wconf 83' lang='lat' dir='ltr'>ad</span> 
     </span>
     <span class='ocr_line' id='line_1_34' title="bbox 122 3055 1086 3121; baseline -0.005 -13"><span class='ocrx_word' id='word_1_281' title='bbox 122 3057 251 3121; x_wconf 71' lang='lat' dir='ltr'>Panopen⁴</span> <span class='ocrx_word' id='word_1_282' title='bbox 258 3072 287 3120; x_wconf 83' lang='lat' dir='ltr'>p.</span> <span class='ocrx_word' id='word_1_283' title='bbox 297 3068 330 3108; x_wconf 76' lang='grc'>94.</span> <span class='ocrx_word' id='word_1_284' title='bbox 341 3057 373 3106; x_wconf 87' lang='lat' dir='ltr'>de</span> <span class='ocrx_word' id='word_1_285' title='bbox 385 3057 508 3120; x_wconf 81' lang='lat' dir='ltr'>Capitone</span> <span class='ocrx_word' id='word_1_286' title='bbox 517 3071 544 3105; x_wconf 86' lang='lat' dir='ltr'>se</span> <span class='ocrx_word' id='word_1_287' title='bbox 551 3057 688 3106; x_wconf 83' lang='lat' dir='ltr'>adnotasse</span> <span class='ocrx_word' id='word_1_288' title='bbox 700 3055 872 3104; x_wconf 78' lang='lat' dir='ltr'>aitadLaur.</span> <span class='ocrx_word' id='word_1_289' title='bbox 883 3055 950 3119; x_wconf 81' lang='lat' dir='ltr'>Lyd.</span> <span class='ocrx_word' id='word_1_290' title='bbox 959 3056 991 3104; x_wconf 84' lang='lat' dir='ltr'>de</span> <span class='ocrx_word' id='word_1_291' title='bbox 999 3061 1086 3104; x_wconf 87' lang='lat' dir='ltr'>comet.</span> 
     </span>
     <span class='ocr_line' id='line_1_35' title="bbox 116 3122 1087 3193; baseline -0.004 -15"><span class='ocrx_word' id='word_1_292' title='bbox 116 3145 146 3193; x_wconf 82' lang='lat' dir='ltr'>p.</span> <span class='ocrx_word' id='word_1_293' title='bbox 156 3140 193 3178; x_wconf 73' lang='lat' dir='ltr'>aa.</span> <span class='ocrx_word' id='word_1_294' title='bbox 201 3129 368 3192; x_wconf 68' lang='lat' dir='ltr'>laneraeurn</span> <span class='ocrx_word' id='word_1_295' title='bbox 375 3142 406 3176; x_wconf 89' lang='lat' dir='ltr'>ne</span> <span class='ocrx_word' id='word_1_296' title='bbox 410 3127 543 3190; x_wconf 81' lang='lat' dir='ltr'>prodiisse</span> <span class='ocrx_word' id='word_1_297' title='bbox 553 3127 653 3191; x_wconf 83' lang='lat' dir='ltr'>puidam</span> <span class='ocrx_word' id='word_1_298' title='bbox 662 3128 685 3175; x_wconf 81' lang='lat' dir='ltr'>ic</span> <span class='ocrx_word' id='word_1_299' title='bbox 695 3126 760 3174; x_wconf 82' lang='lat' dir='ltr'>liber</span> <span class='ocrx_word' id='word_1_300' title='bbox 771 3127 898 3177; x_wconf 84' lang='lat' dir='ltr'>rideatur.</span> <span class='ocrx_word' id='word_1_301' title='bbox 922 3122 940 3189; x_wconf 77' lang='grc'>1)</span> <span class='ocrx_word' id='word_1_302' title='bbox 949 3124 1087 3188; x_wconf 85' lang='lat' dir='ltr'>Suppleai;</span> 
     </span>
     <span class='ocr_line' id='line_1_36' title="bbox 119 3193 1086 3262; baseline -0.007 -12"><span class='ocrx_word' id='word_1_303' title='bbox 119 3199 154 3250; x_wconf 83' lang='lat' dir='ltr'>ob</span> <span class='ocrx_word' id='word_1_304' title='bbox 164 3197 383 3262; x_wconf 82' lang='lat' dir='ltr'>sequenauerbum</span> <span class='ocrx_word' id='word_1_305' title='bbox 390 3198 520 3246; x_wconf 66' lang='lat' dir='ltr'>caecidisse</span> <span class='ocrx_word' id='word_1_306' title='bbox 529 3197 655 3248; x_wconf 84' lang='lat' dir='ltr'>uideatur.</span> <span class='ocrx_word' id='word_1_307' title='bbox 678 3193 818 3261; x_wconf 71' lang='lat' dir='ltr'>¹)Scripsi:</span> <span class='ocrx_word' id='word_1_308' title='bbox 825 3197 916 3244; x_wconf 87' lang='lat' dir='ltr'>stellam</span> <span class='ocrx_word' id='word_1_309' title='bbox 926 3211 985 3259; x_wconf 83' lang='lat' dir='ltr'>quae</span> <span class='ocrx_word' id='word_1_310' title='bbox 994 3195 1086 3244; x_wconf 89' lang='lat' dir='ltr'>lamella</span> 
     </span>
     <span class='ocr_line' id='line_1_37' title="bbox 120 3263 1086 3332; baseline -0.006 -12"><span class='ocrx_word' id='word_1_311' title='bbox 120 3284 196 3320; x_wconf 86' lang='lat' dir='ltr'>aerea</span> <span class='ocrx_word' id='word_1_312' title='bbox 209 3268 326 3318; x_wconf 85' lang='lat' dir='ltr'>adsimilis</span> <span class='ocrx_word' id='word_1_313' title='bbox 344 3268 388 3316; x_wconf 82' lang='lat' dir='ltr'>Cd.</span> <span class='ocrx_word' id='word_1_314' title='bbox 401 3267 523 3332; x_wconf 77' lang='lat' dir='ltr'>Plerique</span> <span class='ocrx_word' id='word_1_315' title='bbox 531 3268 621 3316; x_wconf 90' lang='lat' dir='ltr'>stellam</span> <span class='ocrx_word' id='word_1_316' title='bbox 636 3273 794 3332; x_wconf 76' lang='lat' dir='ltr'>expunpunt.</span> <span class='ocrx_word' id='word_1_317' title='bbox 830 3263 851 3331; x_wconf 80' lang='grc'>8)</span> <span class='ocrx_word' id='word_1_318' title='bbox 867 3266 963 3324; x_wconf 85' lang='lat' dir='ltr'>Potest,</span> <span class='ocrx_word' id='word_1_319' title='bbox 978 3273 1006 3314; x_wconf 88' lang='lat' dir='ltr'>ut</span> <span class='ocrx_word' id='word_1_320' title='bbox 1020 3266 1086 3314; x_wconf 77' lang='lat' dir='ltr'>lanc</span> 
     </span>
     <span class='ocr_line' id='line_1_38' title="bbox 120 3337 1087 3402; baseline -0.007 -13"><span class='ocrx_word' id='word_1_321' title='bbox 120 3341 300 3402; x_wconf 83' lang='lat' dir='ltr'>definitionem</span> <span class='ocrx_word' id='word_1_322' title='bbox 313 3339 369 3401; x_wconf 86' lang='lat' dir='ltr'>ipse</span> <span class='ocrx_word' id='word_1_323' title='bbox 391 3337 487 3388; x_wconf 77' lang='lat' dir='ltr'>Gellius</span> <span class='ocrx_word' id='word_1_324' title='bbox 506 3353 540 3387; x_wconf 76' lang='lat' dir='ltr'>ea:</span> <span class='ocrx_word' id='word_1_325' title='bbox 556 3338 726 3400; x_wconf 83' lang='lat' dir='ltr'>Capitoniana</span> <span class='ocrx_word' id='word_1_326' title='bbox 745 3338 810 3402; x_wconf 66' lang='lat' dir='ltr'>leuis</span> <span class='ocrx_word' id='word_1_327' title='bbox 827 3338 975 3400; x_wconf 79' lang='lat' dir='ltr'>definitione</span> <span class='ocrx_word' id='word_1_328' title='bbox 990 3341 1087 3383; x_wconf 83' lang='lat' dir='ltr'>tantuna</span> 
     </span>
     <span class='ocr_line' id='line_1_39' title="bbox 120 3403 1086 3476; baseline -0.01 -15"><span class='ocrx_word' id='word_1_329' title='bbox 120 3411 250 3474; x_wconf 84' lang='lat' dir='ltr'>effecerit.</span> <span class='ocrx_word' id='word_1_330' title='bbox 281 3405 303 3476; x_wconf 89' lang='lat'>⁴)</span> <span class='ocrx_word' id='word_1_331' title='bbox 316 3407 420 3472; x_wconf 70' lang='lat' dir='ltr'>Scripsi</span> <span class='ocrx_word' id='word_1_332' title='bbox 433 3406 479 3476; x_wconf 83' lang='lat' dir='ltr'>(se.</span> <span class='ocrx_word' id='word_1_333' title='bbox 495 3415 532 3456; x_wconf 86' lang='lat' dir='ltr'>ete</span> <span class='ocrx_word' id='word_1_334' title='bbox 547 3408 697 3458; x_wconf 73' lang='lat' dir='ltr'>aduocatio.</span> <span class='ocrx_word' id='word_1_335' title='bbox 713 3406 922 3470; x_wconf 83' lang='lat' dir='ltr'>interpretation).</span> <span class='ocrx_word' id='word_1_336' title='bbox 952 3404 1026 3452; x_wconf 90' lang='lat' dir='ltr'>Numa</span> <span class='ocrx_word' id='word_1_337' title='bbox 1043 3403 1086 3452; x_wconf 82' lang='lat' dir='ltr'>Gd.</span> 
     </span>
     <span class='ocr_line' id='line_1_40' title="bbox 120 3473 1086 3543; baseline -0.01 -13"><span class='ocrx_word' id='word_1_338' title='bbox 120 3495 179 3530; x_wconf 91' lang='lat' dir='ltr'>nam</span> <span class='ocrx_word' id='word_1_339' title='bbox 194 3482 228 3543; x_wconf 67' lang='lat' dir='ltr'>ej.</span> <span class='ocrx_word' id='word_1_340' title='bbox 246 3481 372 3542; x_wconf 84' lang='lat' dir='ltr'>plerique.</span> <span class='ocrx_word' id='word_1_341' title='bbox 411 3476 433 3542; x_wconf 78' lang='lat'>⁶)</span> <span class='ocrx_word' id='word_1_342' title='bbox 451 3477 568 3542; x_wconf 83' lang='lat' dir='ltr'>Scripsi,·</span> <span class='ocrx_word' id='word_1_343' title='bbox 586 3479 610 3526; x_wconf 90' lang='lat' dir='ltr'>in</span> <span class='ocrx_word' id='word_1_344' title='bbox 630 3493 674 3542; x_wconf 87' lang='lat' dir='ltr'>qua</span> <span class='ocrx_word' id='word_1_345' title='bbox 696 3477 739 3526; x_wconf 81' lang='lat' dir='ltr'>Cd.</span> <span class='ocrx_word' id='word_1_346' title='bbox 759 3479 816 3526; x_wconf 87' lang='lat' dir='ltr'>edd.</span> <span class='ocrx_word' id='word_1_347' title='bbox 855 3473 945 3543; x_wconf 77' lang='lat' dir='ltr'>⁶)Hic</span> <span class='ocrx_word' id='word_1_348' title='bbox 964 3475 1029 3522; x_wconf 88' lang='lat' dir='ltr'>etin</span> <span class='ocrx_word' id='word_1_349' title='bbox 1048 3488 1086 3521; x_wconf 88' lang='lat' dir='ltr'>se·</span> 
     </span>
     <span class='ocr_line' id='line_1_41' title="bbox 120 3542 1086 3616; baseline -0.009 -16"><span class='ocrx_word' id='word_1_350' title='bbox 120 3549 261 3616; x_wconf 75' lang='lat' dir='ltr'>queritans</span> <span class='ocrx_word' id='word_1_351' title='bbox 272 3548 517 3613; x_wconf 82' lang='lat' dir='ltr'>Mtillernmsequar.</span> <span class='ocrx_word' id='word_1_352' title='bbox 539 3549 578 3598; x_wconf 87' lang='lat' dir='ltr'>De</span> <span class='ocrx_word' id='word_1_353' title='bbox 588 3549 637 3598; x_wconf 79' lang='lat' dir='ltr'>lanc</span> <span class='ocrx_word' id='word_1_354' title='bbox 651 3551 706 3614; x_wconf 67' lang='lat' dir='ltr'>leae</span> <span class='ocrx_word' id='word_1_355' title='bbox 718 3547 778 3596; x_wconf 89' lang='lat' dir='ltr'>XII</span> <span class='ocrx_word' id='word_1_356' title='bbox 788 3543 837 3596; x_wconf 80' lang='lat' dir='ltr'>aaa.</span> <span class='ocrx_word' id='word_1_357' title='bbox 851 3545 885 3609; x_wconf 84' lang='lat' dir='ltr'>ef.</span> <span class='ocrx_word' id='word_1_358' title='bbox 894 3542 988 3593; x_wconf 75' lang='lat' dir='ltr'>Solita.</span> <span class='ocrx_word' id='word_1_359' title='bbox 1000 3560 1028 3608; x_wconf 84' lang='lat' dir='ltr'>p.</span> <span class='ocrx_word' id='word_1_360' title='bbox 1039 3554 1086 3593; x_wconf 77' lang='lat'>120.</span> 
     </span>
     <span class='ocr_line' id='line_1_42' title="bbox 123 3611 1084 3688; baseline -0.009 -17"><span class='ocrx_word' id='word_1_361' title='bbox 123 3617 147 3688; x_wconf 68' lang='lat'>²)</span> <span class='ocrx_word' id='word_1_362' title='bbox 161 3619 269 3683; x_wconf 82' lang='lat' dir='ltr'>Scripsi</span> <span class='ocrx_word' id='word_1_363' title='bbox 274 3637 280 3681; x_wconf 69' lang='grc' dir='ltr'><strong>ς</strong></span> <span class='ocrx_word' id='word_1_364' title='bbox 300 3619 354 3668; x_wconf 87' lang='lat' dir='ltr'>deni</span> <span class='ocrx_word' id='word_1_365' title='bbox 370 3619 414 3669; x_wconf 84' lang='lat' dir='ltr'>Cd.</span> <span class='ocrx_word' id='word_1_366' title='bbox 434 3619 490 3669; x_wconf 85' lang='lat' dir='ltr'>edd.</span> <span class='ocrx_word' id='word_1_367' title='bbox 506 3619 634 3684; x_wconf 76' lang='lat' dir='ltr'>Intellipe,</span> <span class='ocrx_word' id='word_1_368' title='bbox 648 3634 665 3668; x_wconf 90' lang='lat' dir='ltr'>a</span> <span class='ocrx_word' id='word_1_369' title='bbox 679 3633 811 3681; x_wconf 84' lang='lat' dir='ltr'>praecone</span> <span class='ocrx_word' id='word_1_370' title='bbox 825 3619 1002 3665; x_wconf 76' lang='lat' dir='ltr'>accusatorem</span> <span class='ocrx_word' id='word_1_371' title='bbox 1022 3611 1084 3663; x_wconf 78' lang='lat' dir='ltr'>‘rei&#39;</span> 
     </span>
    </p>
   </div>
   <div class='ocr_carea' id='block_1_5' title="bbox 0 0 1355 4112">
    <p class='ocr_par' dir='ltr' id='par_1_11' title="bbox 0 0 1355 4112">
     <span class='ocr_line' id='line_1_43' title="bbox 0 0 1355 4112; baseline 0 0"><span class='ocrx_word' id='word_1_372' title='bbox 0 0 1355 4112; x_wconf 95' lang='lat' dir='ltr'> </span> 
     </span>
    </p>
   </div>
  </div>
 </body>
</html>
