2680 4118
503 185 538 219 ns
557 184 716 221 vsvnnvcrv.
1024 167 1082 232 731

133 333 183 374 uec
198 316 392 388 proprietatem
408 329 449 385 oa,
465 329 534 388 qnae
549 313 742 370 habitationem
757 313 862 387 habuit,
878 314 998 388 legando
1014 309 1087 390 '(do·

134 398 211 470 mim')
234 389 467 473 uindicationem,¹
493 397 538 453 uel
560 396 687 453 'debitum
710 397 833 470 necando
855 391 903 454 in²
925 405 1087 454 testamento

134 475 292 540 creditoris³
312 483 443 538 actionem
459 479 588 538 excludit.
625 479 781 554 Subscripta
795 481 849 538 llll.
864 481 916 541 hal.
933 481 991 538 Oct.
1008 483 1087 537 Vimi-

135 568 193 624 naci
208 565 298 622 Gaess.
317 558 422 620 conss.⁴
447 571 450 580 ⁴

199 646 249 706 44.
274 643 353 718 5[Ηρ.
377 647 422 706 lib.
444 647 475 708 ll.
505 647 654 721 Respondit
675 647 785 704 Aurelio
808 647 906 720 Felici,
929 647 1033 704 fructus
1055 643 1193 723 exlfflpll

137 732 223 788 fundo
238 749 287 806 per
302 731 507 788 uindicationem
524 748 590 804 pure
612 731 707 788 relicto
723 739 786 805 post
803 731 900 788 aditam
915 732 1090 789 hereditatem

137 833 152 872 a
168 815 299 888 legatario
316 824 460 889 perceptos
472 815 503 871 ad
516 817 602 888 ipsum
618 817 770 888 pertinere3
790 815 916 872 colonum
929 823 1016 871 autem
1028 832 1089 873 cum

136 899 236 956 herede
253 916 289 955 ex.
299 899 433 956 conducto
449 897 547 954 hahere
562 900 704 955 actionem.

200 980 248 1042 45.
272 977 369 1040 6ΡαιιΙ.
386 982 432 1039 lib.
449 983 479 1038 ll.
497 981 655 1038 ilanualium
677 999 709 1037 es
732 981 828 1040 trihus.
873 983 989 1039 Tametsi
1012 999 1088 1039 usus·
1110 978 1179 1058 2⁴¹1}

135 1067 242 1124 fructus
258 1067 334 1124 fundi
349 1068 463 1139 mancipi
478 1081 533 1122 non
555 1067 601 1135 sit,
624 1075 713 1122 tamen
728 1068 786 1122 sine
807 1068 907 1122 tutoris
931 1063 1195 1123 auctoritateitt'tti·

137 1151 254 1208 alienare
270 1166 330 1206 eum
352 1149 450 1206 mulier
464 1165 519 1205 non
534 1157 641 1222 potest,
665 1165 725 1205 cum
745 1149 824 1205 aliter
839 1165 917 1223 quam
933 1152 960 1206 in
974 1153 1032 1206 iure
1047 1165 1089 1207 ce·

136 1235 226 1292 dendo
248 1234 275 1289 id
298 1233 386 1290 facere
407 1249 463 1288 non
485 1235 590 1305 possit,
611 1248 662 1289 nec
681 1235 707 1288 in
722 1234 780 1288 iure
802 1237 888 1290 cessio
910 1236 968 1290 sine
991 1234 1090 1290 tutoris

137 1318 299 1373 auctoritate
322 1313 380 1371 fieri
394 1317 491 1388 possit.
535 1315 661 1389 idemque
676 1323 719 1372 est
733 1318 761 1372 in
776 1317 952 1374 seruitutihns
967 1317 1090 1391 praedio-

137 1416 198 1456 rum
214 1399 387 1456 urbanorum.

201 1478 250 1539 46.
274 1476 368 1540 7Ιάεηι
381 1481 427 1543 lih.
443 1481 462 1544 l.
479 1481 649 1540 llanualium.
688 1483 766 1539 Actio
782 1483 815 1540 de
835 1485 982 1542 usufructu
996 1484 1196 1563 iisdemiqhffl·

138 1567 225 1624 modis
240 1568 321 1640 perit,
337 1565 434 1640 quibus
444 1567 503 1640 ipse
514 1566 697 1637 ususfructus,
712 1575 899 1640 praeterquam
911 1585 966 1624 non
978 1568 1090 1624 utendo.

137 1650 269 1709 Pecuniae
285 1667 394 1724 quoque
411 1651 584 1708 ususfructus
607 1651 713 1723 legatus
735 1665 783 1723 per
803 1667 900 1706 annum
919 1667 974 1705 non
989 1650 1091 1706 utendo

137 1729 220 1810 ’(ucra
241 1728 364 1813 perit);⁸
386 1737 447 1809 quia
469 1751 519 1791 nec
540 1734 711 1789 ususfructus
733 1742 790 1803 est,
814 1742 841 1788 et
863 1735 992 1805 pecuniae
1006 1732 1091 1788 domi·

137 1820 211 1874 nium
227 1818 382 1888 fructuarii,
400 1833 456 1874 non
471 1817 578 1874 heredis
593 1825 644 1872 est.

201 1898 247 1956 ts.
270 1902 346 1957 item.
384 1899 436 1956 Per
450 1901 670 1971 mancipationem
692 1897 787 1952 deduci
804 1898 974 1954 ususfructus
990 1905 1092 1973 potest,

138 1997 194 2038 non
209 1985 287 2038 etiam
303 1983 452 2039 transferri.
497 1982 548 2036 Per
570 1980 622 2036 ‘do
645 1979 723 2054 lego’
748 1980 866 2054 legatum
887 1990 914 2037 et
928 1997 978 2054 per
992 1983 1020 2036 in
1034 1983 1092 2037 iure

138 2066 288 2123 cessionem
304 2073 332 2121 et
347 2065 443 2121 deduci
459 2074 486 2120 et
501 2064 558 2120 dari
572 2072 672 2138 potest.

202 2141 292 2204 item.⁰
337 2147 430 2204 Potest
452 2149 580 2204 constitui
601 2157 629 2203 et
649 2147 785 2204 ’fumificas
807 2140 1027 2206 erciscundoe¹⁰
1048 2146 1093 2204 uel

140 2232 276 2289 communi
291 2231 438 2288 diuidundo
453 2231 551 2287 iudicio
566 2231 697 2304 legitimo.
742 2231 771 2286 ln
793 2248 822 2286 re
845 2247 894 2288 nec
917 2232 1029 2303 mancipi
1044 2246 1093 2303 per

140 2315 312 2372 traditionem
327 2315 422 2372 deduci
437 2315 608 2372 ususfructus
620 2331 675 2372 non
691 2322 797 2387 potest;
819 2331 870 2371 nec
886 2317 913 2370 in
930 2315 1046 2385 homins,
1069 2315 1093 2370 si

70 2416 130 2468 [aso]
141 2400 285 2473 peregrino
301 2394 465 2466 tradatur3¹¹
481 2398 555 2455 ciuili
569 2400 640 2454 enim
655 2401 761 2454 actione
776 2400 906 2456 constitui
920 2405 1022 2472 potest,
1038 2413 1093 2454 non

140 2482 293 2552 traditione,
313 2497 381 2555 quae
396 2483 462 2538 iuris
478 2483 599 2556 gentium
615 2490 666 2538 est.

214 2664 233 2732 ¹)
248 2667 347 2716 dominii
365 2667 549 2716 uindicationem
570 2667 595 2716 0.
615 2666 678 2717 lust.
705 2681 750 2730 pen
767 2666 951 2716 uindicatiouem
975 2667 1033 2717 Vct.
1053 2670 1118 2718 rei.

140 2738 249 2806 (domini
261 2738 301 2788 ed.
317 2737 443 2802 Momms.)
457 2737 649 2786 uindicationsm'
656 2737 696 2786 ed.
711 2736 805 2786 Hoiiw.
870 2733 947 2802 ¹)Ita
960 2737 1054 2788 Holfw.
1070 2746 1095 2787 et

140 2809 254 2861 Momms.
269 2808 327 2858 edd.
343 2808 448 2865 debitum
462 2808 593 2857 necandum
608 2807 666 2856 Vct.
690 2806 759 2856 Saue
773 2809 820 2856 uisu
833 2815 879 2866 est,
894 2815 922 2856 ut
935 2822 979 2871 per
992 2810 1019 2856 iu
1035 2808 1093 2858 Vct.

140 2881 324 2942 transpositum
341 2885 366 2928 et
385 2879 518 2942 tepentium
535 2878 652 2928 dicamus
669 2892 713 2940 per
732 2878 836 2927 debitum
855 2877 995 2940 negandum.
1032 2877 1095 2938 Quis

140 2952 207 2999 enim
221 2952 259 2998 iia
277 2964 388 3013 unquam
406 2949 493 2998 dictu
566 2945 650 3013 ⁸)Cui
668 2949 697 2998 id
714 2949 859 3010 aedificium
874 2950 983 3014 pipnurs‘
1001 2964 1095 2998 nemum

141 3027 206 3068 erui.
271 3017 293 3085 ⁴)
306 3035 332 3069 a.
346 3030 394 3070 294.
467 3017 487 3084 ⁶)
502 3017 551 3067 Est
564 3018 595 3068 J..
611 3029 658 3070 120.
683 3020 706 3080 ἓ.
722 3029 742 3068 s.
766 3019 799 3067 D.
814 3020 846 3068 de
860 3021 908 3083 lep.
924 3031 944 3070 1.
1018 3016 1093 3085 8)οῘ.

140 3091 163 3150 §.
178 3101 213 3140 ts.
232 3087 287 3152 Uip.
302 3101 336 3145 11,
350 3099 384 3139 st.
446 3085 467 3153 l)
482 3089 520 3138 De
534 3088 558 3138 d.
574 3091 590 3137 i.
605 3090 657 3140 uid.
671 3091 779 3152 disquis.
794 3097 908 3140 nostram
924 3085 1032 3152 ‘naussum
1047 3103 1093 3152 pe·

140 3161 233 3208 cuniae
254 3174 289 3208 uu
308 3173 359 3208 nou
377 3159 471 3208 utendo
488 3156 611 3221 persat?'
636 3158 675 3225 (in
699 3159 833 3209 Weckleri
852 3159 993 3208 Rectoratu
1014 3159 1093 3208 indie.

144 3230 253 3279 Vratisi.
278 3226 350 3294 nuso).
424 3225 444 3292 8)
467 3227 590 3292 Suppleui
613 3231 678 3294 disq.
703 3232 745 3279 eit.
770 3230 805 3293 ef.
828 3232 851 3290 5.
873 3240 907 3279 ot.
936 3226 997 3293 (nou
1020 3229 1093 3275 amit·

139 3299 215 3365 titur)
233 3300 291 3350 edd.
310 3299 405 3349 Hollso.
425 3298 539 3350 Mamaea.
613 3297 635 3366 ⁹)
657 3300 689 3348 In
715 3300 742 3348 V
744 3298 763 3348 ⁶.
785 3315 851 3349 noua
872 3299 964 3360 incipit
986 3298 1093 3359 species.

143 3366 176 3436 ¹⁰)
191 3373 277 3420 factum
293 3376 305 3418 e
325 3369 384 3420 Vct.
451 3366 484 3436 ¹¹)
501 3368 555 3430 Quo
570 3386 632 3420 cusu
647 3385 690 3419 res
704 3371 816 3432 mancipi
830 3367 933 3418 mobiles
947 3381 1033 3416 rerum
1047 3381 1094 3415 nee

139 3442 253 3502 mancipi
271 3442 329 3490 iure
348 3441 490 3490 censendus
508 3448 575 3490 suut.
607 3441 644 3503 Cf.
668 3440 722 3503 Uip.
743 3453 763 3498 1,
782 3451 815 3490 tu.
841 3439 919 3488 Varr.
938 3437 970 3485 de
988 3452 1010 3488 r.
1030 3452 1053 3485 r.
1072 3445 1094 3494 2,

140 3519 160 3560 s.
175 3511 198 3570 ἓ.
213 3521 233 3560 s.
