2694 4110
251 139 314 205 816
406 171 411 182 ·
491 155 651 192 1151555555
668 156 725 193 1511.
743 155 805 191 11511.
824 153 968 190 5111515155.

251 290 332 360 gulas
345 289 382 343 ali
404 305 453 344 uas
465 290 687 353 constitutiones,
702 288 816 370 Ulpiani
831 288 978 356 (librorum
987 304 1023 346 55,
1034 288 1070 342 ad
1081 289 1220 357 edictum)

251 361 350 424 1155155
369 307 402 410 51
415 373 551 426 responsa
568 358 638 412 itcm
656 357 748 410 Paulli
766 357 803 411 ad
817 355 953 410 Sabinum
971 356 1002 410 55
1019 373 1221 425 responsorum

251 424 331 493 libri,
356 423 495 479 Marciani
517 421 723 494 ὑποθηκαρίας
746 421 932 494 μονόβιβλος,
956 423 1101 492 (librorum
1120 424 1156 478 de
1174 426 1221 478 tu-

252 491 317 546 55115
329 492 460 558 auctoris,
479 490 625 547 Dercetius
640 493 773 572 opinatur
785 489 857 556 Gaii,
876 505 979 568 nomen
991 491 1086 560 periit)
1104 491 1238 546 Floren-

252 559 306 612 tini
323 559 523 624 institutiones,
541 559 693 614 Modestini
710 559 827 628 regulae
847 559 876 611 55
894 557 1078 630 differentiae.
1117 559 1219 613 Ambi-

252 628 315 680 55111
332 627 420 680 555155
439 643 454 680 5
478 627 541 692 5515,
561 643 596 681 ex
614 643 670 695 quo
688 642 761 693 quae
780 626 893 680 5555555
905 627 971 679 5555
983 626 1090 680 55115115
1101 626 1222 705 Ulpiani

252 695 289 748 ad
307 693 443 748 Sabinum
456 644 511 752 111).
530 700 562 748 36
581 695 611 748 55
628 700 660 750 ai
679 695 812 763 spectant
837 710 872 748 ex
889 709 1007 772 numero
1026 695 1222 772 quaternionis

253 757 302 816 λα’
321 761 340 819 i.
354 777 376 820 5,
390 761 526 828 vigesimo
544 762 635 830 primo
648 761 683 816 fr.
697 767 713 816 8
725 761 761 814 ad
780 734 887 838 calcem
906 760 1049 830 adscripto
1067 763 1221 817 aestimare

252 829 329 884 licet.
359 828 466 883 Auctor
477 829 523 882 151
536 830 665 883 auctores
683 828 770 882 totius
789 843 882 897 operis
900 829 929 882 55
946 829 1121 898 singulorum
1139 831 1221 884 scho-

252 897 353 950 liorum
370 896 479 950 incerti.
517 895 625 964 Siglam
643 895 718 950 SAB.
744 895 913 965 quibusdam
937 896 1141 966 praescriptam
1163 897 1221 952 for-

252 967 326 1018 tasse
349 963 505 1033 significare
528 964 688 1030 Sabatium,
715 977 800 1030 quem
827 963 898 1018 1155.
922 969 963 1018 35.
986 963 1052 1017 anni
1075 970 1132 1019 535.
1157 964 1220 1018 Τ51-

255 1033 368 1086 boniani
385 1032 414 1084 in
434 1031 581 1086 condenda
597 1031 776 1112 legislatione
799 1031 899 1086 laudat
917 1030 1089 1099 adiutorem,
1113 1032 1221 1088 Zacha-

252 1099 323 1154 riaei
342 1099 448 1154 555555
469 1098 530 1156 icio.
566 1097 664 1152 Tutius
684 1098 825 1168 coniicias,
843 1098 917 1152 hunc
935 1099 1120 1154 novissimum
1137 1101 1220 1154 solio-

251 1167 365 1222 liastam
392 1169 422 1222 55
447 1115 566 1221 15555555
593 1167 680 1220 555155
702 1181 718 1220 5
740 1167 794 1220 5515
821 1165 995 1221 conditorem
1024 1169 1053 1220 55
1080 1168 1221 1222 editorem

252 1234 345 1292 luisse.
380 1234 570 1290 Professorem
588 1234 669 1301 iuris,
687 1183 738 1288 551
755 1235 842 1288 551551
861 1233 896 1288 de
913 1237 974 1288 1555
992 1233 1135 1288 interdum
1153 1251 1220 1290 con·

252 1301 357 1356 sultnm
376 1303 422 1369 (of.
442 1301 476 1357 fr.
495 1302 533 1370 2),
552 1317 608 1356 non
627 1302 827 1382 desuntquae
844 1299 964 1372 prodere
982 1318 1046 1356 eum
1059 1301 1220 1358 videantur.

321 1367 424 1422 Omnia
435 1369 542 1424 scholia
554 1369 591 1424 ad
608 1369 651 1423 155
663 1370 837 1424 matrimonii
849 1370 879 1424 55
895 1369 971 1438 quod
983 1370 1069 1424 etiam
1081 1369 1221 1439 Ulpianus
1319 1407 1320 1410 =

252 1437 283 1490 in
301 1435 459 1490 Sabinianis
477 1437 557 1490 libris
574 1438 639 1506 post
656 1437 708 1492 hoc
727 1437 871 1505 tractavit,
889 1437 997 1491 5555155
1009 1437 1163 1507 pertinent,
1183 1439 1222 1493 ad

252 1503 324 1558 illud
342 1503 376 1560 fr.
397 1509 488 1571 1-13,
509 1503 544 1558 ad
561 1504 735 1562 115514-20.
767 1503 898 1559 Ceterum
917 1503 995 1570 ordo,
1013 1520 1070 1574 quo
1088 1522 1161 1573 qnae
1183 1523 1221 1561 55

254 1570 396 1640 descripta
408 1573 515 1642 pagina
527 1571 646 1624 alteram
658 1571 687 1625 in
700 1571 796 1626 codice
815 1573 912 1626 555555
923 1573 967 1639 515,
985 1588 1038 1642 555
1050 1587 1105 1642 555
1158 1592 1178 1644 p
1199 1575 1221 1640 i,
1319 1623 1321 1630 ,

253 1655 309 1707 quo
337 1640 457 1706 utimur,
484 1638 597 1708 habitu,
626 1639 661 1693 de
689 1655 744 1707 quo
771 1640 828 1696 vid.
851 1639 964 1696 Zachar.
990 1657 1019 1710 p.
1040 1645 1089 1694 622
1137 1659 1218 1712 rueg.
1319 1643 1321 1684 ἒ

252 1723 280 1776 p.
292 1711 308 1759 2
321 1722 392 1774 seq,
412 1707 441 1760 in
459 1707 600 1784 plerisque
613 1706 737 1775 quidem,
754 1707 804 1760 sed
821 1723 876 1762 non
896 1707 999 1776 ubique
1012 1709 1089 1762 certo
1107 1707 1221 1764 deliniri
1319 1719 1321 1756 i

252 1774 362 1851 555555,
382 1777 412 1829 55
429 1775 536 1854 diverse
556 1775 677 1828 editores
697 1775 853 1854 5551551555
866 1776 975 1897 partim
997 1791 1032 1853 ex
1050 1778 1219 1855 argumento

252 1857 616 1988 lithllqetllt⁰ilt⁸
638 1842 1220 1991 515311151555551ξ551ἓ

254 1991 318 2030 eum
341 1977 560 2046 constituerunt,
585 1976 662 2044 quod
684 1979 764 2032 5515
787 1994 899 2046 quaque
925 1993 1031 2048 pagina
1055 1980 1219 2049 significavi.

253 2043 319 2113 1555
345 2044 413 2100 11555
440 2045 470 2098 15
497 2043 666 2110 quibusdam
687 2046 723 2099 ab
745 2045 779 2098 iis
795 2045 982 2113 dissentiam,
1009 2048 1106 2101 tamen
1130 2047 1165 2100 ob
1189 2046 1220 2100 id

252 2128 347 2165 rursus
359 2129 462 2167 novum
475 2112 603 2168 ordinem
617 2111 711 2166 taedio
724 2113 836 2169 lectoris
848 2113 1002 2183 periclitari
1010 2113 1097 2168 nolui.
1117 2114 1218 2184 Neque

254 2181 329 2233 onim
342 2181 454 2234 omnino
473 2181 623 2260 tantopere
641 2180 767 2236 11555555
780 2181 875 2246 refert,
894 2183 1065 2235 5515555155
1077 2198 1219 2260 nusquam

252 2245 326 2300 hanc
349 2248 394 2301 vel
417 2248 495 2302 illem
517 2264 650 2368 paginam
674 2249 795 2304 51555551
818 2247 896 2302 55115
921 2249 1069 2304 1555515555
1089 2266 1218 2320 excipere

253 2314 363 2368 ostendi
386 2315 482 2383 possit.
536 2317 622 2382 taque
644 2317 829 2371 novissimum
852 2315 1000 2384 editorem,
1025 2318 1074 2437 qui
1092 2333 1157 2372 suas
1175 2333 1219 2371 ra·

253 2381 344 2435 tiones
365 2399 392 2450 5,
416 2389 449 2437 28
472 2399 530 2450 seq.
555 2384 695 2452 51555515,
722 2385 789 2453 quia
815 2383 873 2438 5155
900 2383 989 2438 editio
1015 2385 1157 2454 penisque
1181 2386 1219 2440 ad

253 2464 352 2501 manus
371 2449 434 2516 erit,
452 2449 482 2503 in
493 2450 656 2504 universum
669 2454 789 2518 secutus,
808 2453 918 2506 tantum
936 2453 965 2504 in
977 2452 1051 2506 notis
1063 2453 1218 2520 interdum,

255 2515 303 2568 ubi
327 2531 397 2584 opus
419 2515 584 2583 videbatur,
612 2519 698 2572 etiam
720 2519 756 2574 de
777 2519 832 2573 hac
853 2535 884 2573 re
906 2523 939 2572 55
965 2519 1000 2574 (15
1027 2520 1089 2574 51115
1112 2521 1218 2575 monui.

254 2581 391 2636 Hiatuum
409 2583 455 2638 vel
472 2583 633 2638 litterarum
651 2586 842 2641 deficientium
859 2586 1077 2656 significationes
1095 2589 1218 2657 (511155-

254 2649 310 2704 cini
328 2650 456 2719 angulati
473 2652 585 2706 tantum
603 2653 744 2733 suppleta,
766 2654 844 2708 curvi
861 2656 943 2710 notas
961 2655 1114 2726 explicatas
1132 2656 1219 2711 deno·

253 2719 342 2840 W&
369 2719 402 2772 ut
424 2720 585 2788 scrupulose
609 2723 700 2792 accipi
720 2738 777 2778 non
806 2721 943 2792 debeant,
969 2723 1126 2794 apographi
1147 2723 1219 2778 facit

275 2801 376 2840 5155.

321 2851 452 2922 Denique
470 2854 538 2909 11555
555 2872 680 2924 5555551,
725 2859 768 2912 555
790 2857 916 2926 priorum
937 2857 1075 2912 editorum
1092 2857 1215 2925 labores,

254 2937 272 2974 a
290 2919 391 2988 quibus
410 2922 523 2990 saepius
541 2923 663 3000 discessi,
681 2875 768 2980 egam
786 2941 862 2980 meas
879 2943 959 2980 ouras
976 2926 1019 2980 1115
1036 2925 1144 2980 51155115
1161 2942 1217 2980 555

254 2990 350 3064 tamen
369 2989 582 3043 contemnendis
599 2991 725 3060 reliquiis
738 2993 795 3047 5155
808 2993 912 3048 5555155
925 2993 1053 3063 legendis
1066 2993 1111 3048 vel
1123 3010 1217 3049 amen-

254 3054 355 3110 dandis
374 3057 404 3110 et
421 3057 585 3126 supplendis
603 3059 661 3113 sive
679 3059 876 3131 intellegentis
889 3077 945 3116 non
957 3061 1016 3116 sine
1028 3061 1105 3116 omni
1121 3062 1216 3116 fructu

253 3123 395 3192 impensas
413 3139 482 3194 esse,
501 3125 622 3180 multum
640 3127 736 3182 tamen
753 3127 843 3195 abest,
862 3130 964 3184 utiam
976 3129 1080 3198 omnia,
1097 3129 1127 3183 id
1139 3127 1217 3198 quod

252 3191 376 3270 maxims
400 3209 433 3248 ex
455 3209 527 3248 nova
544 3196 716 3264 papyro‘rnm
735 3195 886 3251 collatione
906 3197 1053 3268 pendebit,
1078 3199 1164 3265 sarta,
1183 3199 1217 3252 nt
1292 3219 1301 3235 ·

253 3262 343 3329 51555,
361 3262 390 3316 55
407 3263 485 3316 55555
502 3263 534 3316 ut
551 3263 675 3332 oportet,
694 3263 793 3319 haberi
810 3264 926 3332 possint.
