2680 4112
382 221 405 259 u.
423 216 525 254 amero.
546 231 575 242 -
595 219 712 255 usumve
730 220 817 256 renrx.
1022 205 1083 270 145

471 371 506 436 Τ.
530 370 717 436 ARISTO

455 476 511 542 (sub
531 478 587 542 imp.
608 475 742 544 Traiano).¹

176 587 202 647 1.
227 588 255 642 id
272 589 354 643 etiam
370 587 478 642 memini
500 586 592 660 legere
607 603 650 642 me
673 587 701 641 in
724 585 791 642 libro
807 587 942 642 Aristonis
957 589 1083 644 iurecon-

116 674 191 745 sulti,
207 673 417 746 haudquaquam
431 670 534 726 indocti
549 671 613 742 uiri,
629 671 700 744 apud
716 679 824 728 ueteres
834 673 994 746 Aegyptios,
1011 673 1083 746 quod
1114 723 1121 740 ,

116 775 204 834 genus
220 759 361 814 hominum
377 763 485 812 constat
500 763 528 812 et
542 757 570 811 in
586 755 688 811 artibus
704 757 888 830 repperiendis
901 757 1027 814 sollertes
1039 775 1084 813 ex·

114 844 204 900 titisse
227 851 255 898 et
282 843 310 897 in
333 842 490 916 cognitione
512 857 604 896 rerum
627 839 838 914 indaganderum
860 859 985 915 sagaces,
1012 842 1084 900 lurta

116 931 205 992 omnia
225 927 311 983 luisse
332 927 404 982 licita
425 935 453 982 et
472 927 619 1000 inpoenita.
636 956 677 965 —
693 925 760 982 oeli.
781 927 830 997 11,
850 927 899 984 18.
917 927 945 998 S.
963 928 1011 986 16.
1043 927 1082 984 Gi.

115 1012 226 1070 biodor.
244 1011 297 1068 Sic.
317 1013 352 1082 1,
368 1011 418 1068 80.

398 1171 617 1238 tenuius
647 1171 797 1238 FELIX

450 1278 506 1345 (sub
525 1280 582 1342 imp.
603 1276 758 1344 Hadriano).l

462 1387 507 1442 'Ad
530 1385 560 1455 Q.
585 1387 739 1444 Mucium.

184 1503 208 1564 1.
230 1505 258 1560 ln
273 1504 339 1561 libro
351 1505 435 1561 Laelii
447 1503 544 1562 Felicis
561 1506 593 1561 ad
605 1503 636 1573 Q.
650 1505 765 1562 Mucium
781 1507 869 1580 primo
886 1508 1016 1580 scriptum
1033 1517 1084 1573 est,

113 1589 271 1648 Labeonem
280 1590 397 1647 scribere
410 1589 517 1662 etc.(cl.
525 1607 608 1664 supra
615 1590 648 1649 li,
656 1591 803 1647 Antistium
812 1585 1085 1672 Labeonemu.22.).

114 1669 233 1732 3iisdem
255 1675 383 1747 comitiis,
404 1691 472 1749 quae
494 1675 577 1731 calata
598 1675 728 1750 appellari
749 1675 874 1749 diximus,
897 1686 924 1732 et
947 1693 1086 1733 sacrorum

114 1762 263 1817 detestatio
280 1769 308 1816 et
323 1768 484 1816 testamenta
499 1757 557 1816 lieri
573 1759 707 1816 solebant.
732 1759 793 1816 Tria
804 1763 873 1816 euim
887 1777 987 1834 genera
1004 1765 1086 1817 testa·

113 1853 272 1902 mentorum
288 1845 373 1901 luisse
384 1847 550 1918 accepimus:
567 1861 662 1916 unum,
679 1845 853 1918 quodcalatis
864 1847 980 1902 comitiis
996 1847 1023 1900 in
1038 1861 1087 1918 po·

114 1929 175 2005 puli
186 1931 317 1986 contione
332 1927 420 1999 fieret,
436 1929 549 1985 alterurn
562 1931 589 1984 in
602 1931 755 2002 procinctu,
771 1946 832 1985 oum
844 1931 895 1984 uiri
909 1929 941 1983 ed
953 1929 1088 2002 proelium

112 2013 269 2071 iaciendum
279 2015 307 2069 in
319 2015 403 2070 aciem
415 2012 592 2085 uocabantur,
610 2014 719 2070 tertium
733 2030 783 2086 per
791 2013 906 2068 familiae
915 2015 1087 2088 mancipatio·

117 2116 192 2170 nem,
210 2101 254 2156 cui
270 2116 315 2154 aes
331 2106 359 2154 et
374 2098 441 2154 libra
456 2099 640 2155 adhiberetur.
655 2128 697 2138 —
713 2097 780 2154 Gell.
799 2096 849 2169 15,
866 2097 980 2169 2133.
996 2097 1088 2155 1-3.

183 2181 213 2242 2.
234 2183 265 2239 ln
281 2183 377 2239 eodem
392 2181 474 2240 baelii
489 2181 584 2239 Felicis
600 2181 670 2238 libro
685 2183 752 2238 haec
766 2183 868 2256 scripta
880 2192 957 2238 sunt:
980 2181 1027 2255 ‘ls,
1044 2186 1089 2256 qui

117 2286 176 2324 non
199 2262 388 2324 'uniuersum⁴
410 2267 551 2342 populum,
574 2267 621 2323 sed
638 2277 741 2340 partem
760 2267 877 2340 aliquam
894 2268 988 2324 adesse
1003 2265 1088 2340 iubet,

118 2369 176 2409 non
190 2354 312 2425 comitia,
322 2353 369 2408 sed
382 2353 524 2409 concilium
536 2353 643 2409 edicere
655 2351 745 2410 debet.
775 2351 886 2408 Tribuni
898 2360 987 2408 autem
1000 2369 1088 2425 neque

119 2437 259 2494 aduocaut
273 2439 414 2510 patricios,
435 2453 524 2510 neque
539 2436 572 2492 od
589 2453 636 2493 eos
651 2429 784 2492 ’reterre⁵
799 2436 854 2492 ulla
869 2437 902 2494 de
917 2454 947 2493 re
962 2447 1087 2512 possunt.

116 2522 161 2578 lta
176 2538 212 2578 ne
226 2523 303 2596 leges
319 2522 425 2596 quidem
442 2522 562 2597 proprie,
584 2521 631 2577 sed
647 2521 801 2595 plebisscita
816 2522 998 2595 appellantur,
1020 2539 1089 2596 quae

121 2605 240 2662 tribunis
260 2607 349 2680 piebis
372 2606 522 2664 terentibus
544 2615 654 2680 accepta
677 2613 753 2661 suut:
778 2605 875 2679 quibus
899 2607 1089 2681 rogationibus

117 2699 184 2748 ante
205 2693 314 2765 patricii
337 2709 392 2748 non
416 2691 593 2764 tenebantur,
621 2691 709 2746 donec
732 2688 762 2758 Q.
786 2689 949 2748 Hortensius
972 2692 1090 2748 dictator

116 2776 209 2850 legem
226 2777 299 2846 tulit,
320 2786 350 2832 ut
368 2793 401 2834 eo
416 2779 487 2848 iure,
508 2776 580 2848 quod
600 2775 677 2850 plebs
693 2776 843 2850 statuisset,
860 2793 954 2832 ornnes
970 2775 1088 2844 Quirites

116 2861 309 2918 tenerentur'.
325 2892 365 2902 -
382 2861 449 2918 Geli.
467 2860 517 2933 15,
534 2861 583 2917 et.
600 2861 626 2931 S.
644 2861 673 2916 4.

195 3012 216 3080 ¹)
241 3014 303 3064 Via.
322 3021 360 3064 est
377 3014 410 3063 de
427 3014 477 3064 boe
491 3015 549 3064 Ion.
565 3014 629 3065 Just.
644 3015 781 3064 Enscltede'
797 3016 829 3064 de
847 3015 874 3063 Τ.
889 3015 1014 3066 Aristone
1031 3015 1089 3066 [Oto

117 3086 193 3137 Rern
209 3085 242 3134 L.
258 3085 290 3134 B.
306 3097 364 3137 rete.
378 3097 399 3137 t.
457 3081 478 3150 ²)
492 3085 593 3150 Sequor
608 3101 761 3136 communem
774 3088 920 3150 opinionem
934 3102 1030 3146 eorum,
1046 3088 1091 3152 qni

116 3157 310 3208 transeundem
319 3156 439 3206 Laelium
449 3173 504 3207 esse
513 3165 637 3215 statuunt,
653 3160 728 3207 onius
738 3159 765 3206 in
777 3157 806 3208 L.
816 3170 835 3210 e.
854 3158 917 3210 one
927 3173 995 3222 pars
1004 3159 1090 3208 bened.

116 3228 149 3293 (5,
158 3229 192 3295 e)
203 3230 299 3278 mentio
310 3230 356 3291 fit:
373 3244 518 3293 quanquam
533 3231 560 3277 in
574 3229 624 3279 boe
633 3231 763 3292 scriptore
777 3231 863 3278 omnio
874 3231 978 3279 incerto
992 3237 1053 3279 sunt
1066 3235 1091 3278 et

117 3302 204 3363 ipsum
219 3315 320 3358 nomen,
336 3302 436 3364 quoties
449 3308 668 3358 commemoretur,
689 3302 716 3349 in
731 3300 807 3350 libris
821 3317 878 3352 mss.
893 3303 1020 3350 variotur.
1050 3299 1089 3362 Os.

118 3371 250 3420 Zimmern
260 3371 319 3421 bist.
330 3373 380 3422 ior.
394 3371 465 3423 Rom.
477 3373 494 3420 i.
506 3373 528 3434 ἕ.
539 3384 571 3423 ee.
587 3379 612 3422 et
626 3372 781 3436 interpreti
793 3371 854 3424 dett.
865 3383 898 3431 15,
909 3383 941 3422 et.
981 3367 1001 3435 ³)
1016 3369 1090 3418 Haec

117 3458 221 3507 qnoque
236 3457 271 3491 en
285 3444 373 3492 eodem
387 3442 454 3494 libro
464 3445 549 3506 petito
563 3458 626 3502 esse,
641 3445 687 3492 oin
701 3442 836 3504 dubitabit,
852 3445 897 3506 qni
905 3441 1091 3491 sententiarum

118 3529 216 3563 nemum
227 3515 360 3578 ipsumque
370 3516 419 3575 rei,
430 3515 461 3563 de
471 3529 522 3580 qua
531 3517 628 3580 opiter,
641 3522 819 3580 argumentum
828 3512 995 3577 reputaverit.
1034 3507 1056 3577 ⁴)
1065 3517 1091 3559 ut
1181 3532 1186 3547 =

119 3585 261 3634 uniuersum
271 3586 310 3636 ed.
319 3585 409 3636 Hertz.
448 3583 468 3648 ⁶)
480 3585 587 3636 Retinni
594 3588 645 3636 iorn
657 3586 719 3638 Cdd.
727 3588 893 3650 scripturam.
905 3583 967 3632 ierre
978 3582 1034 3632 edd.
1043 3595 1061 3634 1.
1071 3593 1091 3632 a.

171 3686 272 3720 mersen.
286 3688 366 3722 enen.
379 3689 432 3722 m.
447 3688 484 3720 uo.
498 3688 520 3720 v.
854 3673 886 3722 10
