2684 4112
243 226 307 293 388
524 240 584 277 exn
602 239 699 277 txsrrr.
717 222 765 280 IV.
786 228 927 278 lta-126.

244 403 275 442 ex
297 395 437 458 tempore,
460 383 508 439 sed
530 385 611 440 etlam
626 400 658 439 ex
679 397 796 457 persona
816 381 958 438 dilatoriae
973 382 1210 455 exceptionesin·

244 469 431 544 telleguutur,
460 467 554 541 quales
576 476 641 524 sunt
663 468 848 541 cognitoriae,
877 465 955 521 uelut
976 466 999 520 si
1021 467 1060 538 is,
1090 468 1138 540 qni
1160 485 1211 541 per

244 554 360 611 edictum
383 553 556 626 cognitorem
578 552 641 608 dure
663 568 718 608 nou
740 559 848 625 potest,
871 567 921 624 per
943 552 1114 624 cognitorem
1137 562 1208 625 agat,

244 638 289 695 uel
310 635 361 710 'is,
384 641 435 711 qut
442 629 452 670 ¹
476 636 556 693 dandi
579 635 853 710 quidemcoguitoris
875 636 917 690 ius
940 633 1047 707 habeat,
1069 651 1131 691 eum
1153 637 1210 708 det,

244 724 288 780 cui
314 739 370 779 non
397 722 461 778 licet
488 723 660 796 cognituram
688 721 840 793 suscipere:
869 735 929 774 nam
957 720 980 774 si
1006 719 1140 776 obiciatur
1162 737 1209 776 ex-

244 809 334 882 ceptio
357 806 520 880 cognitoris,
544 805 566 860 si
588 807 646 880 ipse
669 804 731 860 talis
754 808 822 876 erit,
845 813 876 860 ut
897 805 921 860 ei
936 821 991 860 non
1014 805 1093 861 liceat
1115 807 1210 879 cogui-

244 901 332 948 torem
355 891 429 961 dare,
452 890 511 965 ipse
534 905 616 964 agere
638 897 745 963 potest;
768 891 792 944 si
807 904 875 944 uero
893 889 1031 962 cognitori
1053 905 1109 946 non
1130 889 1210 947 liccat

245 977 417 1052 cognituram
441 976 590 1050 suscipere,
615 989 665 1048 per
686 973 767 1029 aliurn
790 973 960 1046 cognitorem
984 983 1030 1031 aut
1053 991 1101 1048 per
1122 983 1210 1030 semet

243 1062 331 1134 ipsum
358 1059 470 1116 liberam
493 1058 573 1115 habet
595 1058 692 1132 agendi
713 1065 897 1132 potestatem,
925 1066 952 1113 et
978 1066 1030 1114 tam
1053 1059 1107 1116 hoc
1129 1075 1209 1132 quam

175 1143 290 1201 231.illo
313 1144 394 1201 modo
419 1145 521 1200 euitare
543 1135 703 1221 ’(ροίεει)2
725 1144 926 1216 exceptionem:
953 1143 1052 1214 quodsi
1075 1138 1209 1220 dissilmn·

241 1229 338 1285 laverit
357 1236 384 1285 et
407 1220 490 1285 cum³
515 1244 565 1302 per
587 1229 757 1302 cognitorem
781 1228 888 1301 egerit,
917 1243 974 1283 rem
997 1228 1098 1302 perdit.
1141 1226 1208 1286 125.

242 1313 298 1369 Sed
318 1313 500 1387 peremptoria
523 1312 630 1385 quidem
645 1313 805 1386 exceptione
827 1312 850 1367 si
866 1327 928 1368 reus
951 1329 1001 1386 per
1015 1327 1134 1369 errorem
1151 1329 1207 1368 non

241 1397 327 1453 luerit
353 1413 435 1468 usus,
461 1398 489 1452 in
518 1398 657 1470 integrum
679 1397 834 1452 restituitur
860 1395 1013 1453 adiciendae
1039 1399 1206 1472 exceptionis
1220 1407 1277 1460 [root

242 1482 341 1556 gratia:
367 1480 491 1536 dilatoria
516 1496 584 1536 uero
610 1481 633 1536 si
659 1497 714 1536 nou
741 1481 828 1536 fucrit
848 1497 932 1554 usus,
959 1498 993 1537 an
1016 1483 1044 1538 iu
1070 1484 1208 1557 integrum

241 1565 425 1638 restituatur,
446 1566 594 1640 quaeritur.
938 1562 941 1568 '

201 1656 203 1665 ’
306 1643 373 1711 126.
388 1649 526 1706 Interdum
542 1651 643 1720 euenit,
667 1657 699 1704 ut
714 1650 849 1722 exceptio,
871 1666 940 1723 quae
954 1652 1039 1724 prima
1055 1650 1123 1706 facie
1137 1652 1209 1707 iusta

242 1733 383 1808 uideatur,
411 1736 503 1809 inique
525 1743 623 1791 noceat
644 1735 744 1790 actori:
774 1733 847 1807 quod
870 1751 931 1790 cum
954 1735 1065 1806 accidit,
1089 1735 1139 1790 alia
1162 1735 1208 1790 ad-

241 1819 359 1899 iectione
375 1830 444 1893 opus
466 1826 508 1875 est
526 1817 672 1876 adiurandi
694 1819 794 1874 actoris
815 1820 918 1892 gratia:
940 1835 1008 1891 quae
1030 1818 1145 1874 adiectio
1164 1835 1206 1874 re-

243 1902 355 1977 plicatio
372 1911 501 1978 uocatnr,
524 1905 586 1978 quia
600 1920 651 1978 per
667 1919 724 1959 eam
739 1901 887 1976 replicatur
902 1910 983 1977 atque
1001 1902 1150 1960 resoluitur
1164 1904 1207 1958 nis

245 1990 429 2063 exceptionis:
453 2005 513 2044 nam
529 1989 552 2044 si
571 1987 647 2045 uerbi
662 1989 750 2058 gratia
764 1995 861 2061 pactus
876 1991 927 2044 sim
943 1996 1050 2059 tecum,
1072 2003 1105 2044 ne
1125 2004 1208 2061 pecu·

243 2074 331 2145 niam,
354 2090 433 2149 quam
450 2074 515 2129 milri
530 2071 623 2146 debes,
645 2079 703 2128 nte
718 2080 855 2145 peterem,
875 2072 972 2128 deinde
989 2082 1085 2146 postea
1101 2073 1128 2128 in
1144 2089 1207 2130 con·

244 2159 355 2215 tracium
370 2159 442 2234 pacti
458 2161 553 2230 simus,
568 2158 595 2214 id
611 2165 661 2228 est,
678 2164 710 2212 ut
723 2164 817 2230 petere
832 2157 899 2212 milri
912 2157 1008 2230 liceat,
1029 2166 1071 2230 et,
1091 2161 1114 2212 si
1130 2173 1207 2232 agam

245 2249 352 2314 tecum,
371 2244 487 2316 excipias
509 2251 549 2313 tu,
573 2251 603 2298 ut
622 2243 659 2297 ita
679 2241 787 2297 demum
808 2241 874 2296 mihi
894 2241 1091 2313 condemneris,
1116 2243 1138 2298 si
1152 2259 1206 2298 nou

246 2328 421 2397 conuenerit,
445 2342 479 2381 ne
495 2342 552 2382 eam
568 2327 709 2400 pecuniam
730 2334 869 2399 peterem,
891 2334 974 2383 nocet
995 2327 1060 2382 mihi
1084 2328 1206 2402 exceptio

242 2412 314 2484 pacti
329 2411 474 2478 conuenti;
497 2425 613 2484 numque
628 2409 805 2466 nihilomiuus
822 2411 876 2468 hoc
892 2427 987 2468 uerum
1003 2419 1104 2484 manet,
1127 2413 1206 2468 etiam

242 2494 265 2548 si
284 2503 381 2567 postea
400 2495 428 2549 in
448 2495 612 2549 contrarium
632 2495 704 2568 panti
724 2511 832 2565 sumus3
855 2495 903 2550 sed
925 2499 988 2568 quin
1009 2497 1132 2570 iniquum
1155 2503 1206 2567 est,

241 2593 284 2633 me
314 2577 419 2634 excludi
446 2579 618 2652 exceptione,
645 2578 874 2653 replicatiomilri
897 2579 977 2635 datur
998 2597 1030 2636 ex
1053 2569 1206 2654 posteriore

314 2777 335 2846 ¹)
350 2780 425 2831 Haec
445 2781 471 2830 G.
491 2789 516 2832 et
534 2784 592 2836 edd.
611 2799 662 2834 non
681 2783 789 2839 labent:
808 2784 878 2848 quod
895 2799 956 2834 vero
970 2787 1053 2848 paulo
1067 2791 1127 2849 post
1145 2791 1206 2834 ante

242 2865 296 2901 eum
307 2851 347 2900 det
360 2851 454 2902 talene
468 2869 479 2902 s
490 2875 524 2896 ι-
534 2855 586 2917 sed,
600 2856 704 2905 uidetur
717 2855 860 2919 aliquando
869 2871 904 2905 eac
917 2847 954 2920 isti
968 2863 1119 2920 corruptum
1128 2856 1205 2920 idque
1274 2914 1279 2924 Ι

242 2929 331 2973 nonno
355 2925 412 2975 loco
436 2927 629 2976 restituendum.
695 2922 716 2992 ἵ)
735 2925 770 2974 H.
790 2927 807 2974 l.
827 2927 857 2990 pi
871 2933 933 2990 poet
954 2927 1057 2976 onita-re
1075 2927 1206 2978 caecidisce

237 2993 375 3057 probabile
389 3002 442 3053 est:
461 3003 521 3047 onte
539 3005 587 3048 tum
606 2996 682 3046 ltabet
696 2997 734 3046 ed.
749 2995 798 3062 Bp.
873 2994 954 3064 ⁸)Sic
968 3013 1037 3048 nunc
1047 3014 1099 3063 pro
1114 3013 1168 3048 cum
1183 3006 1206 3047 et

243 3065 269 3114 0.
298 3073 323 3115 ct
345 3068 450 3118 reiectis
472 3083 528 3118 meo
551 3069 711 3132 altorumque
735 3070 778 3130 cij.
803 3083 872 3118 nnrtc
892 3069 1023 3132 facillimo
1043 3071 1206 3120 correctione

240 3137 339 3201 scripsi
343 3155 353 3194 ,·
376 3153 430 3188 enm
450 3141 582 3206 intellepe,
600 3153 673 3203 quem
692 3139 800 3188 dixerat
813 3140 907 3202 priore
925 3146 950 3188 et
966 3142 1115 3203 posteriore
1134 3155 1205 3199 casu,

241 3223 305 3272 quos
323 3211 410 3275 aliquo
429 3211 502 3260 modo
521 3211 618 3260 diserte
636 3211 788 3275 siqnipicare
809 3209 891 3259 Gaius
908 3225 956 3260 suo
975 3225 1045 3261 more
1063 3219 1135 3262 certo
1154 3227 1205 3262 non

239 3281 394 3344 supersedit.
415 3289 500 3330 utrum
513 3280 617 3331 scribac
630 3281 693 3344 quod
707 3281 729 3329 si
743 3297 777 3330 nn
793 3281 879 3346 quodsi
889 3297 985 3346 parum
999 3283 1089 3344 refert.

312 3454 338 3525 ξ.
360 3458 419 3508 125.
445 3457 484 3520 Os.
501 3457 701 3519 §§.ot.ttt.1tt.
726 3458 758 3511 L.
778 3471 798 3512 r.
824 3459 929 3508 &serat
946 3473 1013 3509 reae.
1033 3477 1058 3509 n.
1069 3476 1098 3524 p.
1113 3458 1204 3525 (nto).

240 3527 272 3577 L.
293 3539 314 3578 e.
334 3539 367 3577 12.
388 3539 421 3578 18.
448 3528 473 3578 0.
493 3529 525 3578 de
544 3543 602 3578 cxc.
621 3528 657 3594 (8,
677 3529 721 3595 tte).
795 3525 820 3598 ἓ.
842 3532 901 3581 126.
917 3552 950 3574 =
961 3546 1005 3594 pr.
1022 3529 1044 3580 I.
1064 3531 1096 3580 de
1113 3532 1204 3595 repltc.

240 3595 277 3662 (x,
297 3595 341 3662 14).
