2684 4112
300 273 408 310 sarran
427 273 572 310 narramur
590 272 753 308 resonasse
770 270 908 308 rsarsrss.
1025 253 1087 318 441

124 405 434 552 susurratur
447 406 968 553 struatduraturas
986 421 1076 528 ru

124 542 288 609 repetimus,
306 559 368 598 vioe
387 542 491 596 codicis
508 545 623 596 interim
641 558 700 596 esse
719 542 813 619 debet.
932 609 937 618 .
1036 610 1041 620 Ι

195 608 255 686 Qup
274 626 308 663 ex
326 625 413 688 opero
430 611 499 664 baec
517 611 678 688 fragmenta
695 609 775 663 nobrs
793 609 904 662 servata
916 611 979 687 sint,
998 611 1090 664 editor

125 692 160 730 ne
184 680 346 732 coniectura
369 677 653 756 qiudemusignrficat.
694 677 784 742 Quam
807 677 903 729 tamen
924 693 980 731 ram
1004 678 1089 732 solius

15 779 17 820 t
125 742 217 797 Paulli
236 747 265 798 et
284 745 399 814 Ulpiani
422 761 536 800 nomina
557 745 686 798 slmiliter
705 745 736 798 ut
757 745 787 797 in
805 743 1030 820 Berolinensibus
1054 762 1088 799 ex

15 823 16 838 ¹
125 810 276 882 Papiniani
302 813 441 891 responsis
464 813 661 882 superstitibus
683 812 854 866 membrams
876 811 961 864 minio
984 813 1089 890 passim

125 879 200 933 notis
229 884 406 949 praescripta
433 880 501 934 satis
530 882 593 934 tuto
621 879 793 933 indicabant.
844 878 900 932 Sed
928 883 1090 934 comectura

126 945 184 999 iam
201 962 273 1014 opus
290 965 346 1002 non
365 949 416 1002 est.
450 947 521 1002 Item
540 947 661 1002 confecit
678 963 816 1014 omneque
840 945 956 999 dubium
978 947 1090 1002 sustulit

128 1029 144 1066 a
166 1016 357 1084 compluribus
380 1015 470 1070 doctis
494 1016 574 1076 viris,
596 1015 626 1068 in
650 1013 801 1068 Germania
824 1030 841 1068 a
862 1013 1030 1068 Zachariaeo
1053 1015 1089 1068 da

126 1081 307 1149 Lingenthal,
318 1083 386 1136 alibi
396 1082 611 1149 abAlibrandio‚
623 1081 761 1136 Esmeinio
772 1083 800 1136 et
810 1081 939 1148 Scialoja‚
950 1082 1089 1136 referente

127 1147 156 1201 id
180 1149 233 1203 hoc
255 1151 318 1229 ipso
341 1151 359 1207 l.
385 1166 418 1215 c,‚
442 1150 518 1204 facta
541 1149 640 1204 eodem
662 1149 735 1215 fere,
759 1151 792 1202 ut
813 1149 938 1213 videtur,
962 1150 1089 1218 tempore

128 1216 303 1283 observatio,
322 1233 446 1286 eaquae
464 1219 493 1271 in
511 1235 577 1287 pag.
595 1217 619 1270 D
638 1217 733 1271 media
750 1215 894 1271 Darestius
911 1216 994 1284 legit,
1012 1217 1041 1270 in
1059 1217 1089 1275 L.

128 1284 208 1338 351).
228 1285 263 1338 de
276 1285 401 1342 statulib.
416 1292 467 1352 (40,
483 1292 516 1351 7),
535 1302 607 1354 quae
625 1285 654 1337 in
672 1285 766 1338 media
784 1301 848 1352 pag.
868 1285 901 1349 Η,
920 1285 949 1336 in
966 1283 995 1342 L.
1010 1291 1042 1339 50
1055 1285 1088 1339 D.

129 1350 164 1403 de
177 1367 300 1405 manum.
312 1355 423 1409 testam.
437 1356 490 1420 (40,
503 1354 530 1417 4)
549 1353 632 1406 modo
645 1352 755 1420 plenius
768 1355 797 1406 et
810 1353 987 1406 emendatius
1003 1352 1090 1406 verbo

127 1418 210 1470 tenus
233 1421 384 1486 contineri,
407 1422 528 1488 utroque
551 1436 618 1474 vero
641 1420 702 1472 loco
722 1420 869 1488 Papiniani
891 1435 1089 1488 responsorum

127 1484 202 1539 libro
221 1485 259 1538 IX
276 1487 420 1556 inscripto,
439 1488 467 1540 in
486 1504 541 1556 quo
560 1489 669 1542 constat
687 1487 722 1540 de
740 1487 1006 1543 manumissionibus
1024 1505 1089 1542 enm

127 1552 1089 1678 {assistatur{damnabattltassistatur

126 1687 293 1758 plerumque
312 1705 367 1743 non
386 1706 503 1756 merere,
522 1690 567 1744 cui
586 1689 782 1744 coniecturalis
800 1691 941 1744 restitutio
954 1693 1110 1759 tanquam'

127 1766 203 1811 certo
221 1756 406 1811 fundamento
418 1758 545 1811 insistere
558 1758 654 1826 possit.
680 1757 816 1823 Alterum,
836 1759 912 1826 quod
925 1758 966 1810 rei
981 1759 1091 1828 peritus

127 1825 211 1880 facile
238 1824 299 1894 ipse
328 1825 362 1878 de
386 1825 535 1888 rehendet,
567 1825 665 1894 plenos
692 1841 787 1880 versus
814 1826 843 1878 in
869 1825 959 1878 nostri
986 1825 1089 1879 codicis

127 1893 263 1946 columnis
280 1842 398 1961 perinde
416 1909 450 1946 ac
467 1893 497 1945 in
514 1892 689 1946 Berolinensi
705 1892 773 1946 folio
797 1893 955 1960 duplicato,
979 1893 1090 1947 litteras

128 1961 240 2014 circiter
250 1960 351 2029 viginti
361 1960 485 2028 quinque
495 1961 616 2037 paulpvs
629 1961 724 2030 plures
737 1960 783 2012 vel
795 1962 940 2030 pauciores
950 1961 1089 2022 habuisse,

127 2031 167 2091 ut,
187 2043 250 2080 cum
269 2028 382 2080 caetera
394 2043 505 2147 quogue
519 2029 683 2096 scrrpturae,
702 2027 764 2092 loci,
785 2029 945 2096 argumenti
962 2028 1090 2096 adeoque

127 2095 261 2148 similium
279 2096 402 2148 fatorum
420 2095 448 2146 in
470 2094 525 2148 icia
537 2103 586 2148 aut
598 2097 696 2163 aperte
709 2094 825 2148 mirifice
839 2097 1023 2160 consentiant,
1041 2099 1091 2150 aut

129 2165 206 2217 certe
225 2165 254 2216 in
274 2179 329 2229 quo
349 2161 538 2230 discrepantia
555 2163 604 2227 sit,
628 2165 860 2232 nonappareat1,
878 2165 998 2229 utraque
1017 2165 1089 2230 frag-

128 2231 227 2284 menta
245 2247 280 2284 ex
299 2231 399 2283 eodem
412 2229 507 2283 codice
520 2246 664 2298 superesse
677 2231 801 2284 maxima
813 2246 877 2283 cum
889 2230 1090 2298 probabilitate
1148 2242 1150 2246 ·

128 2299 250 2351 statuas:
271 2296 367 2351 codice
386 2313 452 2350 vero
465 2300 614 2366 praeterea
626 2297 802 2352 venerandae
816 2298 1006 2417 stnliguiiaffiflt
1024 2315 1090 2352 uam

127 2367 194 2433 post
212 2365 332 2418 abolitas
351 2381 368 2418 a
386 2364 569 2418 Constantino
588 2381 612 2421 a.
631 2373 679 2419 321
700 2367 729 2418 L.
744 2373 754 2418 1
769 2365 819 2422 Th.
834 2365 861 2422 O.
896 2381 995 2435 eresp.
1008 2365 1091 2434 prud,

127 2435 165 2500 (1,
178 2434 205 2499 4)
224 2432 340 2500 Ulpiani
358 2448 390 2485 ac
402 2431 494 2485 Paulli
507 2434 596 2497 notas,
615 2433 678 2500 quis
695 2433 779 2487 facile
792 2433 942 2502 Papiniani
958 2449 1001 2487 res
1024 2451 1092 2488 onsa

127 2516 194 2552 cum
222 2499 265 2551 his
292 2499 477 2553 describenda
501 2499 642 2553 dedisset?
679 2501 831 2554 Praeterea
852 2501 930 2570 prius
951 2451 1022 2554 illud
1044 2519 1090 2555 me

127 2565 229 2630 movit,
242 2567 341 2619 utnon
353 2567 437 2621 modo
451 2584 535 2636 quam
546 2566 692 2620 Darestius
701 2584 780 2622 suam
794 2568 862 2621 dicit
873 2569 1090 2634 restitutionem,

128 2649 294 2700 quanquam
311 2633 451 2689 interdum
469 2635 644 2704 ingeniosam
663 2638 692 2688 et
710 2651 818 2697 veram,
842 2637 1008 2704 praesertim
1026 2653 1090 2690 cum

127 2701 189 2754 fere
208 2717 345 2779 nusquam
364 2718 398 2756 ea
415 2703 529 2771 plenam
548 2704 717 2756 sententiam
734 2703 878 2770 praebeat,
897 2703 946 2757 sed
959 2708 988 2758 et
999 2705 1090 2772 ipsam

127 2768 189 2822 eius
208 2769 359 2822 leotronem
376 2771 406 2822 in
428 2770 570 2838 plerisque
596 2770 739 2839 ‘paginis',
765 2787 828 2823 cum
851 2770 1007 2825 lacerorum
1031 2788 1090 2825 ver-

126 2837 229 2890 borum
239 2836 286 2891 vel
296 2836 453 2890 litterarum
467 2838 526 2891 sine
537 2853 619 2891 sensu
630 2838 731 2891 relatio
743 2839 831 2907 magis
841 2839 965 2892 taedium
975 2855 1090 2893 movere

127 2921 216 2972 quam
245 2904 400 2958 utilitatem
431 2905 555 2972 aliquam
583 2904 685 2959 lectori
715 2904 815 2960 afferre
842 2907 947 2974 possit,
977 2909 1090 2960 omnino

127 2973 291 3025 omitterem
310 2973 477 3039 tantumque
496 2973 601 3026 selecta
618 2990 652 3026 ex
671 2989 713 3039 ea,
734 2988 805 3039 quae
818 2974 881 3026 usui
894 2989 954 3026 esse
967 2977 1089 3042 possent,

125 3055 224 3160 tuat
245 3038 413 3175 ulutatu
430 3040 537 3161 ruit
555 3039 1090 3176 astusartuslustrata

126 3174 294 3228 dubitanter
315 3173 371 3227 iam
395 3190 468 3227 nuno
492 3149 565 3227 effi’ci
606 3191 665 3228 osse
685 3176 842 3241 videbatur,
866 3176 937 3230 etD
962 3178 990 3230 et
1036 3176 1090 3242 ,in

105 3243 198 3310 'quas
217 3241 346 3318 incidunt
364 3239 393 3299 L,
408 3248 440 3295 35
453 3244 481 3295 et
498 3241 527 3294 L.
540 3249 572 3296 50
584 3193 617 3301 B.
637 3243 710 3304 citt,
728 3244 761 3296 ut
777 3245 853 3312 quod
870 3243 905 3297 de
922 3244 955 3296 iis
969 3242 1091 3297 diximus

51 3343 53 3347 -
126 3309 218 3362 lector
235 3323 350 3378 proprro
370 3309 472 3363 obtutu
490 3309 600 3364 facilius
619 3310 772 3364 diiudicare
790 3310 885 3380 possit.

202 3483 222 3551 ¹)
237 3485 291 3535 Noli
311 3494 389 3536 tamen
408 3495 505 3550 putare,
525 3488 565 3551 qui
584 3503 652 3537 error
671 3488 779 3538 Darestio
800 3487 875 3536 fraudi
896 3486 971 3534 fuisse
989 3483 1091 3549 videtur,

128 3570 180 3605 eam
191 3571 262 3620 quarn
273 3558 435 3607 berolinensis
451 3559 500 3608 lolii
515 3559 630 3608 habemus
645 3559 770 3620 imaginem
782 3558 952 3620 llrdgeriauarn
963 3555 1091 3606 scribendo

126 3627 277 3691 aliquatenus
293 3629 454 3678 assimulatam
469 3645 523 3679 csse
538 3630 757 3694 photograplicanr.
