2678 4116
421 241 481 278 can
498 241 600 278 rasura.
619 223 653 277 Il.
672 225 780 281 ta-to.
1023 185 1087 293 235

117 371 129 390 “
183 377 229 444 oo.
244 383 317 459 Ergo
334 399 366 440 eu
381 383 433 456 his,
450 399 518 455 quae
533 382 663 455 diximus,
680 381 806 459 adparet,
825 382 955 458 quaedam
970 385 1085 442 naturali

116 472 178 528 iure
192 467 312 544 alienari,
329 467 417 542 qualia
433 477 497 524 sunt
513 483 560 539 ea,
583 483 651 542 quae
668 467 811 524 traditione
826 467 987 540 alienantur,
1003 485 1085 544 quae-

116 555 180 610 dam
194 553 284 621 ciuili3
300 569 361 609 nam
376 553 583 626 mancipationis
599 559 627 608 et
642 554 669 608 in
684 552 742 607 iure
753 553 883 610 cessionis
898 561 926 610 et
942 555 1084 629 usucapio·

116 640 160 696 uis
177 639 219 694 ius
234 638 376 712 proprium
392 645 434 693 est
449 638 549 694 ciuium
564 637 757 694 Romanorum.

49 734 103 787 [rao]
182 716 231 782 66.
252 721 308 778 Nec
330 730 416 778 tamen
438 737 469 778 ea
489 729 610 792 tantum,
631 736 705 796 qnae
727 719 870 777 traditione
890 731 985 778 nostra
1005 721 1084 795 liunt,

116 805 236 865 naturali
251 803 331 863 nobis
346 806 451 862 ratione
467 805 656 879 adquiruntur,
673 803 722 861 sed
737 805 817 860 etlam
832 799 910 862 eum¹
926 807 1084 881 occupando

114 892 179 949 ideo
190 883 524 965 'rescomparauerimus,²
535 891 602 964 quia
614 887 802 946 anteanullius
813 899 913 959 essent,
926 891 1013 964 qualia
1021 901 1085 948 sunt

115 977 217 1048 omnia,
240 991 309 1049 quae
325 983 405 1046 terra,
427 967 519 1046 mari,³
539 973 617 1032 coelo
638 975 792 1048 capiuntur.
832 967 878 1030 d'l.
894 973 989 1048 ltaque
1004 977 1027 1031 ri
1039 975 1086 1050 fe·

115 1076 175 1117 ram
189 1061 303 1117 bestiam
319 1067 366 1115 aut
381 1057 520 1116 uolucrem
533 1067 579 1115 aut
591 1060 691 1133 piscem
707 1058 887 1131 ’ceperimus
904 1061 1086 1133 simulatque

114 1154 226 1220 captum
238 1143 332 1216 suerri
345 1145 400 1200 lanc
415 1145 539 1214 animat,
556 1151 560 1205 Ι
577 1137 686 1200 statim⁴
700 1149 829 1199 nostrum
849 1146 898 1216 pit,
920 1151 947 1199 et
962 1159 1086 1217 eousque

118 1237 245 1286 nostrum
261 1245 322 1285 esse
337 1227 516 1302 intellegitur,
535 1220 643 1306 idoneo
659 1236 753 1284 nostra
772 1229 896 1284 custodia
912 1237 1084 1298 coerceatur3
1095 1235 1134 1286 70.

115 1330 179 1388 cum
201 1329 266 1380 uero
285 1311 434 1369 custodiam
455 1320 576 1368 nostram
598 1313 717 1368 suaserit
737 1319 765 1368 et
785 1313 812 1368 in
834 1311 983 1369 naturalem
1005 1312 1085 1369 liber-

116 1406 203 1454 tatem
218 1413 247 1452 se
262 1397 417 1472 receperit,
436 1411 532 1452 rursus
554 1397 711 1471 occupantis
733 1394 777 1468 fit,
801 1397 863 1470 quia
883 1406 1009 1454 nostrum
1025 1413 1085 1456 esse

115 1474 262 1538 ’desiuit:⁶
281 1480 431 1538 naturalem
451 1489 541 1537 autem
561 1481 713 1538 libertatem
733 1475 855 1556 recipere
877 1481 1001 1553 uidetur,
1024 1499 1085 1539 cum

116 1573 167 1622 aut
184 1563 277 1622 oculos
292 1573 402 1622 nostros
418 1566 551 1642 euaserit,
571 1573 618 1622 aut
638 1565 703 1622 licet
718 1567 747 1622 in
762 1573 911 1640 conspectu
925 1568 962 1622 sit
977 1576 1083 1636 nostro,

115 1647 235 1706 difficilis
258 1657 346 1708 tamen
367 1651 395 1706 in
416 1667 446 1706 re
466 1651 524 1706 eius
544 1641 720 1725 persecutio⁰
741 1651 786 1707 sit.
823 1647 874 1707 68.
890 1649 919 1706 in
939 1653 974 1707 ris
995 1659 1085 1708 autem

116 1732 289 1806 animalibus,
306 1751 374 1808 quae
389 1749 421 1790 cr
436 1734 633 1791 consuetudine
649 1733 723 1791 abire
738 1742 766 1792 et
781 1735 869 1791 redire
881 1733 982 1807 solent,
1000 1735 1085 1791 ueluti

115 1817 251 1876 columbis
264 1827 292 1875 et
303 1818 408 1894 apibus,
422 1820 487 1876 item
500 1820 599 1892 cernis,
610 1820 658 1892 qui
669 1820 696 1874 in
709 1819 792 1874 siluas
803 1821 843 1874 ire
855 1809 1085 1889 etrediresolent,

117 1903 204 1960 talem
229 1901 359 1960 hahemus
385 1903 507 1976 regulam
527 1902 666 1975 traditam,
695 1911 725 1958 ut
750 1904 772 1958 si
792 1903 948 1960 reuertendi
969 1904 1085 1958 animum
1164 1931 1166 1936 ·

116 1986 219 2044 habere
240 1987 385 2060 desierint,
407 1989 486 2044 etiam
501 1995 595 2044 nostra
610 2003 670 2044 esse
686 1985 810 2043 desinant
826 1996 854 2044 et
872 1984 938 2042 liant
954 2002 1085 2062 occupan-

116 2074 203 2128 tium:
231 2071 388 2130 reuertendi
413 2080 503 2128 autem
529 2073 646 2128 animum
675 2070 804 2128 uidentur
831 2071 955 2127 desinere
976 2069 1085 2144 habere,

115 2173 181 2214 cum
202 2155 359 2214 reuertendi
379 2155 604 2214 consuetudinem
626 2155 809 2213 deseruerint.
843 2150 892 2214 69.
910 2153 946 2210 lla
967 2171 1086 2230 quoquc,

116 2257 188 2316 quae
205 2257 237 2298 eu
253 2239 376 2297 hostilius
393 2241 551 2316 capiuntur,
567 2240 681 2298 naturali
696 2241 801 2297 ratione
817 2247 911 2297 nostra
927 2238 1004 2296 liunt.

182 2319 233 2383 70.
250 2325 304 2382 Sed
319 2333 347 2382 et
361 2325 399 2398 id,
422 2325 495 2400 quod
510 2341 560 2400 per
574 2325 741 2382 alluuionem
755 2323 833 2382 nobis
848 2325 970 2387 adicitur,
992 2323 1086 2381 eodem

117 2412 179 2466 iure
195 2418 321 2486 nostrum
337 2408 381 2466 fit:
403 2427 453 2486 per
468 2410 631 2494 alluuionem
647 2417 737 2466 autern
753 2411 783 2466 id
798 2409 906 2466 uidetur
920 2409 998 2480 adici,
1014 2410 1091 2484 quod,

173 2577 176 2586 ’
194 2557 215 2626 ¹)
229 2569 246 2611 u
260 2560 353 2612 Salied.
368 2561 469 2612 Bluhm.
486 2562 571 2624 suerit
585 2571 622 2610 cu.
693 2559 714 2627 ¹)
728 2560 773 2611 Sic
787 2577 857 2612 manc
875 2562 926 2627 (ed.
940 2560 964 2627 5)
980 2577 1032 2626 pra
1047 2576 1087 2611 ros

119 2632 308 2696 adquisierimus
325 2635 423 2697 scripsi
438 2634 498 2696 fere
516 2648 551 2682 em·
574 2632 600 2681 V
599 2628 627 2680 Ι).
660 2632 692 2681 In
704 2633 737 2683 .0.
754 2633 839 2696 fuerit
855 2648 896 2682 res
916 2633 1086 2697 c'pauerimna.

122 2699 145 2767 8)
161 2719 206 2768 quc
222 2704 298 2753 addit
316 2699 362 2754 γ’*
375 2705 486 2768 pallidis
504 2705 612 2761 litteris,
631 2710 659 2752 at
677 2705 729 2768 lepi
744 2706 829 2767 possit
843 2719 943 2768 quaeue.
1007 2700 1030 2769 4)
1043 2702 1088 2752 Eae

124 2771 172 2823 V'i
190 2776 309 2838 priorem
331 2776 518 2825 restitutionem
532 2776 625 2837 paullo
646 2775 789 2833 immutari,
808 2782 946 2840 postquam
964 2775 1088 2833 constitit,

115 2847 231 2910 primam
246 2847 358 2895 litteram
373 2847 457 2895 ultimi
470 2860 594 2895 messes.
652 2841 673 2911 ⁵)
688 2845 778 2893 desinit
793 2846 819 2894 0.
834 2845 891 2895 edd.
907 2847 984 2896 etiam
998 2861 1052 2895 mea
1068 2859 1087 2896 r.

120 2913 144 2982 ⁶)
159 2917 196 2966 rei
209 2917 318 2980 psecntio
330 2916 356 2967 0.
372 2913 442 2984 inirei
456 2916 519 2982 (pro
530 2914 591 2982 rcc')
601 2917 738 2979 persecutio
753 2911 805 2984 Vll.
829 2917 865 2965 rei
875 2916 1010 2980 persecutio
1020 2917 1087 2978 edd,

119 2985 166 3036 uhi
184 2987 221 3036 rei
240 2994 278 3036 est
292 2987 467 3046 intolerabile,
487 2988 555 3037 unde
573 2987 613 3036 ed.
628 2998 648 3038 o.
669 3003 703 3036 era
722 2985 786 3036 Inst.
805 2989 962 3050 scripseram
982 2988 1033 3036 eius
1054 2986 1088 3052 (et

117 3059 160 3108 sic
174 3058 215 3107 ed.
230 3056 325 3124 Sica).
353 3057 407 3108 Sed
423 3057 504 3108 Gaias
517 3058 566 3108 lma
580 3058 658 3113 dicit,
677 3058 811 3120 difficilem
824 3073 879 3108 esse
894 3065 1015 3122 oportere
1025 3074 1087 3122 per·

117 3130 277 3178 secutionem
290 3145 342 3180 non
357 3129 430 3180 nobis
444 3136 550 3187 tantum,
563 3129 611 3178 sed
624 3130 651 3177 in
666 3130 725 3192 ipsa
739 3143 776 3180 re.
792 3129 827 3192 cf.
839 3144 882 3188 eae.
895 3146 937 3196 pr.
949 3130 982 3179 L.
997 3141 1018 3181 t.
1033 3132 1056 3192 §-
1066 3141 1087 3181 1.

118 3199 153 3248 D.
169 3201 201 3249 de
216 3207 317 3263 except.
332 3198 378 3266 (44,
393 3199 424 3266 1).

193 3320 219 3392 ξ.
236 3326 277 3376 65.
295 3325 367 3388 Cflss.
382 3337 417 3376 ιι.
436 3322 505 3374 Lde
520 3339 573 3374 rer.
586 3324 638 3374 dia.
653 3321 726 3388 (nt).
746 3323 899 3388 L.1pr.l).
915 3325 947 3372 de
961 3338 1018 3386 aeq.
1033 3339 1087 3374 rer.

119 3395 187 3446 dam.
203 3393 249 3460 (41,
265 3393 296 3460 ι).
318 3395 370 3445 dic.
385 3396 417 3444 de
432 3395 500 3458 offic.
512 3407 532 3458 1,
543 3407 578 3446 re.
633 3391 677 3464 ἓξ.
689 3397 802 3446 ott-os.
820 3395 858 3458 Cf.
875 3395 906 3445 L.
923 3406 942 3442 1.
958 3394 982 3454 ξ.
998 3405 1017 3443 1.
1033 3393 1088 3444 Le

116 3481 162 3528 pr.
177 3467 201 3528 5.
217 3477 237 3518 e.
257 3466 289 3516 L.
304 3477 324 3518 o.
341 3483 384 3530 pr.
400 3467 422 3528 §-
438 3476 459 3516 a.
479 3465 512 3515 D.
527 3467 559 3516 de
573 3481 629 3531 aeq.
644 3483 697 3516 rer.
712 3467 778 3516 dam.
795 3464 891 3532 (tm).
911 3465 950 3525 ἐξ.
966 3475 999 3514 12.
1015 3473 1047 3514 15.
1064 3463 1089 3512 I.

121 3536 153 3585 de
167 3552 221 3586 rer.
236 3537 287 3587 diu.
304 3537 336 3604 (2,
351 3536 383 3600 1).
438 3532 464 3605 ξ
480 3539 522 3588 69.
540 3537 578 3594 Of.
590 3537 621 3586 L.
637 3548 657 3588 5.
674 3539 698 3599 ξ.
713 3549 733 3589 l.
753 3537 785 3586 D.
796 3536 852 3586 eod.
868 3536 890 3597 ἕ.
902 3546 935 3586 lt.
955 3533 1027 3586 Ltii.
1043 3535 1087 3584 cil.

120 3602 147 3676 ξ.
164 3609 205 3658 το.
223 3607 261 3671 Os.
278 3608 308 3657 L.
324 3621 344 3659 r.
359 3610 382 3670 ς.
398 3619 418 3658 1.
439 3608 471 3656 D.
486 3609 524 3657 rit.
540 3609 583 3658 etr.
600 3609 623 3668 ς.
638 3607 762 3659 rodam
778 3609 821 3656 cit.
