2694 4110
131 955 433 1030 FRAGMENTA
464 952 591 1027 IVRIS
619 953 808 1025 Roaiam
840 953 1094 1028 SINAITIOA.

197 1105 239 1158 Ex
256 1105 331 1159 foliis
349 1104 530 1173 papyraceis,
549 1119 621 1180 quae
641 1102 836 1180 conglutinata
852 1102 926 1157 inter
947 1120 976 1157 se
994 1119 1094 1158 manu-

131 1173 236 1242 scripto
259 1172 371 1226 cuidam
395 1170 558 1225 monasterii
580 1169 708 1224 Sina1ticr
731 1169 803 1224 libro
822 1183 872 1240 pro
895 1171 1093 1242 integumento

132 1242 220 1304 erant,
238 1239 282 1292 vir
300 1239 406 1293 Graece
420 1238 518 1292 doctus
530 1237 726 1304 Bernardakis,
747 1237 911 1292 scholarcha
922 1237 1091 1307 Mytilenen-

131 1309 176 1428 ἷξε,
196 1306 313 1427 prims?
330 1305 490 1426 solutffirtrcp
504 1321 538 1359 ea
555 1321 628 1426 ᾳιιέθ
645 1305 691 1384 hic
710 1305 1006 1426 edimijbstagmeffltss
1020 1307 1089 1426 itilrris
1151 1392 1154 1404 Χ

130 1389 426 1506 attuatii
448 1388 697 1495 caluariae?
710 1389 984 1510 attitulata
1009 1389 1093 1510 trit?

129 1508 229 1588 positis
242 1507 288 1562 vel
299 1507 454 1562 interiectis
487 1507 637 1586 artimque,
652 1509 685 1560 ut
717 1509 796 1562 ostea
808 1510 994 1578 compertum,
1007 1509 1092 1564 modo

129 1595 159 1630 m
186 1576 290 1639 fronte,
313 1575 343 1628 in
364 1591 459 1641 nonnu
485 1575 506 1628 ‘s
533 1576 620 1630 etiam
642 1575 673 1628 in
695 1526 776 1629 dorso
799 1577 928 1642 exarata,
952 1577 1092 1644 quatenus

130 1645 186 1698 scri
203 1647 268 1698 tura
283 1643 330 1698 hic
347 1643 406 1697 illic
424 1660 563 1764 Ecrquam
579 1643 653 1696 male
671 1642 769 1697 habita
786 1643 964 1711 patiebatur,
983 1644 1090 1698 curiose

130 1713 160 1766 et
203 1710 320 1765 ‘stinctis
344 1711 385 1764 sin
406 1729 425 1764 u
448 1729 461 1764 s
483 1711 610 1766 versibus
638 1709 786 1778 descripsit
812 1710 1009 1778 descriptaque
1035 1711 1092 1762 Ru-

130 1779 244 1857 dolpho‘
255 1777 373 1833 Darestc
386 1728 517 1832 {aridos
538 1778 627 1855 misit,
651 1776 702 1854 qui
725 1793 759 1830 ea
776 1776 874 1854 ordine
893 1792 939 1842 eo,
963 1793 1019 1855 quc
1038 1778 1092 1831 sibi

129 1849 292 1900 transmmsa
318 1847 411 1912 erant,
439 1861 505 1898 sane
528 1846 676 1899 arb1trar10
699 1861 725 1898 a.
750 1849 816 1898 1880
839 1861 868 1896 m
892 1843 1032 1898 ‘Bulletm
1056 1843 1093 1898 de

130 1912 369 1991 correspondance
387 1912 560 1980 helleniquc’
580 1911 661 1988 Tem:
676 1910 717 1964 IV
732 1929 765 2032 tp
783 1915 928 1966 lle-460
951 1926 1091 1991 commcn-

129 1978 566 2124 iactatiactat&
582 1977 1091 2125 lata⁰⁵amtliatintt⁰al

129 2118 179 2168 643
191 2129 248 2181 seq.
267 2113 319 2166 sub
337 2113 440 2167 litteus
451 2113 535 2166 A-R
553 2130 583 2166 1n
600 2112 745 2179 pubhoum
759 2112 856 2179 edrdrt,
875 2114 974 2182 qurbus
991 2115 1091 2182 postea

129 2181 302 2236 commodius
327 2179 437 2233 numeri
465 2186 559 2234 1-20
587 2179 708 2234 totidem
733 2182 851 2250 paginas
869 2181 915 2236 vel
932 2181 1092 2252 fragmenta

128 2247 318 2326 significantes
347 2247 492 2326 substituti
519 2248 591 2302 sunt.
633 2245 774 2326 Nimirum
800 2248 901 2302 deinde
929 2249 1014 2304 etiam
1041 2265 1091 2327 no·

128 2318 234 2462 um
247 2315 476 2460 aarum
490 2315 1091 2460 cacaliaeadrumetum

113 2450 453 2505 ¹lat1on1busmenstru1s
476 2451 555 2504 acad.
578 2449 699 2504 Berolm.
724 2466 749 2506 a.
774 2455 838 2505 1881
862 2469 890 2520 p.
908 2457 956 2505 eal
975 2468 1034 2530 seq.
1061 2453 1091 2506 et

128 2519 357 2614 sequentianno
383 2516 489 2572 Paulus
520 2519 630 2588 liniger
658 2519 688 2570 in
718 2517 862 2573 ‘Zeitschn
879 2519 922 2597 d.
952 2519 1088 2598 day1gny-

128 2586 1090 2733 stitiaillalzqatifrllaactualitati?all:

126 2671 240 2786 disum,
259 2721 402 2776 interdum
420 2721 570 2775 obscurum
589 2721 639 2774 est.

195 2788 307 2843 Scholia
323 2791 394 2843 haec
413 2805 472 2842 esse
491 2789 556 2842 ante
568 2787 756 2842 Iustinianum
775 2788 824 2842 sed
841 2789 907 2857 post
919 2786 1090 2842 Theodosia·

126 2873 194 2911 num
221 2856 347 2912 codicem
374 2857 483 2911 editum
509 2855 650 2920 confecta,
680 2871 715 2908 ex
740 2855 807 2923 ipsis
832 2856 923 2924 primo
952 2855 1088 2925 adspectu

125 2925 219 3005 patet3
239 2925 366 2994 spectare
386 2941 420 2979 ca
431 2923 546 2993 Ulpiani
563 2922 650 2976 libros
662 2921 698 2975 LI
711 2922 747 2976 ad
760 2921 901 2986 Sabinum,
921 2940 973 2978 nec
991 2925 1088 2978 tamen

125 2993 194 3060 1psis
211 2991 267 3044 illis
285 2991 364 3045 libris
382 2991 552 3060 praemissis,
571 2989 620 3044 sed
633 3005 668 3043 ex
680 2989 723 3056 iis,
741 2990 790 3059 qui
801 2990 831 3044 in
842 2991 939 3046 titulos
952 2992 1087 3060 titulique

125 3060 155 3112 in
173 3058 268 3126 capita
285 3057 499 3123 distribuuntur,
517 3057 634 3128 singulis
651 3056 729 3120 locis,
749 3057 784 3111 ad
803 3075 872 3127 quos
891 3059 1088 3113 adnotationes

127 3127 338 3196 (uupuypopcil
361 3127 406 3180 vel
428 3125 536 3181 indices
556 3125 714 3194 pertinent,
737 3143 789 3194 per
809 3127 949 3194 exscripta
966 3125 1089 3181 initialia

34 3190 58 3273 ,’
125 3194 292 3262 plerumque
310 3194 398 3248 verba
415 3193 559 3257 indicatis,
579 3191 763 3246 Zachariaeus
780 3195 902 3248 maxime
921 3210 954 3247 ex
972 3195 1005 3246 fr.
1024 3199 1039 3246 8
1058 3194 1089 3247 et

129 3267 159 3316 17
187 3261 290 3315 docuit.
334 3259 410 3325 Quae
438 3259 512 3314 enim
538 3261 685 3330 praeterea
712 3261 742 3313 in
764 3278 844 3314 usum
870 3261 1007 3314 vocantur
1028 3259 1086 3314 sive

126 3328 378 3382 iureconsultorum
404 3327 527 3396 scripta,
553 3329 611 3382 sive
638 3328 841 3394 imperatorum
863 3326 1085 3392 constitutiones,

126 3413 223 3451 eorum
241 3395 400 3462 allegantur
416 3396 528 3449 tantum
545 3396 611 3449 libri
629 3395 658 3449 et
675 3393 760 3460 tituli,
777 3394 919 3448 interdum
937 3394 1023 3456 etiarn
1034 3393 1085 3446 mi-

124 3464 187 3518 nuti
204 3463 315 3518 articuli
333 3463 463 3529 numeris,
482 3464 515 3516 ut
532 3462 646 3517 Graecis
664 3477 724 3514 mos
742 3463 811 3528 crat,
831 3461 979 3530 designati,
1015 3461 1086 3514 Sunt

124 3533 221 3586 autem
240 3532 427 3600 praeterires
446 3529 570 3597 codices,
593 3529 676 3596 areg.
696 3527 791 3587 Herm,
810 3531 838 3582 et
856 3527 962 3583 Theod.
982 3530 1011 3584 et
1032 3530 1086 3582 sin-
