2680 4112
546 249 569 282 n.
589 247 699 284 anucws.
857 241 864 251 '
1060 242 1100 300 89

140 371 248 435 labant:
267 378 294 428 et
310 365 421 428 odbnc¹
438 373 465 427 in
481 375 666 429 aestimatione
678 376 800 430 censoria
815 390 859 430 aes
874 374 1003 432 iniectum
1019 376 1102 432 rudus

140 454 305 528 appellatur.
340 455 451 510 rudiarii
474 455 505 511 ab
527 457 621 512 carleno
643 458 779 530 dicuntur,
801 457 874 532 quod
889 475 953 532 saga
968 475 1039 516 noua
1053 476 1102 533 po·

139 533 253 598 liunt'.²
267 568 309 580 -
325 539 398 594 Fest.
415 557 439 593 v.
456 539 546 594 Rodus
562 557 589 613 p.
607 539 678 597 265.

203 633 255 694 20.
271 638 440 709 Tuditantes,
452 641 598 696 tundentes
609 645 750 714 nepotium
758 645 777 697 i.
789 657 813 697 e.
826 649 939 715 apentes
951 641 1102 716 significare

141 721 178 778 ait
195 722 302 778 Cincius
324 725 360 778 dc
375 726 472 780 uerbis
486 717 617 794 priscis.³
631 755 667 764 —
682 724 753 780 Fest.
772 743 796 780 v.
813 725 969 782 Tuditantes
985 743 1012 800 p.
1030 726 1100 784 352.

205 819 250 879 21.
275 822 389 878 Gentilis
411 821 509 878 dicitur
530 831 557 878 et
580 840 610 878 ex
634 824 728 880 eodem
750 841 850 898 genere
866 835 942 882 ortus
958 835 985 883 et
999 829 1031 898 is,
1055 828 1102 901 qui

139 905 220 961 simili
239 908 350 962 nomine
371 905 537 978 appellatur;
559 915 589 962 ut
608 909 646 963 ait
661 907 781 964 Cincius:
803 908 931 964 ‘Gentiles
948 911 1010 966 mibi
1027 919 1101 981 suut,

139 991 271 1130 qui9p1neo
294 990 403 1045 nomine
425 989 619 1062 appellantur’.
637 1021 673 1030 —
690 991 765 1047 Paul.
788 1009 832 1066 ep.
853 991 926 1049 lest.
948 1011 973 1054 v.
990 993 1100 1050 Gentilis

139 1091 168 1146 p.
229 1115 235 1128 .

90 1191 136 1238 [aa]
207 1168 255 1228 22.
277 1173 364 1230 Notio
379 1176 408 1228 in
424 1176 524 1232 eadam
539 1182 620 1230 terra
635 1175 778 1232 bominum
792 1191 884 1250 penus
900 1183 1000 1232 natum.
1042 1177 1101 1232 Cin-

139 1261 204 1313 cius
218 1273 309 1330 penus
323 1259 476 1329 lominum,
492 1262 542 1330 qui
555 1277 612 1315 non
628 1261 745 1315 aliunde
760 1267 912 1331 uenerunt,
927 1261 974 1316 sed
990 1260 1025 1316 ibi
1040 1265 1103 1318 uati

138 1347 221 1411 sunt,
236 1341 392 1414 sipnificuri
412 1345 468 1413 ait,
489 1345 618 1414 idemque
639 1344 774 1400 nationem
790 1344 827 1398 ait
841 1361 897 1402 non
913 1351 1023 1401 tantum
1038 1349 1100 1402 uni-

141 1427 252 1480 uerrina
271 1427 304 1479 ata
324 1424 446 1482 omnibus
467 1425 512 1482 sed
529 1430 613 1482 etiam
628 1428 663 1482 de
677 1428 872 1500 rinpnluribus
885 1429 1042 1486 bominibus
1058 1447 1100 1486 sea

142 1509 259 1562 iunctim
275 1509 331 1564 dici
343 1511 447 1566 solare.
463 1539 505 1550 -
520 1507 592 1565 Fest.
607 1527 633 1566 v.
648 1510 724 1566 Natio
741 1528 768 1584 p.
786 1511 855 1568 166.

207 1603 255 1666 23.
277 1606 376 1664 Naccae
398 1609 567 1682 appellantur
588 1610 673 1684 uulgo
696 1611 831 1683 fullones,
853 1621 884 1667 ut
905 1613 940 1668 ait
956 1611 1099 1686 Curiatius,

138 1689 215 1764 quod
230 1693 307 1747 nauci
323 1709 376 1748 non
392 1694 456 1765 sint,
471 1693 497 1748 id
514 1693 587 1766 quod
602 1701 643 1750 est
660 1693 760 1750 nullius
774 1697 865 1768 pretii.
891 1695 963 1752 idern
978 1697 1100 1754 sentiret

138 1774 258 1830 Cincius.
276 1805 313 1814 —
330 1774 401 1831 Fest.
418 1794 443 1835 r.
459 1777 558 1832 Nareae
573 1771 601 1850 p.
620 1777 690 1835 166.

202 1871 253 1932 24.
276 1874 395 1931 Naucunr
417 1877 453 1932 ait
475 1877 569 1933 Ateius
591 1877 748 1952 philologus
770 1879 835 1952 poni
857 1893 907 1952 pro
922 1880 1012 1951 nugis.
1042 1879 1100 1934 Cin·

138 1960 209 2029 cius,
231 1957 324 2014 ’cutim
347 1959 421 2014 oleae
442 1961 529 2034 nucis,
553 1975 622 2034 quae
643 1962 717 2017 intus
740 1955 802 2018 sit.⁴
822 1991 862 2002 -
878 1959 953 2018 llest.
973 1979 998 2018 v.
1020 1961 1101 2018 Nauci

136 2060 167 2116 p.
186 2041 257 2099 166.

180 2190 188 2200 .
203 2137 248 2200 25.
271 2141 383 2215 Nuptias
398 2141 482 2198 dictas
500 2185 605 2200 .....
621 2143 712 2200 Aelius
728 2151 755 2200 et
770 2143 885 2208 Cincius,
903 2144 963 2217 quia
978 2143 1101 2200 flammeo

138 2233 220 2299 caput
242 2225 368 2281 nubentis
392 2226 565 2299 obuoluatur‚
588 2227 661 2301 quod
683 2229 787 2301 antiqui
810 2227 948 2283 obnubere
962 2228 1100 2284 uocariut:

138 2309 174 2365 ob
200 2325 279 2382 quarn
303 2325 407 2366 causam
429 2310 518 2384 legem
542 2328 650 2384 quoque
672 2306 895 2367 ’Praenestinam⁶
914 2309 1006 2368 iubere
1022 2320 1102 2385 caput

139 2395 200 2448 eius
222 2393 371 2467 obnubere,
394 2395 440 2467 qui
455 2403 593 2466 parentem
608 2397 771 2468 uecauisset,
796 2395 868 2468 quod
884 2403 926 2451 est
942 2394 1100 2452 obuoluere.

140 2505 184 2518 -
198 2475 269 2532 Fest.
285 2495 313 2534 v.
328 2477 438 2550 Nuptias
453 2495 482 2551 p.
500 2478 570 2536 170.

207 2571 252 2635 26.
274 2578 414 2635 Nouulem
430 2595 528 2652 agrum
546 2619 651 2636 .....
669 2579 775 2636 Cincius
792 2595 853 2634 eum
869 2595 939 2650 esse,
960 2579 1005 2634 ubi
1021 2585 1101 2635 terra

138 2663 203 2716 sine
218 2663 335 2718 cultura
351 2663 391 2718 acl
403 2680 507 2718 nouam
524 2671 670 2718 sementen]
685 2663 722 2718 sit
741 2663 847 2719 relicta.
862 2692 904 2704 -
919 2661 992 2719 Fest.
1007 2679 1033 2718 v.
1050 2661 1102 2718 No·

138 2744 229 2800 nalem
246 2761 341 2818 agrum
358 2763 385 2820 p.
404 2745 473 2802 174.

204 2823 250 2885 27.
274 2827 409 2884 Obstitum
430 2828 549 2885 Cloatius
570 2835 597 2885 et
612 2828 703 2885 lelius
719 2827 787 2885 Stilo
809 2845 869 2884 esse
884 2831 957 2885 aiunt
972 2828 1102 2885 uiolatum

138 2920 327 2985 attactumqnc
343 2913 375 2969 de
392 2913 475 2969 caelo.
506 2911 627 2984 Cincius,
649 2930 730 2986 quom
747 2913 792 2986 qui
807 2913 858 2969 deo
874 2913 1102 2970 deaeueobstite·

137 2998 186 3067 rit,
209 2993 306 3068 idest,
331 2997 376 3069 qui
399 2996 507 3066 uiderit,
532 2997 604 3068 quod
627 2997 713 3052 uideri
735 2997 810 3052 nelas
831 3005 911 3052 esset.
927 3027 969 3036 -
984 2995 1056 3052 Fest.
1078 3013 1102 3051 v.

138 3079 278 3134 Obstitum
293 3097 321 3152 p.
339 3079 409 3136 193.

204 3157 254 3220 28.
274 3163 478 3220 Praecidouea
500 3179 594 3234 porca
609 3165 746 3234 producta
767 3163 867 3236 syllaba
888 3161 1015 3221 secunda
1034 3179 1102 3235 pro·

136 3247 309 3303 nuncianda
326 3254 384 3311 est;
405 3250 482 3320 quod
496 3251 584 3320 enim,
600 3255 630 3303 ut
645 3249 681 3302 ait
695 3247 725 3302 L.
743 3246 867 3318 Cincius,
885 3255 1039 3322 antequam
1054 3265 1103 3303 no·

214 3407 235 3476 ¹)
249 3409 397 3473 Suppleni.,
414 3405 434 3476 ²)
451 3411 586 3461 Postrema
604 3411 682 3460 uerbo
697 3412 811 3474 fortasse
826 3427 916 3462 navum
933 3410 1002 3458 Festi
1015 3412 1103 3457 lemma

134 3489 205 3531 sunt.
239 3477 260 3545 8)
276 3480 321 3529 Era
334 3481 440 3530 Hertzia‘
453 3483 484 3544 ej.
515 3478 536 3546 ⁴)
554 3481 679 3538 Correxi,·
698 3483 761 3545 quod
780 3483 804 3530 in
823 3482 887 3530 aleae
906 3479 974 3528 nucis
989 3478 1051 3542 quod
1066 3479 1103 3526 in-

136 3559 175 3600 tus
190 3552 224 3600 sii
240 3551 285 3600 Od.
301 3551 359 3600 edd.
390 3548 411 3616 ⁶)
425 3551 469 3600 Ex
483 3547 593 3617 Berploiz'
607 3554 638 3614 cj.
654 3559 788 3615 parenstam
800 3551 844 3600 Cd.
863 3550 919 3599 An:
934 3556 1102 3612 peruetusiam.
