2700 4118
283 223 346 288 674
451 243 642 279 nosternon.
662 243 753 279 nsovn
771 242 878 279 conum
898 224 970 278 VIII.
990 229 1068 278 6-7.

345 369 412 445 llap.
430 369 459 428 V.
497 370 623 429 Paulus
645 371 735 428 libro
758 373 1012 428 sententiarum
1034 373 1153 446 quinto
1176 373 1316 436 subrent]

283 454 393 511 titulo
421 454 459 510 ad
487 455 596 529 legem
618 455 813 513 Corneliam
842 451 1170 512 testamentariam.¹
1214 455 1238 514 1.

282 538 323 610 ls,
351 540 397 612 qui
420 536 454 595 ob
475 539 573 596 laisum
603 540 784 596 testimonium
813 537 1007 613 perhibendum
1035 532 1113 616 ’(uei
1135 557 1239 599 uerum

281 639 339 680 nou
352 615 589 700 ρενΙιὶἱκηοΙαηι)π
610 623 751 696 pecuniam
772 625 915 697 acceperit,
938 623 1052 696 dederit,
1073 623 1237 696 indidemne,

283 714 314 762 ut
335 708 496 764 sententiam
518 706 595 778 ierat,
618 706 663 763 uel
685 722 740 762 non
763 705 848 778 ierat,
870 709 1039 780 corruperit,
1061 723 1238 782 corrumpen-

283 788 381 847 dumue
403 791 553 848 curauerit:
582 788 741 847 humiliores
764 791 850 864 eapite
872 792 1037 863 puniuntur,
1065 791 1237 849 honestiores

281 873 425 948 publicatis
439 873 517 931 bonis
533 889 593 931 cum
608 875 668 948 ipso
684 873 772 931 ludite
786 875 814 930 in
829 873 942 930 insulam
958 875 1147 948 deportantur.

345 956 410 1032 Kap.
427 957 469 1016 Vl.
513 957 601 1014 Idem
625 957 743 1014 eodem
765 956 858 1014 libro
882 967 914 1014 et
937 958 1053 1020 titulo.
1090 955 1114 1016 1.
1130 959 1237 1016 Falsum

283 1050 333 1114 est,
350 1041 480 1116 quidquid
495 1043 522 1098 in
538 1041 654 1099 ueritate
669 1056 725 1098 non
740 1048 791 1114 est,
807 1041 856 1098 sed
871 1058 920 1115 pro
938 1057 1002 1098 uero
1019 1041 1204 1102 adseueratur.

345 1124 411 1200 llap.
437 1124 488 1183 Vll.
532 1123 694 1199 Ulpianus
722 1119 791 1202 ’(de
813 1124 946 1198 officio
971 1121 1237 1206 proconsulis)³

282 1207 385 1268 ’libro
408 1202 493 1270 νιιῑ.4
519 1207 580 1266 sub
612 1207 718 1265 titulo
746 1207 783 1264 de
805 1224 912 1282 poena
939 1209 1027 1282 legis
1050 1209 1236 1268 Corneliae

283 1295 578 1354 testamentariae.
617 1285 661 1350 ⁵1.
677 1290 819 1348 Praeterea
834 1292 932 1349 laetum
948 1301 990 1349 est
1004 1301 1114 1350 senatus
1130 1295 1237 1352 consul·

282 1384 340 1434 tum
362 1375 482 1434 ’Statilio
499 1375 586 1433 Tauro
610 1384 637 1432 et
653 1370 816 1452 (Scribonio
830 1369 964 1450 Libone)⁶
987 1377 1159 1450 consulibus,
1182 1396 1236 1454 quo

282 1475 369 1534 poena
383 1461 451 1534 legis
463 1459 601 1517 Corneliae
615 1461 758 1533 inrogatur
774 1461 807 1530 ei,
823 1460 944 1533 quiquid
961 1460 1043 1533 aliud,
1059 1478 1139 1534 quam
1154 1471 1236 1520 testa·

282 1550 417 1619 mentum,
441 1545 529 1602 sciens
551 1540 638 1618 '(dolo
659 1545 734 1600 molo
754 1537 891 1619 falsum)⁷
913 1545 1077 1619 signauerit,
1100 1548 1236 1621 signarier

282 1631 433 1686 ourauerit:
462 1631 527 1686 item
556 1629 601 1702 qui
628 1626 708 1684 ialsas
735 1628 895 1684 testationes
923 1627 1057 1685 iaciendas
1084 1626 1147 1686 ’aut
1172 1647 1236 1688 oon·

282 1706 450 1786 signandas‚⁸
476 1712 665 1768 testimoniaue
686 1709 752 1768 ialsa
779 1712 894 1768 inuicem
922 1706 1053 1769 dicenda⁹
1080 1711 1143 1770 dolo
1165 1713 1235 1771 malo

284 1789 458 1856 errauerit.¹⁰
494 1791 522 1860 2.
544 1795 610 1851 ltem
626 1797 673 1869 qui
688 1794 723 1852 ob
738 1793 832 1866 'liltem
849 1793 1044 1866 iu)struendam
1060 1796 1236 1854 aduocatione

283 1873 503 1938 testimonioue¹1
525 1879 664 1953 pecuniam
685 1881 833 1954 acceperit,
855 1886 985 1953 paetusue
1007 1880 1101 1952 luerit,
1122 1883 1236 1938 societa-

357 2029 441 2099 1)Εει
456 2032 531 2082 Paul.
546 2029 573 2080 S.
590 2030 621 2080 lt.
636 2039 656 2090 5,
671 2040 704 2082 25.
719 2032 742 2092 t.
757 2040 778 2080 a.
799 2029 837 2092 Cf.
852 2029 884 2078 L.
900 2043 966 2094 1pr.
981 2032 1020 2093 gg.
1036 2043 1056 2082 1.
1072 2044 1091 2082 e.
1106 2031 1138 2080 L.
1153 2043 1186 2084 so.
1202 2043 1236 2084 m.

284 2103 316 2152 D.
331 2103 363 2153 de
378 2105 432 2170 leqe
448 2103 523 2154 Corn.
539 2101 571 2150 de
582 2101 644 2163 sals.
660 2099 705 2166 (48,
720 2098 765 2165 ιο).
822 2097 842 2165 ²)
860 2099 901 2148 Eu
917 2100 992 2150 Paul.
1013 2102 1067 2151 Via.
1083 2103 1182 2152 addidi.

285 2170 307 2238 8)
321 2172 361 2222 Bl.
376 2175 509 2238 supplevit.
557 2168 578 2236 4)
595 2171 656 2220 odd.
667 2179 692 2220 et
701 2171 757 2220 edd.
768 2171 832 2220 daec
842 2172 868 2219 t'n
880 2171 932 2232 fine
942 2172 1237 2235 insorr'ptioniedubent,·

283 2259 330 2294 suo
345 2246 400 2296 loco
414 2245 523 2295 restitut.
589 2238 610 2306 ὅ)
626 2241 726 2291 Partim
739 2247 812 2290 extat
824 2240 856 2289 L.
872 2252 891 2292 9.
912 2243 935 2302 ς.
950 2253 971 2293 a.
995 2242 1029 2291 D.
1042 2243 1075 2292 de
1088 2245 1143 2308 teqe
1159 2237 1236 2294 Corn}

284 2314 316 2363 de
326 2314 389 2377 fals.
404 2311 448 2378 (te,
459 2311 503 2379 ιο).
550 2309 571 2377 ⁸)
587 2311 805 2375 Reetcsuppleuit
814 2311 883 2360 Pitlt.
902 2308 969 2362 Sunt
982 2327 1047 2362 eoae.
1058 2328 1083 2362 α.
1094 2325 1127 2364 to.
1147 2315 1235 2364 statilio

285 2391 309 2432 et
323 2390 391 2434 tauro
407 2385 469 2434 Cdd.
495 2383 533 2446 Cf.
550 2389 600 2432 not.
616 2393 649 2433 10.
715 2379 736 2447 τ)
750 2380 868 2446 ExDiq.
934 2377 955 2446 8)
972 2382 1033 2432 odd.
1052 2390 1077 2433 et
1090 2383 1147 2433 edd.
1163 2399 1237 2434 voees

285 2460 325 2502 aut
339 2453 506 2514 consignanda,
522 2455 549 2502 in
559 2452 619 2516 Dr'q.
635 2453 749 2511 omissus,
764 2453 936 2515 transpositas
950 2452 1043 2502 debent
1052 2461 1113 2517 post
1127 2454 1234 2517 dicenda,

285 2523 352 2572 unde
366 2524 513 2572 emendatas
525 2523 576 2572 ltuo
590 2524 617 2570 in
631 2537 704 2572 suum
717 2522 940 2578 loeumreoncont‘.
961 2523 999 2586 Of.
1009 2522 1041 2572 L.
1052 2535 1071 2575 e.
1087 2525 1110 2586 ἱ).
1121 2533 1141 2576 5.
1161 2525 1193 2572 D.
1204 2526 1235 2577 de

280 2595 374 2658 poenit
388 2590 437 2657 (48,
452 2591 496 2657 19).
569 2589 590 2658 9)
607 2591 667 2642 Cum
680 2595 747 2642 alter
761 2594 868 2642 alterius
882 2593 1024 2644 testimom'o
1045 2609 1109 2656 opus
1122 2594 1234 2645 haberet.

287 2663 325 2726 Cf.
343 2663 394 2713 Cic.
410 2679 462 2727 pro
482 2662 569 2714 Floro.
583 2674 605 2714 4.
671 2659 704 2728 1⁰)
722 2661 791 2722 Quae
805 2669 946 2726 sequuntur
964 2666 991 2713 in
1008 2665 1069 2714 odd.
1086 2672 1111 2714 et
1123 2665 1180 2714 edd.
1195 2665 1235 2714 Li·

286 2733 348 2784 cinio
363 2749 384 2786 v.
401 2740 425 2782 et
433 2734 510 2783 Tauro
521 2749 583 2784 coss.
594 2740 683 2797 operte
698 2749 748 2784 uon
762 2741 822 2782 sunt
835 2734 913 2783 leuius
926 2735 985 2793 loci,
999 2736 1046 2785 sed
1054 2737 1188 2799 pertiueut
1201 2736 1236 2784 od

286 2807 444 2855 consulatum
457 2806 533 2854 initio
547 2811 770 2856 commemoratum.
798 2803 885 2854 Totum
899 2819 959 2854 uero
974 2807 1062 2854 vitium
1076 2806 1136 2855 iude
1149 2812 1235 2856 nutum

285 2881 331 2934 est,
339 2875 409 2940 quod
417 2875 550 2935 lt'brarius,
561 2890 611 2926 uno
621 2881 717 2924 tontum
727 2876 827 2924 nomine
837 2889 956 2939 quemque
966 2878 1094 2926 consulent
1103 2876 1237 2942 deniqnart'

281 2960 359 3010 posse
380 2961 415 2996 eto
430 2953 558 3011 perpetuo
579 2946 761 2997 consuetudt'ne
781 2945 997 3008 subscriptionum
1018 2949 1149 3010 opinatus,
1169 2947 1236 2995 scri-

282 3023 375 3080 pserat
389 3017 480 3066 Statilio
495 3024 519 3066 et
529 3017 614 3068 Tauro.
638 3015 675 3066 At
686 3014 839 3079 sequebatur
853 3016 973 3066 scribonio
988 3017 1075 3066 libone.
1099 3015 1131 3066 In
1145 3016 1237 3080 quibus

286 3102 326 3137 ser
340 3088 514 3152 iuterpretatur
523 3095 569 3137 aut
579 3086 674 3137 SCllibe
684 3092 729 3136 aut
738 3084 991 3136 Senatusdonsuttom
1000 3087 1111 3145 Factum,
1120 3087 1235 3136 emendu-

286 3160 380 3209 it'onem
393 3160 541 3224 st'qm'fioari
554 3159 663 3208 nominis
672 3157 774 3220 priort's
788 3159 902 3207 consulis
916 3164 954 3224 est
966 3163 1048 3216 ratus,
1059 3158 1129 3207 etad
1141 3158 1235 3221 murqr'·

285 3245 341 3280 nem
355 3228 465 3295 (l)ihonio
480 3237 495 3278 ῠ
510 3226 570 3294 (uei)
584 3229 662 3277 libone
676 3233 700 3276 et
713 3234 780 3276 tauro
794 3242 857 3277 coss.
868 3226 937 3292 (nam
947 3244 1024 3277 unum
1037 3235 1134 3279 tantum
1147 3241 1236 3277 nomen

281 3301 417 3365 prioribus
431 3301 485 3350 illis
499 3301 581 3348 inesse
591 3313 676 3362 posse,
686 3312 840 3361 persuasum
854 3299 905 3348 st'bi
918 3298 1035 3364 hahebat)
1045 3300 1150 3348 notauit.
1172 3297 1236 3346 Inde

285 3385 346 3421 uero
361 3373 429 3420 aliua
438 3369 563 3420 Libonios
577 3371 702 3434 iquorano
713 3368 779 3431 feeit
792 3369 872 3418 licinio
886 3377 901 3418 d
917 3368 945 3434 (i.
955 3385 976 3421 e.
989 3367 1115 3434 quintum)
1126 3374 1149 3417 et
1159 3367 1236 3418 Tenro

286 3457 348 3490 coss.
364 3448 390 3490 et
402 3441 524 3503 adfinem
537 3440 584 3490 Itos
597 3439 630 3504 (si
645 3437 743 3504 piacet)
758 3453 821 3490 eoos.
837 3441 939 3498 reiecit,
959 3441 1003 3504 qui
1021 3445 1058 3490 toi
1075 3439 1140 3489 uiris
1153 3438 1237 3488 doctis

286 3513 431 3561 illuserunt.
498 3506 531 3575 11)
550 3505 686 3558 struendam
705 3509 884 3560 aduocationem
904 3509 1070 3560 testimoniare
1089 3506 1235 3575 (testimonia

286 3581 322 3628 uel
342 3579 398 3646 Ve.)
416 3580 478 3629 Cdd.
493 3580 654 3630 instruendam
669 3580 722 3629 edu.
737 3587 791 3629 test.
806 3581 844 3629 ed.
860 3579 900 3630 Bt.
928 3579 981 3631 Sed
998 3589 1049 3630 tom
1063 3585 1151 3630 noster
1166 3581 1237 3629 loeus
