2700 4118
292 201 395 238 nourrn
413 201 519 238 ruamur
536 201 633 238 emen.
652 183 723 238 XIX.
745 183 880 238 16.-XX.
900 190 924 240 2.
1019 183 1083 248 593

131 333 210 406 quasi
233 330 357 404 singulae
372 331 400 385 in
414 331 472 386 iure
493 347 589 388 cessae
610 340 717 403 essent,
739 335 880 387 transeunt
895 331 926 386 ad
942 346 1018 403 enm,
1040 333 1084 388 cul

131 432 209 473 cessa
224 423 266 470 est
280 412 424 470 hereditas.

196 493 242 555 16.
269 491 488 554 ¹hdiudicatioue
509 495 656 556 dominium
677 499 855 554 nanciscimur
875 513 923 572 per
941 497 1084 554 formulam

134 582 247 639 familiae
263 580 471 652 herciscundae,
494 597 562 654 quae
577 581 665 637 locum
687 581 765 638 habet
785 583 855 639 inter
871 581 1034 655 coheredes3
1058 588 1085 638 et

133 681 182 742 per
197 665 339 722 formulam
355 666 488 720 communi
505 664 664 735 diuidundo,
688 667 730 721 cui
746 665 821 722 locus
837 673 879 722 est
893 667 965 721 inter
979 667 1083 732 socios3

132 759 162 806 et
176 765 225 824 per
239 747 382 804 iormulam
403 746 496 803 linium
519 748 719 820 regundorum,
740 765 807 821 qnae
822 756 864 804 cst
878 751 951 804 inter
970 750 1083 807 uicinos.

133 849 195 890 nam
210 835 233 890 si
247 831 327 890 iudex
342 833 388 887 uni
404 848 435 888 er
455 826 664 889 ’coheredihns²
685 841 732 888 aut
753 833 833 890 sociis
849 842 895 888 aut
917 833 1011 888 uicinis
1028 847 1084 889 rem

135 917 248 990 aliquam
264 914 466 988 adiudicauerit,
482 916 572 971 statim
588 913 625 970 illi
641 915 807 989 adquiritur,
824 917 882 972 siue
898 917 1011 989 mancipi
1026 917 1084 972 siue

134 1017 184 1057 neo
199 1001 312 1072 mancipi
327 1001 372 1056 sit.
393 1019 394 1022 ¹

196 1080 237 1144 17.
260 1083 332 1157 lege
348 1082 425 1139 nohis
440 1081 592 1157 adquiritur
607 1082 682 1138 uelut
697 1082 826 1138 caducum
841 1081 886 1138 uel
901 1075 1085 1156 ereptorium³

134 1184 168 1224 ex
182 1167 245 1241 lege
259 1166 340 1240 Papia
355 1167 500 1240 Poppaea,
515 1167 579 1221 item
595 1165 713 1240 legatum
729 1182 760 1222 er
775 1166 836 1239 lege
852 1165 992 1222 duodecim
1009 1165 1086 1221 tahu·

134 1251 237 1321 larum,
257 1251 316 1305 siue
331 1252 445 1322 mancipi
460 1265 503 1305 res
518 1243 590 1305 sint⁴
610 1251 733 1306 siue-neo
747 1250 872 1324 mancipi.

198 1331 245 1390 1⁸.
268 1327 440 1406 ⁵hdquiritur
454 1339 542 1388 autem
557 1332 635 1389 nobis
647 1335 726 1388 etiam
740 1349 788 1408 per
803 1349 848 1388 eas
863 1349 1002 1406 personas,
1018 1348 1085 1406 quas

135 1418 163 1474 in
178 1422 325 1490 potestate,
341 1431 420 1470 manu
435 1418 599 1489 mancipioue
614 1417 751 1474 habemus.
784 1416 875 1490 itaquo
887 1418 911 1472 si
925 1415 999 1490 ’quid
1014 1408 1085 1472 cuci

135 1501 267 1572 mancipio
282 1491 376 1572 ’puta⁷
397 1501 556 1572 acceperint,
577 1509 623 1556 aut
638 1501 764 1556 traditum
782 1501 821 1556 eis
842 1500 891 1570 sit,
910 1499 954 1556 uel
975 1500 1085 1572 stipula·

135 1577 199 1642 tac⁸
214 1581 324 1654 luerint,
339 1582 371 1638 ad
386 1599 436 1639 nos
450 1584 583 1657 pcrtinet;
628 1578 704 1660 [tlt]
727 1586 792 1640 item
807 1585 830 1639 si
845 1583 958 1639 heredes
977 1585 1085 1639 institu-

135 1661 192 1725 tae⁹
212 1669 268 1723 sint
287 1667 441 1740 legatumue
462 1669 501 1722 eis
516 1670 566 1735 sit,
588 1676 615 1724 et
630 1667 805 1723 hereditatem
825 1669 901 1724 iussu
924 1675 1019 1722 nostro
1040 1666 1085 1722 ad·

132 1759 230 1809 euntes
244 1750 322 1808 nohis
337 1751 493 1825 adquirunt,
511 1758 538 1807 et
552 1751 670 1825 legatum
686 1751 719 1808 ad
734 1767 784 1806 nos
799 1751 926 1824 pertinet.
963 1745 1014 1808 20.
1032 1743 1086 1805 ¹⁰Si

132 1852 230 1893 seruus
252 1834 363 1892 alterius
384 1835 411 1890 in
432 1834 527 1905 honis,
549 1835 660 1890 alterius
683 1851 716 1890 ex
735 1836 798 1890 iure
818 1832 960 1902 Quiritium
979 1835 1030 1905 sit,
1054 1849 1086 1889 cr

133 1917 257 1976 omuibus
272 1920 359 1974 causis
374 1918 491 1991 adquirit
507 1919 541 1988 ci,
556 1920 633 1974 cuius
644 1920 671 1974 ln
682 1917 761 1974 bonis
772 1926 823 1975 ert.
862 1914 907 1978 21.
932 1910 990 1980 ¹¹ls.
1006 1933 1086 1992 quem

134 2001 205 2058 bona
221 1999 272 2056 tide
287 2001 472 2074 possidemus,
489 2003 546 2058 siue
560 2000 628 2057 liber
642 2003 699 2058 sine
714 2001 816 2058 alicnus
831 2017 928 2058 seruus
943 2001 991 2065 sit,
1008 2000 1085 2058 nobis

135 2085 254 2158 adquirit
268 2099 300 2138 ex
315 2083 419 2140 duabus
439 2086 525 2140 causis
548 2093 667 2154 tantum,
692 2085 717 2140 id
733 2095 790 2156 est,
812 2085 884 2158 quod
900 2101 932 2140 cx
946 2101 976 2141 re
992 2094 1086 2142 nostra

134 2177 162 2225 et
178 2166 251 2240 quod
268 2183 300 2222 ex
316 2168 406 2240 operis
425 2169 480 2222 suis
501 2167 631 2239 adquirit:
652 2169 793 2224 extrahas
813 2178 903 2224 autem
924 2185 1017 2224 causas
1039 2177 1085 2224 aut

136 2253 189 2308 sihi
208 2249 339 2324 adquirit,
363 2251 386 2305 si
401 2249 468 2305 liber
487 2251 539 2321 sit,
560 2257 606 2305 aut
626 2250 747 2321 domino,
770 2255 793 2308 si
810 2252 911 2308 alienus
927 2268 1023 2307 seruus
1038 2254 1083 2311 sit.

135 2334 228 2390 eadem
249 2341 313 2389 sunt
335 2325 338 2412 l
363 2339 390 2388 et
405 2335 432 2388 in
454 2349 487 2389 eo
509 2349 607 2404 seruo,
634 2335 662 2388 in
685 2351 739 2408 quo
763 2344 866 2394 tantum
888 2334 1084 2393 usumfructum
1098 2348 1147 2396 197
1154 2342 1191 2412 cp

135 2416 274 2474 hahemus.
288 2433 305 2474 a
319 2433 368 2474 e*

389 2587 452 2629 rm.
467 2589 518 2629 XX·
546 2589 588 2631 Dm
602 2588 827 2632 TESTAMENTIS·

200 2688 227 2748 1.
252 2683 477 2748 ¹²Testamentum
493 2700 535 2748 est
555 2697 652 2748 mentis
668 2701 777 2748 nostrae
793 2695 863 2749 iusta
878 2695 1043 2750 contestatio
1058 2677 1085 2751 lu

135 2773 163 2830 id
177 2773 344 2832 sollemniter
354 2774 438 2845 iacto,
455 2783 485 2831 ut
496 2785 560 2850 post
574 2785 689 2832 mortem
703 2784 823 2832 nostram
839 2776 935 2833 ualeat.
965 2773 992 2834 2.
1011 2771 1085 2834 ¹³Te·

63 2857 125 2910 [⁴⁹⁸]
135 2866 328 2916 stamentorum
343 2874 444 2932 genera
459 2859 569 2916 luerunt
586 2861 646 2932 tria,
663 2876 753 2930 unum,
771 2859 843 2934 quod
855 2860 947 2918 calatis
958 2863 1084 2933 comitiis,

208 3041 227 3108 1)
245 3044 282 3107 Cf.
298 3045 338 3105 ξς.
348 3056 418 3096 r-r.
437 3043 507 3096 Lde
521 3044 565 3108 off.
581 3046 633 3094 tud.
645 3043 677 3110 (4,
687 3043 729 3110 ιτ).
752 3045 808 3095 out.
819 3055 840 3106 c,
851 3058 928 3100 oeus.
981 3045 1084 3114 ¹)here·

134 3115 204 3164 dibus
224 3114 281 3164 Vol.
293 3115 351 3163 edd.
398 3111 419 3178 ⁸)
439 3114 498 3164 Vid.
517 3114 597 3165 Gloss.
610 3115 679 3166 Pitd.
693 3132 715 3165 v.
733 3112 885 3180 ‘ereptoris’
898 3121 993 3169 collato
1006 3121 1086 3170 simili

135 3200 188 3234 ooc.
206 3181 412 3247 ‘occupatorius’
429 3192 453 3232 et
467 3187 505 3234 tit.
525 3184 557 3234 D.
568 3187 600 3235 de
613 3186 653 3235 dis
667 3201 732 3250 quae
746 3195 774 3236 ut
788 3188 840 3236 ind.
852 3186 896 3251 (³4,
907 3188 938 3254 9).
991 3187 1012 3254 ⁴)
1027 3191 1084 3239 Mo·

135 3257 178 3304 lim
192 3255 231 3304 sit.
282 3251 303 3318 ὅ)
320 3254 357 3318 Cf.
372 3254 648 3320 Got'.2,8oseq.8‚16tt.
700 3253 830 3322 ⁶)quidem
846 3257 903 3306 Vat.
919 3259 1083 3323 quided.Bp.

137 3323 325 3390 ⁷)Omisith.
337 3339 387 3388 per
401 3340 523 3375 errorem.
589 3323 609 3392 8)
624 3327 729 3390 stipulati
749 3327 807 3376 Vol.
823 3327 880 3376 edd.
946 3327 967 3393 ⁰)
982 3329 1084 3377 instituti

140 3395 197 3444 Vct.
213 3395 270 3444 edd.
342 3391 374 3460 ιο)
391 3395 428 3458 Of.
446 3395 502 3445 Gai.
518 3409 538 3455 2,
553 3407 586 3448 ec.
602 3409 622 3455 1,
636 3407 669 3448 54.
741 3394 773 3462 ιι)
790 3397 828 3460 Cf.
846 3396 902 3446 Gai.
917 3409 939 3456 s,
953 3408 987 3448 es.
1001 3409 1035 3448 or.

139 3461 169 3530 11)
186 3465 224 3528 Cf.
235 3481 279 3529 pr.
294 3465 316 3514 I.
332 3466 363 3514 de
377 3473 472 3516 testam.
488 3465 524 3531 (t,
539 3466 574 3531 ro)
594 3467 653 3530 ibiq.
673 3466 813 3517 Schrader.
881 3463 913 3533 ¹⁸)
934 3468 972 3531 Cf.
991 3467 1047 3517 Gai.
1062 3479 1086 3526 2,..

135 3545 173 3586 101
187 3551 238 3600 seq.
254 3537 277 3597 ξ.
294 3547 313 3587 1.
332 3535 355 3585 I.
370 3537 401 3586 de
416 3545 512 3586 testam.
527 3536 558 3603 (a,
573 3537 615 3602 ιο).
811 3545 813 3550 “

107 3665 109 3669 ,
188 3639 289 3671 sverm.
303 3641 384 3671 nrm
398 3642 451 3672 enm.
476 3641 514 3672 no.
534 3643 557 3674 v.
839 3628 871 3677 38
