2696 4120
251 199 315 266 302
551 213 614 251 ean
632 215 726 251 rusrrr.
745 197 792 251 ΙΙΙ.
812 203 922 252 to-te.

251 359 326 416 solos
347 357 448 414 liberos
464 350 517 413 ex¹
534 365 539 420 t
554 356 710 431 disparibus
725 356 846 432 partibus
862 365 997 431 patronus
1012 359 1135 416 heredes
1150 364 1220 418 reli·

249 447 354 518 querit,
377 444 453 516 quod
470 460 526 514 pro
546 442 734 508 helreditariis
752 443 901 514 partious,
924 461 982 500 non
1007 461 1062 515 pro
1084 447 1220 502 uirilibus

185 543 240 591 145.
251 530 327 586 hono
342 527 441 586 Latini
452 519 562 604 puttam
577 527 610 582 ad
625 543 672 582 eos
689 529 835 600 pertinere,
852 527 914 600 quia
926 527 1002 583 nulio
1017 529 1219 586 interueniente

143 663 146 670 .
250 621 379 670 extraneo
399 611 499 668 herede
521 619 630 666 senatus
658 611 785 668 consulto
812 611 889 668 loeus
915 627 970 667 non
997 620 1049 668 est.
1093 609 1142 670 to.
1167 613 1218 670 Set

250 699 274 754 si
296 715 357 754 eum
379 695 472 752 liberis
494 697 550 752 suis
574 697 654 752 etiam
677 695 840 752 extraneum’
850 696 978 752 heredem
1000 705 1133 770 patronus
1155 698 1218 754 reii-
1246 761 1250 768 ¹

251 781 355 856 querit,
380 780 490 838 Coelius
506 779 621 836 Sabinus
637 781 690 852 ait,
714 789 771 836 tota
787 779 858 836 hona
878 797 929 854 pro
951 781 1075 837 uirilibus
1092 783 1217 856 partibus

250 867 283 922 ad
297 865 398 922 liberos
414 864 535 920 defuncti
550 866 696 938 pertinere,
720 867 784 938 quia
799 882 860 923 eum
876 875 1022 922 extraneus
1037 865 1118 923 heres
1134 869 1217 923 inter·

250 953 342 1022 uenit,
364 967 421 1006 non
443 949 523 1005 habet
545 949 587 1004 lex
610 949 685 1006 iunia
707 949 814 1022 locum,
840 950 888 1006 sed
912 942 1021 1005 senatus
1043 951 1215 1024 consuitum3

250 1035 392 1090 iauolenus
408 1043 499 1090 autem
514 1035 568 1106 ait,
591 1041 696 1089 tantum
712 1050 770 1090 eam
791 1043 894 1107 partem
914 1049 946 1089 ex
960 1043 1071 1090 senatus
1087 1035 1215 1092 consulto
1309 1104 1311 1108 Ι

249 1119 350 1176 liberos
376 1120 484 1193 patroni
509 1135 560 1192 pro
586 1117 709 1174 uirilibus
730 1118 853 1192 partibus
875 1117 1016 1175 habituros
1037 1136 1112 1190 esse,
1135 1137 1214 1193 quam

249 1205 370 1260 extranei
391 1203 507 1259 heredes
528 1211 591 1258 ante
611 1212 721 1259 senatus
743 1203 899 1259 consultum
920 1203 982 1276 lege
1002 1203 1076 1260 iunia
1097 1202 1215 1258 habituri

249 1297 358 1360 essent,
380 1287 499 1360 reliquas
520 1303 588 1342 uero
609 1295 709 1360 partes·
720 1304 771 1361 pro
791 1287 959 1344 hereditariis
981 1287 1102 1362 partibus
1117 1287 1149 1343 ad
1165 1303 1212 1344 eos

249 1373 395 1446 pertinere.
432 1367 474 1427 71.
496 1370 563 1426 item
579 1373 737 1444 quaeritur,
761 1389 795 1428 an
810 1373 863 1428 hoe
883 1373 1162 1428 senatusconsultum
1178 1371 1212 1428 ad
1227 1385 1283 1438 {aas}

249 1473 297 1512 eos
313 1457 422 1529 patroni
437 1454 539 1511 liberos
555 1456 699 1528 pertineat,
716 1459 762 1530 qui
777 1473 809 1512 ex
825 1455 878 1512 iilia
890 1465 1008 1530 nepteue
1023 1464 1213 1530 procreantur,

249 1541 274 1596 id
292 1549 349 1609 est,
370 1549 401 1594 ut
415 1555 501 1613 nepos
517 1556 593 1596 meus
608 1557 640 1596 ex
663 1537 715 1596 iiiia
736 1543 828 1614 potior
847 1542 884 1596 sit
905 1540 1031 1598 inbonis
1054 1540 1141 1598 Latini
1163 1543 1215 1597 mei

250 1641 330 1698 quam
351 1632 494 1680 extraneus
515 1625 611 1693 heres3
637 1625 701 1680 item
723 1618 789 1704 (on)
815 1626 848 1680 ad
871 1633 1006 1682 maternos
1028 1625 1139 1682 Latinos
1161 1627 1215 1682 hoe

249 1717 359 1766 senatus
374 1708 530 1764 consultum
544 1710 691 1782 pertineat,
708 1711 862 1784 quaeritur,
876 1709 904 1765 id
920 1719 972 1782 est,
990 1717 1021 1766 ut
1035 1711 1063 1765 in
1075 1710 1154 1766 honis
1166 1711 1214 1766 ha·

187 1837 190 1844 ,
248 1795 298 1850 tini
314 1795 427 1850 materni
447 1795 539 1866 potior
560 1795 597 1849 sit
618 1802 748 1867 patronae
770 1792 841 1850 filius
864 1811 945 1866 quam
967 1795 1047 1850 heres
1070 1802 1214 1851 extraneus

249 1879 351 1938 matris.
389 1877 482 1934 Cassio
497 1877 611 1952 placuit,
627 1887 746 1952 utroque
762 1895 825 1934 casu
840 1877 932 1935 iocum
947 1895 1007 1934 esse
1022 1887 1133 1935 senatus
1149 1895 1214 1934 eon·

248 1963 339 2030 sult03
356 1962 404 2018 sed
421 1962 501 2018 huius
518 1965 678 2018 sententiam
694 1963 817 2038 plerique
837 1963 1001 2037 inprobant,
1024 1963 1087 2037 quia
1102 1970 1213 2020 senatus

248 2047 282 2103 de
297 2047 338 2102 his
354 2047 445 2104 liberis
460 2040 631 2120 ’parentum2
646 2047 713 2103 nihil
728 2049 838 2118 sentiat,
858 2049 905 2122 qui
924 2047 1002 2104 aliam
1022 2047 1148 2103 iamiliam
1171 2063 1214 2104 se·

248 2141 412 2206 quererxtur;
435 2132 517 2205 idque
533 2148 613 2188 exeo
630 2131 751 2205 adparet,
773 2131 846 2205 quod
861 2133 1020 2188 nominatim
1035 2131 1213 2188 exheredatos

248 2227 419 2291 summouet3
441 2233 502 2271 nam
517 2217 627 2272 uidetur
647 2215 681 2273 de
702 2217 744 2272 his
759 2218 874 2286 sentire,
899 2217 944 2290 qui
966 2217 1123 2273 exheredari
1138 2234 1151 2272 a
1167 2232 1214 2290 pa·

246 2310 325 2357 rente
340 2301 440 2371 soient,
464 2303 488 2355 si
503 2301 617 2358 heredes
632 2317 687 2356 non
708 2303 902 2369 instituantur3
924 2317 1013 2374 neque
1029 2310 1117 2358 autem
1134 2299 1213 2357 matri

181 2383 331 2439 tonitium
345 2383 472 2456 filiamue‚
484 2401 573 2457 neque
585 2402 636 2440 auo
650 2380 654 2462 i
667 2393 789 2442 materno
802 2393 930 2459 nepotem
944 2393 1100 2459 neptemue,
1116 2387 1139 2442 si
1150 2401 1213 2441 eum

247 2485 340 2525 eamne
357 2469 485 2524 heredem
498 2485 553 2525 non
571 2469 711 2543 instituat,
728 2469 893 2527 exheredare
909 2486 1020 2526 neeesse
1036 2478 1089 2542 est,
1104 2472 1163 2526 siue
1178 2469 1212 2525 de

246 2553 305 2608 iure
320 2553 394 2608 ciuili
410 2569 586 2626 quaeramus,
603 2553 663 2611 siue
675 2554 708 2610 de
720 2555 809 2612 edicto
825 2556 970 2628 praetoris,
986 2569 1041 2628 quo
1057 2555 1212 2628 praeteritis

245 2637 338 2694 liberis
350 2645 446 2695 eontra
459 2637 561 2694 tabulas
574 2640 728 2695 testamenti
739 2638 875 2696 honorum
886 2640 1025 2713 possessio
1030 2639 1210 2712 promittitur.

309 2718 354 2779 72.
378 2721 527 2795 Aliquando
549 2715 670 2779 ’tamen3
689 2725 755 2779 ciuis
777 2723 912 2780 Romanus
937 2723 1051 2778 libertus
1075 2730 1209 2792 tamquam

245 2841 353 2888 ationem
371 2839 464 2889 deinde
483 2842 569 2890 statim
588 2842 635 2902 §us
652 2851 685 2892 aa.
705 2841 839 2904 excepisse
858 2841 968 2890 uidetur.
984 2865 1015 2874 —
1031 2836 1076 2885 Em
1085 2837 1209 2900 pauculis

245 2909 343 2972 verbis,
363 2925 428 2974 quae
441 2909 514 2960 Senio
529 2913 556 2960 in
567 2927 595 2975 p.
611 2923 658 2962 144.
673 2912 809 2974 superiore
824 2914 909 2977 tepere
925 2909 1040 2974 eontipit,
1056 2909 1155 2972 partim
1170 2909 1209 2956 in-

246 2983 334 3039 certis,
349 2983 417 3031 velot
430 2998 453 3031 u.
468 2993 488 3032 a.
506 3019 511 3030 .
527 3019 533 3031 .
548 2984 611 3032 hune
622 2983 685 3031 enim
696 2981 774 3031 solum
789 3018 795 3030 .
811 3019 817 3031 .
834 3019 839 3032 .
855 2999 877 3032 o.
893 2994 913 3034 a.
930 3019 935 3031 .
952 3018 959 3030 .
974 2980 1086 3030 eiuntlius
1101 2981 1125 3029 in
1139 2978 1209 3028 honis

245 3050 398 3119 latino(rum)
413 3088 419 3101 .
435 3089 442 3102 .
458 3089 464 3101 .
479 3069 502 3101 o.
517 3063 537 3104 8.
553 3054 661 3118 queritur
680 3069 710 3102 an
729 3053 912 3104 exheredes...
929 3069 951 3102 v.
967 3064 1000 3104 te.
1021 3053 1067 3101 iam
1082 3057 1175 3100 constat
1186 3087 1209 3100 ..

245 3139 268 3172 o.
283 3136 318 3174 tt.
333 3159 339 3172 .
355 3124 494 3187 dueposque
509 3125 571 3172 bona
586 3125 713 3174 latinorum
727 3141 750 3174 o.
765 3135 799 3175 21.
811 3161 817 3172 .
829 3160 835 3172 .
846 3139 890 3173 neo
906 3124 935 3172 ab
952 3124 1040 3172 alteri.
1052 3123 1105 3172 .ud
1118 3136 1210 3172 eruen-

245 3194 305 3242 dum
319 3201 495 3260 arpumentum
506 3211 658 3260 cursumque
668 3197 796 3246 orationis
806 3195 979 3258 definiendum
990 3195 1107 3257 exeeptis
1117 3193 1211 3257 primis

245 3265 362 3316 versibus
375 3267 422 3315 viae
436 3266 574 3330 quidquam
589 3266 660 3330 effici
668 3274 762 3330 potest.
816 3262 836 3330 ¹)
851 3265 897 3315 Em
912 3261 966 3324 W,
981 3267 1049 3315 unde
1064 3267 1091 3314 in
1104 3278 1211 3328 sequen-

245 3337 313 3388 tibus
326 3340 501 3402 supplementa
510 3340 593 3401 paulo
607 3339 730 3387 mutanda
739 3338 856 3402 suerunt.
912 3332 934 3404 Ι)
950 3343 1104 3400 patronarum
1116 3335 1141 3386 Ο.
1153 3334 1210 3384 edd.

240 3417 350 3472 praeter
369 3408 418 3458 Kr.
434 3421 454 3460 a.
474 3410 520 3473 poi
537 3416 566 3457 ut
581 3410 679 3472 salsum
695 3411 822 3474 ytossema
836 3409 906 3458 eicit.
939 3415 1095 3471 patronorum
1115 3421 1171 3455 mea
1189 3416 1209 3454 t.

246 3475 267 3544 8)
284 3480 339 3531 eoo
349 3488 382 3528 tm
393 3481 492 3546 (tamen)
503 3481 605 3529 videtur
620 3481 697 3530 huius
706 3482 758 3531 toci
766 3495 822 3529 esse
832 3486 916 3528 eontra
930 3481 970 3529 ael
985 3480 1064 3528 etiam.
1091 3477 1129 3541 Cf.
1140 3478 1163 3538 ξ.
1174 3486 1208 3526 at.

315 3583 341 3654 ξ.
358 3562 459 3650 72-θῇ
475 3589 498 3649 ς.
512 3599 534 3637 4.
554 3586 576 3640 I.
592 3588 624 3637 de
638 3601 749 3666 surgere.
765 3585 808 3635 tib.
823 3583 859 3651 (a,
874 3584 906 3650 t).
936 3585 1005 3634 Plin.
1021 3601 1060 3648 ep.
1076 3595 1110 3647 to,
1124 3595 1145 3634 4.
1161 3593 1208 3634 105.
