2700 4118
255 215 317 279 664
470 235 530 270 axos.
550 236 582 271 no
599 235 660 272 nou.
680 235 769 273 cauves
788 235 895 272 conum.
916 219 947 274 V.
967 225 992 272 3.

253 379 365 480 snortpm
388 363 527 435 multatur,
549 381 600 422 neo
614 373 804 423 testamentum
820 367 844 422 ei
859 382 890 422 er
905 367 1005 422 maiore
1025 374 1103 440 parte
1118 367 1206 425 iacere

253 447 324 503 licet.

338 529 407 588 Hoc
433 531 566 604 quidem
594 534 681 588 iuris
709 541 776 589 este
805 540 948 589 mentem
976 541 1084 589 tamen
1110 534 1204 610 legis

253 611 1203 692 Moysisimperatorisrtieotosttconstitutiossedpte·

252 715 326 754 num
350 707 468 755 secuta
491 703 732 771 cognoscitur:
1189 693 1195 700 ’

317 777 395 858 [llap.
416 781 458 838 lll.
503 786 574 835 Item
589 776 860 858 theodosianus.]³
881 784 966 856 intpp.
991 783 1204 856 Valentinianus,

252 866 421 923 Theodosius
445 875 472 922 et
493 867 621 922 Arcadius
644 869 720 922 ΑΑΑ.
751 867 783 924 ad
806 867 953 922 Orientium
977 867 1105 924 uicarium
1129 867 1203 923 urbis

251 950 359 1008 Romae.
404 949 429 1007 1.
453 949 511 1006 Non
533 951 650 1022 patimur
672 951 765 1007 urbem
787 951 905 1019 Romam,
929 953 1061 1006 uirtutum
1084 953 1203 1008 omnium

252 1040 373 1105 matrem,
396 1034 495 1090 diutius
518 1033 670 1090 ’effeminati
691 1036 718 1090 in
736 1037 807 1091 uiros
830 1028 957 1107 pudoris4
979 1037 1203 1091 contaminatione

252 1117 363 1188 foedari,
386 1127 413 1174 et
436 1125 543 1192 agreste
564 1117 630 1173 illud
653 1121 777 1191 aprlsois
800 1117 984 1174 conditoribus
1005 1119 1096 1189 robur,
1120 1119 1203 1174 tracta

251 1202 370 1258 molliter
391 1196 485 1275 ’pube⁵
504 1211 653 1273 tenuatum,
676 1203 827 1258 conuicium
843 1201 955 1256 saeculis
972 1202 1016 1258 uel
1031 1201 1200 1258 conditorum
1214 1219 1276 1268 [oea]

251 1287 392 1358 inrogare,
416 1286 460 1340 uel
481 1287 648 1358 principum,
671 1285 770 1342 Orienti
792 1285 939 1340 'karissime
953 1302 983 1341 ac
997 1279 1204 1342 iucundissime⁶

251 1366 338 1423 nobis.
380 1364 409 1426 2.
432 1367 574 1423 Laudanda
603 1361 688 1442 igitur
716 1371 878 1442 experientia
900 1377 946 1424 tua
970 1385 1077 1444 omnes,
1106 1369 1202 1442 quibus

252 1450 401 1522 llagitiosus
430 1451 508 1506 luxus
537 1460 579 1507 est
607 1453 684 1508 tririle
711 1469 809 1526 corpus
836 1452 1004 1508 muliebriter
1025 1455 1203 1509 constitutum

256 1535 336 1590 alieni
351 1551 432 1590 sexus
447 1534 570 1590 damnare
584 1536 720 1608 patientia,
736 1537 856 1608 nihilque
871 1536 1015 1592 discretum
1030 1537 1128 1592 habere
1143 1528 1211 1592 cum¹

251 1619 357 1682 sentinis
370 1612 540 1692 occupatos,⁷
558 1628 587 1674 ut
598 1619 693 1692 flagitii
705 1623 792 1693 poscit
805 1621 944 1675 inmanitas
957 1629 1038 1692 atque
1053 1614 1203 1694 ’lodium)‚⁸

252 1701 374 1760 omnibus
387 1703 509 1774 eductos,
525 1702 608 1775 pudet
620 1703 719 1775 dicere,
735 1706 856 1759 uirorum
868 1703 1050 1776 lupanaribus,
1063 1712 1204 1778 spectante

251 1787 353 1862 populo
376 1785 489 1842 ilamrnis
512 1785 660 1842 uindicibus
683 1787 812 1860 expiabit:
837 1795 868 1842 ut
890 1787 1009 1842 uniuersi
1032 1788 1203 1860 intellegant,

251 1881 451 1928 sacrosanctum
474 1871 579 1926 cunctis
601 1887 661 1927 essc
683 1870 780 1926 debere
806 1871 952 1944 hospitium
979 1872 1066 1928 uirilis
1088 1874 1201 1940 animae,

251 1972 300 2012 nee
318 1957 375 2012 sine
390 1971 494 2011 summo
511 1953 644 2028 supplicio
660 1955 774 2011 alienum
790 1957 923 2027 expetisse
939 1969 1042 2025 sexum,
1062 1956 1108 2028 qui
1123 1970 1212 2010 suurn¹

251 2043 369 2113 turpiter
389 2037 560 2113 perdidisset.
604 2038 683 2112 Prop.
708 2039 793 2112 pridie
816 2038 853 2097 ld.
869 2037 948 2094 llaias
963 2038 1061 2094 Romae
1083 2041 1111 2094 in
1133 2039 1204 2093 atrio

252 2117 410 2180 llineruae.9

506 2203 607 2266 Explicit
621 2203 702 2252 titulus
718 2202 746 2251 de
761 2203 943 2266 stupratoribus.

253 2312 464 2320 .-.--.-——-—

325 2377 345 2445 ¹)
359 2380 417 2428 Hoc
431 2382 469 2428 sie
484 2381 609 2444 inteltepe,
625 2386 652 2428 ut
665 2386 690 2428 et
704 2394 768 2442 quae
777 2379 918 2428 sententiae
928 2385 953 2428 et
963 2393 1028 2443 quae
1038 2379 1127 2426 mortis
1142 2384 1203 2427 tem·

250 2465 314 2514 pore
328 2449 431 2507 babeat,
447 2465 533 2498 eorum
547 2450 655 2497 dionidia
670 2465 736 2510 pars
751 2449 906 2511 publicetur.
935 2448 993 2498 Hoc
1007 2447 1127 2497 Seuerum
1142 2463 1201 2497 con·

251 2521 372 2576 stituisoe,
388 2533 422 2567 eae
437 2519 526 2568 Zosim.
542 2531 562 2580 1,
577 2530 596 2568 8.
613 2521 673 2566 licet
686 2521 816 2584 eollipere.
842 2519 957 2568 Ceteram
972 2519 1005 2582 cf.
1021 2517 1154 2566 Schrader
1167 2518 1205 2566 ad

229 2587 230 2591 ’
252 2591 316 2640 Inot.
327 2605 355 2652 p.
371 2599 417 2640 758.
484 2585 504 2652 ²)
522 2586 591 2647 Quae
606 2595 692 2636 canstat
706 2588 737 2636 L.
753 2601 772 2639 o.
796 2589 840 2638 ΤΙι.
858 2589 883 2638 0.
898 2589 933 2637 ad
947 2591 994 2652 lep.
1010 2588 1059 2636 Iul.
1076 2589 1107 2636 de
1121 2588 1201 2636 adult.

252 2661 282 2724 (9,
293 2658 323 2724 t),
338 2659 384 2708 sed
398 2659 490 2708 natissa
500 2660 523 2718 ξ,
534 2670 554 2707 1.
570 2665 656 2707 cetero
670 2666 729 2707 eunt
743 2666 846 2708 mutata.
895 2656 915 2723 ³)
930 2658 988 2708 Hoc
997 2660 1053 2707 sine
1063 2657 1140 2708 dubio
1151 2673 1202 2706 non

254 2729 390 2780 Collectori
398 2729 445 2778 sed
453 2728 572 2776 librariis
581 2728 694 2786 debetur,
706 2731 816 2792 capitum
822 2728 1035 2792 fabricatoribus.
1053 2728 1090 2791 Cf.
1102 2728 1204 2776 Haenet

251 2801 287 2849 ad
304 2799 347 2848 aa.
361 2799 385 2848 0.
397 2814 425 2861 p.
436 2810 482 2849 846.
535 2796 556 2864 ⁴)
571 2801 587 2847 i.
599 2814 620 2847 e.
632 2801 658 2846 in
673 2801 768 2862 intepet
783 2801 901 2862 corporis
915 2800 1051 2848 masculini
1065 2799 1100 2847 ad
1114 2799 1200 2847 mulie·

252 2870 309 2920 bria
323 2885 340 2918 a
353 2871 418 2918 uiris
429 2870 554 2932 patienda
564 2871 694 2932 praestiti.
719 2869 790 2933 Erpa
804 2871 870 2918 nibil
883 2871 1037 2919 mutandum.
1090 2867 1109 2932 ⁶)
1125 2866 1200 2916 ael.

254 2940 370 3002 Gatltofr.
391 2943 423 3002 ej.
443 2940 511 3002 plebe
526 2939 556 2992 B.
577 2941 633 2989 edd.
653 2940 719 3002 plero
739 2940 780 2988 Vi.
799 2941 867 3002 pleue
887 2939 931 2988 Ve.
997 2937 1019 3005 ⁶)
1033 2938 1078 2986 ate
1092 2938 1136 3000 B.‚
1158 2939 1204 3002 qui

251 3018 301 3060 tam
315 3011 358 3060 trio
373 3026 446 3074 qnam
461 3012 487 3058 in
503 3011 588 3060 indice
603 3013 715 3074 capitum
729 3025 779 3060 non
794 3026 852 3072 agne
867 3010 953 3071 babet,
968 3011 1013 3060 sed
1027 3011 1106 3066 aoiuc,
1122 3023 1202 3072 prae-

251 3081 354 3131 cedente
368 3081 383 3130 lt
398 3083 424 3130 in
438 3081 535 3144 tapetis
545 3082 745 3144 desipnationem
756 3088 857 3130 nentato.
883 3079 960 3130 Recte
971 3083 1155 3143 interpretatus
1164 3085 1203 3127 est

251 3151 420 3202 Mommsenus
434 3152 472 3201 ed.
485 3153 523 3215 fr.
542 3152 625 3201 Vatic.
637 3165 665 3214 p.
676 3163 722 3202 ³78.
737 3150 777 3199 Bl.
793 3152 848 3200 ed:
861 3151 899 3199 uir
913 3151 1044 3200 carissime.
1098 3147 1118 3213 l)
1133 3147 1200 3196 Edd.

250 3229 309 3272 ante
323 3229 452 3286 occupatos
463 3237 557 3272 contina
567 3227 676 3284 ponunt,
691 3223 766 3285 quusi
776 3222 804 3270 id
812 3222 972 3285 significaret
982 3237 998 3270 u
1009 3236 1084 3270 manu
1094 3221 1203 3268 amilitana·

250 3301 346 3358 captos.
379 3292 432 3342 Sed
448 3293 496 3342 ltoc
515 3295 542 3342 in
561 3293 649 3356 quovis
669 3293 777 3355 capitali
798 3293 905 3340 crimine
925 3294 1032 3356 culpare
1051 3306 1101 3339 noa
1115 3291 1202 3352 poscit

248 3365 344 3429 (luyitii
358 3365 509 3412 imneanitos.
544 3363 579 3410 At
592 3368 690 3425 spectat
705 3363 853 3411 constitutio
867 3377 924 3420 eos,
940 3363 984 3426 qai
998 3363 1025 3410 in
1039 3361 1087 3410 boe
1099 3360 1203 3424 papirio

249 3435 369 3496 occupati
381 3440 449 3491 cunt,
464 3440 492 3482 nt
501 3435 590 3496 palona
605 3439 735 3495 quaestum
749 3433 809 3481 inde
820 3432 931 3495 faciant.
983 3429 1004 3496 ⁸)
1020 3431 1078 3480 Hoc
1092 3429 1122 3480 ob
1132 3431 1202 3477 simi·

249 3505 382 3552 titudinem
395 3505 524 3566 sequentis
538 3503 608 3552 nocie
622 3503 728 3551 excidit.
779 3499 801 3566 9)
816 3517 840 3550 α.
851 3513 898 3553 390.
920 3502 957 3552 De
971 3501 1159 3564 subscriptione
1174 3499 1203 3547 in

252 3573 296 3624 Ta.
314 3573 338 3622 0.
355 3574 458 3621 diversa
472 3573 523 3622 oid.
537 3572 561 3622 J.
579 3571 701 3635 Gothosr..
711 3579 735 3620 et
748 3572 856 3621 Hnenel.
