2680 4112
614 218 722 253 CAELIVS
742 216 857 252 sutura.

538 436 722 504 CAELIVS
746 434 930 502 SABINVS

359 561 454 628 (claruit
471 561 631 624 Vespasiano,
651 560 703 609 Tito
724 567 748 608 et
765 559 898 608 Domitiano
917 557 1110 624 imperantibus).

429 684 474 740 nd
497 684 651 740 edietum
673 683 838 739 aedilium
859 683 1043 744 curulium.

320 809 340 869 l.
368 810 473 868 Caelius
488 809 601 865 Sabinus
616 811 645 864 iu
660 807 740 880 libro,
757 825 837 880 quem
849 807 882 864 de
894 807 981 864 edicto
998 807 1122 864 aedilium
1138 825 1217 864 euru·

170 937 181 954 .
242 896 323 952 ¹lium
338 895 505 967 composuit,
527 893 677 950 Labeonem
697 891 796 962 refert,
818 891 881 966 quid
902 900 975 948 esset
995 890 1122 962 morbus,
1144 892 1218 949 hisee

258 976 502 1035 uerbisxdelinisse:
519 975 641 1034 ‘llorbus
657 985 698 1031 est
713 975 819 1030 habitus
835 977 966 1049 cuiusque
981 977 1105 1049 corporis
1121 985 1218 1032 contra

258 1071 390 1132 naturam,
406 1063 451 1134 qui
469 1077 547 1116 usum
566 1062 624 1116 eius
644 1060 706 1115 iaoit
721 1057 905 1115 deteriorem’.
935 1059 988 1114 Sed
1010 1060 1133 1116 morbum
1150 1059 1222 1116 alias¹

258 1149 285 1202 iu
301 1155 361 1202 toto
378 1162 492 1218 corpore
513 1144 634 1201 accidere
649 1143 725 1212 dicit,
740 1143 803 1198 alias
819 1145 846 1198 in
867 1150 943 1216 parte
958 1137 1090 1216 eorporis.
1121 1141 1219 1199 'lolius

259 1232 381 1304 eorporis
403 1228 526 1284 morbum
548 1244 617 1298 esse,
639 1226 724 1282 ueluti
751 1229 786 1282 sit
811 1227 928 1299 phthisis
949 1235 996 1282 aut
1019 1225 1111 1298 febris,
1132 1229 1218 1299 partis

259 1322 358 1384 autem,
374 1313 460 1369 ueluti
481 1314 517 1367 sit
531 1313 645 1368 caecitas
660 1319 707 1366 aut
722 1310 796 1384 pedis
816 1309 948 1366 debilitas.
980 1309 1088 1366 ‘Balbus
1103 1311 1218 1380 autem’,

258 1399 355 1470 inquit,
372 1395 413 1453 ‘et
427 1405 523 1468 atypus
540 1397 630 1451 uitiosi
646 1395 741 1467 magis,
763 1410 843 1465 quam
859 1393 977 1450 morbosi
996 1403 1070 1470 suut,
1087 1402 1114 1450 et
1129 1411 1216 1466 equus
1225 1401 1268 1450 [no]

259 1481 369 1536 mordax
383 1489 430 1535 aut
445 1479 554 1534 calcitro
571 1481 697 1547 uitiosus,
712 1495 768 1532 non
783 1476 925 1533 morbosus
941 1486 992 1535 est.
1022 1475 1075 1533 Sed
1088 1479 1131 1534 cui
1147 1494 1218 1534 mor-

258 1563 308 1620 bus
323 1571 375 1632 est,
392 1562 461 1618 idem
484 1564 563 1618 etiam
587 1563 700 1617 uitiosus
716 1569 768 1617 est.
797 1561 889 1634 Neque
910 1561 937 1616 id
959 1570 1046 1616 tamen
1060 1569 1157 1618 contra
1172 1560 1216 1636 fit3

259 1654 351 1720 potest
366 1647 444 1715 euim,
459 1648 506 1720 qui
522 1647 636 1702 uitiosus
652 1653 704 1714 est,
717 1661 772 1700 nou
784 1647 927 1700 morbosus
940 1661 1008 1700 esse.
1040 1643 1219 1712 Quamobrem
1322 1669 1324 1680 ·

260 1746 321 1786 eum
337 1731 370 1786 de
386 1731 492 1786 homine
508 1729 637 1786 morboso
653 1737 760 1802 agetur,
773 1723 905 1802 'aeque’‚¹
924 1729 1021 1802 inquit,
1037 1728 1086 1784 ‘ita
1098 1728 1218 1786 dicetur:

260 1812 417 1878 “ovsnuo
441 1829 480 1871 013
507 1830 541 1870 11>
569 1829 680 1872 vrunvu
706 1811 834 1869 nirnonrs
864 1811 957 1869 s1u”.
980 1842 1021 1853 —
1044 1811 1111 1871 Gell.
1133 1812 1163 1887 4,
1189 1811 1219 1869 2.
1323 1851 1324 1872 2

156 1973 158 1978 ⁵
260 1894 299 1972 §S
322 1979 351 2041 2.
379 1974 525 2038 ²Pllleatos
548 1997 642 2037 seruos
663 1996 763 2035 uenum
777 1977 874 2036 solitos
894 1980 947 2050 ire,
970 1996 1086 2054 quorum
1109 1981 1219 2036 nomine

260 2065 386 2121 uenditor
400 2066 466 2122 nihil
481 2073 639 2139 praestaret,
649 2063 875 2120 CaeliusSabinus
890 2064 957 2119 iuris
972 2066 1075 2137 peritus
1087 2065 1218 2136 seriptum

259 2150 378 2222 reliquit.
408 2150 488 2205 Culus
504 2151 543 2204 rei
558 2165 665 2205 eausam
683 2165 743 2203 esse
759 2149 805 2216 ait,
821 2147 894 2219 quod
909 2147 1039 2203 eiusmodi
1054 2147 1217 2203 conditionis

259 2235 388 2306 mancipia
403 2234 518 2306 insignia
533 2248 592 2287 esse
607 2235 634 2287 iu
649 2231 794 2287 uenduudo
815 2230 956 2302 deberent,
979 2240 1009 2287 ut
1024 2239 1162 2305 emptores
1177 2247 1217 2286 er·

258 2332 318 2370 rare
334 2325 361 2370 et
376 2318 433 2388 oapi
448 2333 503 2371 nou
516 2323 639 2387 possent,
650 2331 739 2387 neque
750 2315 793 2369 lex
806 2313 942 2370 neudundi
959 2314 1123 2389 opperienda
1135 2323 1217 2386 esset,

258 2398 306 2454 sed
318 2399 406 2452 oeulis
419 2400 470 2453 iam
482 2400 675 2471 praeciperent,
689 2398 813 2471 quidnam
826 2407 897 2454 esset
907 2401 1100 2472 mancipiorum
1114 2415 1216 2472 geuus3

258 2479 372 2552 ‘sicuti',
388 2482 485 2554 inquit,
506 2479 666 2554 ’antiquitus
684 2484 814 2554 mancipia
840 2484 898 2538 iure
923 2481 986 2538 belli
1009 2491 1088 2556 capla
1109 2485 1216 2539 coronis

257 2565 351 2621 induta
361 2563 504 2621 ueniebant
515 2573 542 2620 et
554 2567 653 2622 ideirco
665 2565 821 2621 dicebantur·
832 2567 882 2621 sub
895 2583 994 2622 corona
1005 2567 1109 2622 uenire.
1140 2566 1218 2622 Nam·

259 2665 311 2722 que
327 2657 357 2703 ut
372 2665 402 2704 ea
417 2665 517 2706 corona
533 2650 641 2722 signum
660 2657 718 2705 erat
733 2650 901 2723 captiuorum
913 2649 1057 2720 uenalium,
1068 2651 1104 2705 ita
1118 2649 1217 2722 pilleus

257 2733 400 2805 imposltus
422 2731 637 2804 demonstrabat,
653 2733 785 2788 eiusmodi
806 2749 901 2789 seruos
923 2734 1084 2806 uenundari‚
1100 2744 1218 2806 quorum

258 2817 367 2873 nomino
382 2819 497 2890 emptori
519 2816 646 2873 uenditor
666 2817 732 2873 uihil
752 2818 924 2890 praestaret’.
941 2848 981 2858 -
997 2817 1064 2875 Gell.
1081 2817 1099 2874 6
1118 2812 1172 2892 (7),
1188 2815 1216 2873 4.

259 2895 428 2974 §ur-a.

256 3115 321 3163 sium
335 3116 439 3177 oppido,
455 3116 569 3165 oriundi.
588 3113 674 3165 Strnb.
686 3127 706 3174 o,
717 3129 737 3166 1.
748 3117 771 3178 S.
782 3127 803 3167 o.
814 3132 842 3179 p.
857 3126 904 3167 uto.
927 3115 996 3166 Ptin.
1014 3115 1044 3166 N.
1059 3111 1127 3175 Ins,
1141 3127 1175 3166 ιο.
1191 3117 1216 3178 ἕ.

257 3195 289 3235 to.
305 3184 366 3234 Mel.
383 3197 403 3247 u,
418 3197 439 3235 4.
454 3185 573 3234 Mediuani
589 3185 632 3235 od.
643 3187 682 3235 ed.
698 3201 749 3235 noan
764 3187 841 3235 nibilz'
854 3186 960 3250 ideoque
974 3188 1030 3236 eine
1044 3201 1117 3237 mora
1130 3188 1218 3236 nonni·

254 3256 347 3320 penda.
355 3253 493 3318 Expntrt'a
502 3258 579 3306 etiam
588 3258 636 3305 alii
645 3255 708 3306 ICti
716 3259 784 3306 uelut
792 3256 1104 3320 Puteolanua,Camponue
1109 3263 1134 3305 et
1141 3256 1218 3318 Afri-

257 3341 338 3376 canus
352 3325 606 3391 cognominabantur.
643 3323 662 3390 ¹)
676 3326 793 3391 Scripsi:
807 3342 884 3391 neque
901 3325 962 3376 Cdd.
980 3327 1019 3376 ed.
1034 3326 1134 3384 Hertz,
1149 3327 1220 3390 qnod

255 3411 345 3446 senene
359 3398 411 3446 toci
426 3397 501 3459 serre
522 3412 573 3446 non
594 3397 710 3446 videtur:
729 3412 829 3460 nequam
848 3397 898 3462 (vel
916 3395 1073 3462 nequaquam)
1089 3399 1144 3446 olii.
1174 3396 1218 3447 An

256 3481 330 3531 aequo
344 3474 377 3516 tm
391 3465 508 3533 (tamen)?
534 3463 556 3530 ²)
571 3466 625 3516 Vix
639 3467 814 3531 dubitandum,
824 3469 885 3532 qnin
902 3467 999 3518 Gellius
1011 3468 1076 3517 bneo
1085 3482 1121 3518 ex
1130 3468 1218 3517 eodem

256 3537 323 3587 libro
337 3540 462 3586 surnaerr't.
492 3537 529 3601 Cf.
546 3537 670 3588 Zinrmern
685 3538 743 3587 liet.
759 3540 809 3588 inr.
826 3537 896 3588 Bona.
916 3537 942 3587 T.
957 3539 974 3587 l.
990 3539 1013 3600 S.
1029 3549 1063 3589 ut.
1079 3545 1130 3588 not.
1146 3549 1167 3588 o.
