2684 4112
245 173 310 238 392
521 187 579 226 cut
596 189 688 226 nisum.
707 171 753 226 tv.
771 177 918 227 lta-lto.

171 292 308 380 235ss134.
327 363 334 377 .
348 362 355 378 .
369 358 377 376 .
390 359 397 374 .
411 322 441 376 in
456 310 618 436 intenptione
633 317 763 375 lormulae
776 317 818 374 ’de
836 319 899 376 iure
916 323 1078 392 quaeritur,
1088 319 1116 376 id
1128 313 1196 392 est,¹

220 383 289 462 ‘cni
303 403 372 460 'dari
386 411 531 478 oporteat;
561 410 589 459 et
603 419 668 458 sane
682 402 791 458 domino
807 401 866 458 dari
880 411 1000 476 oportet,
1014 403 1087 477 quod
1098 421 1197 462 seruus

244 487 406 562 stipulatum
432 493 458 543 al
479 488 506 542 in
526 487 736 560 praescriptione
761 485 794 542 de
817 479 920 558 ’sacto³
941 489 1095 559 quaeritur,
1122 488 1195 561 quod

244 571 391 630 secundum
410 569 559 628 naturalem
575 568 798 644 significationem
816 585 911 626 uerum
929 569 1091 628 essedcbet.
1129 569 1195 630 tat.

244 655 431 728 Quaecumque
446 662 534 710 autem
550 653 664 710 diximus
675 653 709 708 de
721 655 816 724 seruis,
829 653 919 710 eadem
932 654 964 710 de
977 656 1073 711 ceteris
1086 671 1197 729 quaque

243 741 376 814 personis,
393 754 461 812 quae
476 744 572 794 nostro
587 738 639 792 iuri
653 737 791 794 subiectae
805 744 883 808 sunt,
908 737 979 794 dicta
993 737 1195 812 intellegemus.

244 819 308 884 136.
332 823 397 880 ltem
412 820 573 878 admonendi
588 837 697 890 sumus,
712 821 736 876 si
751 836 810 876 cum
827 820 885 892 ipso
901 837 1026 894 agamus,
1048 824 1094 896 qui
1109 824 1196 879 incer·

244 915 301 964 tum
316 906 483 980 promiserit,
503 906 540 960 ita
555 902 633 960 nohis
647 903 789 960 formulam
806 919 866 960 esse
881 906 1059 978 propositam,
1074 913 1105 961 ut
1119 921 1196 980 prae·

242 1119 342 1178 scebat,
364 1133 399 1167 an
418 1117 558 1166 nereditati
575 1115 768 1180 praeiudicium
788 1116 875 1178 fieret,
900 1116 970 1180 quod
990 1117 1015 1166 si
1033 1120 1196 1182 pronuncia·

243 1197 330 1246 uerat,
349 1189 474 1238 iudicium
492 1187 525 1236 de
542 1188 652 1251 simpulis
670 1185 747 1254 rebus
765 1185 852 1248 petitis
875 1188 972 1236 nullum
989 1195 1060 1251 erat,
1079 1189 1196 1254 ideoque,

241 1262 318 1324 finita
327 1259 360 1308 de
367 1259 510 1308 hereditate
520 1257 675 1320 quaestione,
690 1262 773 1314 actor,
783 1257 828 1320 qui
836 1257 949 1315 uicerat,
962 1257 1046 1308 denua
1056 1273 1101 1310 eas
1104 1266 1195 1322 petere

240 1322 352 1394 poterat.
382 1325 456 1377 Nune
469 1342 532 1377 uero
546 1343 602 1376 cum
612 1328 639 1375 in
652 1327 761 1390 speciem
770 1328 931 1390 exceptionis
944 1327 1007 1378 baec
1018 1331 1196 1392 praescriptio

243 1397 355 1450 deducta
368 1399 414 1455 sit,
434 1397 485 1446 nisi
498 1403 573 1446 actor
586 1396 685 1446 obiecta
699 1412 730 1445 ea
746 1398 872 1446 actionem
890 1397 1009 1460 differat,
1028 1414 1082 1448 rem
1096 1400 1194 1462 perdit,

244 1471 305 1534 quia
319 1481 379 1518 reus
392 1469 417 1516 si
430 1467 622 1531 praeiudicium
637 1467 699 1528 pieri
713 1465 880 1529 probauerit,
898 1467 1043 1517 absolvitur
1061 1477 1086 1518 et
1103 1471 1196 1519 iterum

240 1537 340 1603 petenti
353 1539 440 1587 actori
452 1543 527 1587 nocet
544 1537 662 1599 eoeceptia
676 1537 717 1585 rei
734 1536 872 1586 iudicatae.
893 1539 952 1588 134.
979 1538 1113 1588 Interdum
1131 1554 1197 1590 uera

244 1611 320 1659 etiam
338 1609 435 1657 nostris
452 1605 607 1670 temporibus
620 1608 798 1669 praescriptio
817 1614 868 1656 tam
882 1622 935 1670 pro
950 1615 1039 1658 actore
1053 1625 1128 1673 quam
1142 1625 1196 1674 pro

243 1694 289 1729 rea
303 1679 365 1728 dari
378 1678 495 1726 uidetur:
517 1678 586 1742 quad
602 1677 712 1738 accidit,
731 1692 787 1726 cum
801 1677 833 1726 de
846 1692 876 1727 eo
890 1679 1002 1743 aqimus,
1021 1679 1090 1742 quod
1103 1694 1196 1729 seruus

243 1751 305 1800 dari
324 1749 462 1812 stipulatus
482 1755 526 1797 est.
559 1747 635 1797 Licet
652 1749 718 1795 enim
736 1761 766 1796 ea
784 1748 885 1797 nomine
901 1748 1012 1810 perinde
1032 1747 1106 1798 nobis
1124 1752 1196 1799 actio

244 1826 380 1883 competat,
400 1825 475 1882 atque
493 1819 518 1866 si
535 1819 587 1882 ipsi
605 1818 729 1880 stipulati
742 1831 864 1875 essemus,
885 1825 966 1867 tamen
986 1819 1046 1882 quia
1065 1833 1109 1876 ea,
1128 1833 1196 1883 quae

241 1891 310 1954 sacti
318 1895 391 1946 sunt,
405 1903 560 1952 capersana
569 1888 863 1952 stipulatortspendens,
879 1889 981 1937 uelutsi
989 1885 1196 1939 &iebusseruus

243 1973 312 2010 meus
330 1961 368 2009 ita
385 1961 524 2022 stipulatus
538 1959 587 2008 sit:
604 1965 627 2004 Χ
641 1963 725 2003 artata
744 1963 951 2014 distillavit,
975 1963 1074 2006 VTRVM
1092 1965 1195 2015 tondat,

243 2037 323 2078 Dana
334 2035 474 2077 spatiumst
487 2033 626 2082 spamam,-
641 2027 1043 2091 utriusqaelitipatarisinterest.
1052 2030 1195 2088 nesciatur,

244 2101 318 2150 cuius
332 2113 367 2148 ex
379 2101 504 2162 stipulatu
518 2105 620 2163 apatur.
640 2098 731 2162 quade
747 2111 826 2146 causa
837 2096 952 2158 formula
961 2098 1040 2146 datur
1050 2113 1106 2148 cum
1116 2115 1195 2164 prae·

243 2171 384 2233 scriptione
399 2171 469 2218 uelut
481 2169 530 2218 bac
544 2168 630 2218 moda:
648 2175 686 2214 EA
699 2173 755 2214 aaa
767 2171 895 2220 AGITVR,
911 2171 986 2220 QVOD
994 2173 1117 2216 salutata
1124 2178 1143 2216 Δ
1149 2175 1199 2217 unt

242 2238 347 2279 auant!
357 2236 471 2277 SERVVS
484 2237 525 2276 DI>
533 2235 665 2276 austasio
674 2233 794 2275 uastata
803 2231 1048 2276 sa1t’t'aart'sast'.
1066 2237 1097 2276 st
1103 2237 1200 2278 Panna

243 2299 405 2342 Numantina
410 2297 559 2338 uastarunt
564 2297 584 2336 Α
590 2295 641 2337 VIO
650 2295 757 2336 AGERIO
765 2295 864 2336 DECEM
869 2295 955 2336 IULIA
963 2297 1044 2338 DARE
1053 2298 1198 2339 aromatica

243 2363 401 2424 etreliqua:
423 2361 522 2423 itaque,
542 2361 569 2408 in
589 2356 732 2411 intenltione
751 2355 877 2408 lcrmulae’
892 2365 940 2408 etc.
971 2359 1009 2423 Cf.
1027 2341 1154 2410 'Zeitscbm
1171 2361 1194 2424 f.

241 2431 328 2496 pescb.
343 2429 415 2478 RW.
433 2428 512 2477 XIII.
523 2444 552 2491 p.
567 2439 614 2480 aas.
642 2428 793 2492 Ecernplum
805 2431 886 2479 sumsi
903 2444 938 2478 ecc
952 2429 985 2478 L.
1000 2441 1026 2480 ts
1036 2445 1080 2493 pr.
1094 2438 1120 2480 et
1135 2430 1196 2480 Gaii

243 2501 275 2549 L.
290 2511 328 2550 aaa
339 2515 383 2562 pr.
402 2499 435 2547 D.
450 2499 482 2548 de
495 2499 564 2548 uerb.
579 2498 627 2548 abl.
647 2497 692 2564 (tt,
706 2498 737 2562 ι).
794 2495 814 2565 ¹)
828 2498 873 2548 Ea
892 2494 952 2548 Vnt,
970 2501 1095 2563 scriptum
1112 2501 1196 2564 fuisse

239 2577 318 2634 puto:
336 2570 387 2618 iure
404 2567 568 2634 q(unc)ril(un)
584 2570 614 2617 ie.
638 2576 714 2618 antea
730 2569 853 2619 edebatur
872 2570 1063 2620 determinatum
1080 2579 1123 2620 est.

245 2638 265 2706 ¹)
280 2640 337 2688 dare
352 2644 446 2702 oportet
461 2639 486 2688 C.
501 2639 568 2700 cdd,
587 2640 655 2702 quod
669 2647 801 2704 utrumque
814 2641 918 2704 saepius
931 2639 1010 2690 tacite
1024 2643 1194 2691 corrasimus.

244 2707 266 2777 8)
280 2709 326 2759 Ea
339 2707 441 2758 Saainii
455 2711 487 2772 ci.
502 2716 572 2772 pecto
588 2709 614 2759 C.
629 2709 685 2760 edd.

313 2777 340 2844 ³¹)
356 2778 421 2844 Pap.
437 2785 476 2828 8³6
490 2785 515 2826 et
528 2778 672 2842 elusatium
686 2786 724 2828 cst
738 2794 789 2830 non
803 2779 965 2844 rescriptum,
979 2786 1057 2830 satra
1072 2779 1097 2830 0.
1113 2779 1195 2829 Vero·

243 2864 343 2900 nensem
356 2856 497 2906 seruatum,
511 2856 536 2899 et
549 2851 601 2899 iam
615 2857 674 2899 ante
688 2865 742 2898 eum
756 2851 880 2899 detectum
894 2849 1042 2913 aMaffeio,
1056 2849 1148 2900 deinde
1162 2849 1195 2900 ab

159 2963 163 2971 .
242 2918 380 2969 Hanbolda
396 2917 529 2984 (Zeitscbr.
541 2921 563 2983 f.
576 2919 662 2986 pescb.
678 2919 750 2970 RW.
769 2919 821 2970 III.
837 2934 865 2982 p.
880 2917 1004 2985 ato—nac)
1014 2919 1115 2983 publici
1128 2921 1196 2970 iuris

240 2990 353 3054 factum,
368 2991 442 3039 cuius
452 2991 535 3056 imapa
545 2991 673 3040 delineata
683 2996 756 3038 extat
765 2989 800 3038 ad
809 2991 904 3040 calcem
913 2991 952 3039 ed.
966 2989 1056 3040 Gbscb.
1080 2989 1196 3041 Posteri-

242 3061 299 3111 aris
308 3075 371 3126 pap.
388 3061 522 3128 imapinem
531 3060 764 3126 pbalaprapbicam
774 3059 882 3122 praebet
895 3059 935 3109 ed.
949 3058 1023 3110 Stud.

313 3212 356 3285 ἕξ.
373 3220 432 3269 134.
448 3219 507 3269 135.
529 3217 566 3280 Os.
581 3219 605 3280 ξ.
620 3228 640 3268 a.
659 3216 682 3266 I.
701 3218 733 3267 de
745 3218 805 3281 stip.
819 3233 887 3268 seru.
901 3214 932 3283 (a,
948 3216 991 3284 tt).
1013 3217 1045 3268 L.
1062 3229 1088 3270 to
1099 3233 1142 3282 pr.
1162 3217 1195 3267 L.

243 3299 281 3340 141
289 3303 332 3350 pr.
351 3288 383 3338 D.
399 3289 430 3337 dc
440 3288 508 3338 uerb.
519 3287 566 3338 abl.
583 3285 626 3353 (45,
637 3286 667 3379 1).
687 3287 718 3336 L.
726 3300 753 3339 aa
763 3303 807 3352 pr.
826 3289 858 3338 D.
869 3288 901 3337 de
911 3289 985 3338 cond.
1000 3295 1025 3338 et
1034 3289 1097 3338 dem.
1108 3286 1152 3354 (aa,
1163 3287 1195 3351 1).

277 3353 396 3426 5313&
413 3361 472 3409 137.
494 3357 532 3422 Cf.
549 3353 643 3406 ‘Gaius
665 3373 694 3420 p.
709 3369 734 3409 tt
748 3371 809 3422 seq,
825 3357 868 3407 ubi
882 3364 965 3408 tamen
975 3371 1026 3421 per
1040 3373 1156 3408 errorem
1167 3359 1195 3407 in

242 3430 358 3492 exemplo
374 3429 504 3490 formulae
525 3434 620 3476 certam
639 3429 803 3478 intentionem
817 3443 869 3493 pro
888 3430 990 3478 incerta
1004 3430 1091 3492 posui.
1119 3442 1195 3477 mono

242 3499 320 3549 cvavs
335 3495 395 3564 eta]
418 3503 445 3545 ul
459 3497 508 3546 boc
526 3497 598 3547 moda
614 3497 654 3556 id,
674 3500 749 3548 cuius
767 3500 807 3548 rei
821 3499 877 3548 dies
891 3505 960 3562 erat,
980 3499 1055 3563 quasi
1072 3504 1196 3563 separata
