2680 4118
353 208 413 242 uos.
433 209 465 244 an
483 208 545 243 sou.
565 208 654 246 nuova
673 209 780 244 consur.
799 189 857 246 XV.
878 196 902 244 3.
1037 190 1100 254 693

147 339 221 394 luter
236 339 286 394 hos
301 338 358 410 ’qul
375 329 526 393 hahentur¹
542 339 748 407 uaticinatoros,
770 332 828 392 'hi2
843 353 951 410 quoque
966 337 1102 410 plectendi

149 429 225 491 suut,
251 422 377 493 quoniam
393 436 586 494 nonnunquam
609 430 704 477 contra
727 420 859 494 publicam
880 423 998 494 quictem
1020 423 1103 493 impe-

148 507 272 578 riumque
286 505 380 578 populi
396 504 508 560 Romani
525 504 712 578 improbandas
730 513 802 560 artes
823 512 957 560 exercent.
1000 501 1030 561 4.
1054 504 1102 558 Ex-

149 596 203 644 stat
219 588 335 660 denique
350 581 510 644 ’decretum³
526 587 583 643 diui
598 587 636 642 Pii
652 587 684 642 ad
700 587 838 657 Pacatum,
859 587 977 659 legatum
992 590 1103 660 prouin-

1 710 2 746 ,
150 672 204 727 ciac
220 669 425 744 Lugdunensis,
449 672 525 726 cuius
547 673 670 742 rescripti
694 669 774 726 uerba
790 671 851 742 quia
870 671 953 726 multa
968 679 1047 740 suut,
1070 671 1103 726 de

1 751 2 808 i
82 753 202 816 [malfiae
225 755 283 809 eius
312 753 353 808 ’ad
376 747 486 809 locum⁴
512 755 578 810 haec
605 770 689 826 pauca
716 747 842 809 subieci⁵
884 748 914 809 6.
936 753 1054 824 lienique
1076 764 1103 810 et

149 837 229 893 diuus
245 837 348 894 Marcus
371 853 448 905 eum,
471 839 517 908 qui
539 845 615 894 motu
636 830 778 892 Cassianoss
801 838 959 892 uaticinatus
982 845 1053 907 crat,
1076 845 1103 892 et

149 920 233 976 multa
256 922 333 994 quasi
356 936 387 976 ex
410 922 540 976 instinctu
562 920 674 976 deorum
698 920 812 990 dixerat,
835 922 862 976 io
877 919 989 976 insulam
1006 919 1103 992 Syrum

148 1003 289 1078 relegauit.
335 1001 363 1060 ὅ.
386 1003 437 1058 ‘Et
460 1021 524 1060 sanc
547 1019 602 1060 nou
618 1003 717 1058 dehent
738 1005 847 1075 impune
864 1003 928 1059 lerrl
951 1003 1103 1058 huiusmodi

149 1083 287 1159 homines,
311 1089 357 1160 qui
380 1086 429 1142 sub
446 1086 559 1142 obtentu
581 1077 760 1142 ’monituum⁷
783 1087 894 1143 deorum
911 1086 1040 1159 quaedam
1060 1087 1104 1142 uel

148 1173 300 1240 annutiant,
317 1170 361 1226 uel
376 1172 485 1239 iactant,
501 1171 546 1226 uel
561 1171 678 1226 scientes
695 1170 752 1226 ’eos
768 1163 912 1243 lingunt?8

211 1253 276 1325 llap.
293 1252 335 1307 lll.
363 1251 603 1325 Gregorianus
625 1253 718 1308 libro
739 1248 831 1308 'x111.⁹
851 1254 912 1310 sub
934 1253 1042 1310 titulo
1065 1253 1104 1308 de

148 1335 323 1391 maleficis
346 1343 379 1391 et
394 1335 419 1390 M
426 1329 640 1392 auichacis.¹⁰
673 1337 756 1410 lmpp.
771 1337 949 1408 Maximianus,
964 1336 1104 1393 Diocletia-

149 1434 200 1474 nus
217 1426 244 1472 et
259 1418 417 1474 Maximinus
433 1417 592 1476 nobilissimi
605 1420 682 1478 lxx.
698 1421 799 1476 lulinno
815 1420 972 1494 proconsuli
988 1420 1103 1478 Africae.

148 1498 172 1556 1.
197 1499 255 1556 Otia
270 1503 382 1557 maxima
403 1502 539 1560 interdum
560 1503 681 1558 homiues
704 1505 921 1561 incommodioris
942 1504 1104 1562 conditionis

149 1593 260 1640 naturae
276 1586 408 1642 humanae
424 1586 533 1642 modum
549 1586 679 1642 excedere
694 1587 848 1653 hortantur,
871 1597 898 1642 et
914 1587 1043 1659 quaedam
1057 1603 1104 1660 gc·

150 1685 213 1724 nera
228 1671 382 1725 inanissimo
398 1686 429 1726 ac
450 1672 603 1744 turpissima
619 1670 756 1726 doctrinae
775 1663 1008 1742 ’superstitiosis¹¹
1027 1670 1105 1724 indu·

149 1768 212 1808 cere
227 1753 352 1824 suadent,
371 1763 402 1810 ut
418 1755 459 1810 sui
475 1756 576 1810 erroris
592 1752 702 1808 arbitrio
718 1753 872 1825 pertrahere
884 1759 911 1808 et
923 1751 989 1808 alios
1005 1751 1105 1808 multos

148 1867 361 1878 ——-—-

223 1915 242 1982 ¹)
258 1920 375 1968 habentor
393 1933 461 1981 quam
484 1918 545 1968 Cdd.
565 1919 682 1966 habentur
701 1919 821 1966 etiamen
838 1917 936 1967 Sedult.
955 1919 988 1980 ej.
1009 1917 1048 1965 ed.
1062 1916 1104 1969 Bl.

149 1987 202 2036 Sed
220 1996 281 2036 nota
300 2004 322 2050 q.
339 1986 400 2054 (qui)
419 1989 455 2036 ad
473 1989 550 2036 leuius
569 1991 633 2036 reale
647 1990 731 2036 relata
747 1989 830 2050 facile
848 2003 917 2050 quam
936 1989 1067 2050 explicari
1081 1994 1105 2036 et

150 2058 388 2105 antenaticinatores
400 2059 568 2120 ponipotuit.
616 2055 788 2122 ²)(sed)hiex
798 2057 931 2120 patna.
979 2053 1105 2122 ³)F0rma

149 2127 275 2189 rescripti
289 2127 324 2174 ad
338 2129 549 2176 consultationem
564 2143 599 2175 ex
607 2129 779 2190 appellatione
790 2129 912 2176 emissum.
935 2127 972 2189 Cf.
985 2127 1028 2174 dl.
1045 2126 1103 2175 Vnt.

149 2199 172 2258 ξ.
186 2207 233 2246 113.
287 2193 308 2261 ⁴)
325 2196 364 2259 Cf.
380 2194 498 2245 Brisson.
514 2198 545 2246 de
564 2197 595 2246 V.
610 2196 637 2246 S.
652 2213 673 2246 s.
688 2214 709 2245 o.
726 2198 754 2245 ad
769 2198 783 2245 Ι.
813 2196 866 2246 Sed
879 2197 941 2245 milri
954 2198 1105 2261 significare

149 2267 283 2315 uidentur:
297 2281 363 2329 quae
377 2267 413 2315 ad
427 2268 508 2316 locum
519 2269 660 2330 pertinent,
674 2268 725 2316 ltuc
735 2269 847 2330 faciunt.
914 2264 935 2332 ὁ)
948 2265 1047 2316 Sciult.
1062 2283 1104 2315 re-

148 2338 242 2398 scripti
260 2336 337 2384 verba
357 2337 521 2386 intercidisse
537 2344 622 2400 putat.
651 2337 719 2386 Mitt
735 2352 889 2400 persuasum
907 2344 956 2394 est,
975 2353 1019 2395 ea,
1039 2353 1105 2401 quae

149 2409 172 2467 ξ.
188 2418 208 2456 o.
224 2408 396 2465 continentur,
411 2407 475 2456 llaec
490 2409 547 2470 ipsu
562 2407 640 2456 verda
654 2423 717 2464 esse,
731 2423 748 2456 a
763 2407 881 2456 librariis
890 2422 952 2470 quas
963 2407 1032 2470 quad
1044 2415 1104 2457 ante

149 2479 266 2540 leperant
280 2477 309 2524 de
324 2478 369 2524 tine
385 2477 436 2524 eius
452 2503 485 2514 -
501 2479 592 2526 subieci
611 2479 724 2540 decepit,
746 2479 782 2526 nd
795 2479 871 2540 finem
891 2479 968 2526 totius
985 2480 1105 2540 excerpti

148 2548 254 2594 reiecta.
278 2546 369 2610 Itaque
384 2562 414 2595 ea
429 2546 506 2596 umbo
520 2550 624 2596 mutatis
638 2549 751 2597 numeris
765 2559 778 2599 5
791 2555 816 2596 et
829 2560 842 2599 s
855 2548 905 2596 lluc
919 2548 1104 2610 transferenda

150 2623 219 2666 certe
233 2618 398 2681 allepationis
411 2619 495 2681 sipnis
514 2618 634 2667 distinxi.
700 2614 835 2682 ⁶)a.1ts.,
855 2619 887 2666 de
906 2633 955 2681 quo
974 2618 1023 2667 oid.
1044 2617 1075 2666 L.
1091 2630 1102 2668 t

144 2701 189 2748 pr.
206 2685 282 2735 (lad
300 2689 347 2751 lep.
368 2686 418 2735 Iul.
438 2689 496 2736 mai.
517 2685 552 2753 (t,
571 2688 601 2752 8).
631 2688 766 2750 Capitalin.
783 2687 977 2738 M.Anton.15.
1006 2687 1067 2737 Ver.
1082 2699 1102 2738 8.

154 2756 298 2805 Vulcania
312 2757 390 2806 Avid.
410 2756 514 2806 Tertull.
530 2761 597 2820 apol.
612 2769 645 2809 ss.
717 2755 737 2822 ⁷)
753 2764 776 2805 et
792 2759 881 2806 monitu
895 2757 926 2808 B.
947 2757 991 2806 Ve.
1007 2759 1064 2807 edd.
1080 2763 1104 2805 et

149 2827 263 2874 monitum
283 2827 324 2875 Vi.
351 2827 388 2889 Cf.
402 2827 454 2876 Oia.
469 2828 550 2876 divin.
565 2839 629 2886 mm.
653 2827 733 2876 Tacit.
749 2827 818 2878 Hist.
832 2839 853 2885 t,
868 2839 901 2878 81.
924 2825 1001 2876 Orati.
1017 2827 1102 2878 Inscr.

149 2908 208 2947 ltin.
224 2908 283 2949 1790.
309 2896 404 2945 Gruter
418 2908 465 2955 tot,
480 2910 500 2948 1.
514 2905 539 2946 et
553 2899 584 2946 de
594 2900 696 2961 plurali
706 2897 775 2946 Ptin.
787 2913 882 2963 pnnep.
897 2909 930 2948 tt.
950 2899 1103 2960 reuererique

148 2967 270 3015 numinum
286 2968 397 3016 monitus.
417 2967 488 3016 Plin.
504 2967 535 3018 N.
551 2968 585 3016 H.
601 2981 621 3026 2,
637 2981 657 3025 t,
671 2979 692 3019 5.
717 2968 774 3017 Val.
792 2968 879 3020 Flacc.
895 2980 915 3025 1,
929 2978 963 3019 m.
1022 2965 1043 3032 ⁸)
1058 2967 1103 3016 Sic

151 3036 212 3085 Odd.
229 3037 364 3098 confingunt
378 3052 412 3085 ecc
428 3037 497 3086 Pitlr.
514 3040 546 3100 ci.
561 3039 600 3088 ed.
615 3037 656 3088 Bl.
684 3037 790 3100 Spectat
807 3039 972 3096 donadeus,
987 3039 1032 3102 qui
1046 3039 1103 3101 ipsa

149 3106 255 3155 deorum
269 3109 378 3156 oracula
393 3110 433 3156 uel
447 3109 558 3156 inanitus
568 3110 671 3172 finpunt
680 3108 712 3156 ab
723 3111 784 3156 aliis
797 3109 976 3157 enuntiandas.
1024 3103 1102 3170 ⁹)v11.

148 3175 178 3226 B.
199 3191 235 3226 vr.
255 3175 300 3224 Ve.
319 3191 387 3226 vnn.
404 3180 436 3239 cj.
447 3175 544 3226 Scliult.
575 3178 669 3226 Verius
683 3178 792 3228 Haenel.
808 3180 843 3227 ad
856 3177 897 3226 lid.
913 3177 990 3225 XLV.
1005 3179 1102 3225 retulit.

151 3242 185 3310 l⁰)
199 3245 238 3294 De
252 3247 301 3295 Mac
316 3253 395 3297 const.
411 3247 461 3295 oid.
481 3262 544 3310 quos
562 3249 643 3296 citant
656 3247 698 3297 Bt.
717 3249 753 3297 ad
770 3249 795 3296 lt.
811 3250 827 3296 l.
842 3247 951 3295 Haenel.
970 3247 1006 3294 ad
1026 3245 1101 3308 Grep.

150 3314 176 3364 0.
188 3331 216 3378 p.
230 3327 265 3366 44.
292 3316 434 3378 Inscriptio
449 3319 504 3366 sine
519 3317 595 3368 dudio
610 3325 735 3379 corrupta
750 3325 794 3366 est.
818 3317 893 3378 lmpp.
908 3315 1069 3364 Diocletianus
1080 3322 1103 3362 ct

148 3385 302 3434 Maximianus
316 3388 360 3434 ΔΑ.
377 3393 400 3434 ct
414 3385 566 3437 Constantius
581 3396 604 3436 et
617 3388 771 3436 Maximianus
786 3385 928 3434 nobilissimi
938 3382 982 3432 GC.
994 3387 1027 3447 ej.
1037 3399 1103 3448 pro-

148 3453 242 3504 babilis
261 3457 409 3505 Mommseni
427 3458 463 3506 ad
483 3457 530 3506 ti.
551 3457 608 3506 Vnt.
624 3473 652 3520 p.
666 3467 714 3508 405.
790 3453 822 3518 ¹¹)
842 3455 1019 3518 superstitionis
1040 3454 1102 3504 Gdd.

149 3526 314 3586 superstitioni
328 3527 368 3576 ed.
383 3526 424 3575 Bt.
453 3527 492 3576 De
506 3542 554 3576 usu
569 3527 690 3591 loquendi
705 3528 739 3590 cf.
759 3525 849 3575 Vellei.
865 3537 886 3584 2,
901 3535 934 3575 tt.
954 3527 977 3586 ἕ.
993 3537 1013 3578 1.
