2696 4120
455 231 513 268 narr
530 233 622 268 rnerrr.
641 215 688 270 tv.
709 221 820 271 14-15.
1048 215 1110 280 347

161 373 252 424 certae
268 363 385 421 creditae
401 364 530 436 pecuniae
545 371 658 437 propter
672 365 862 436 sponsionem,
878 381 930 438 qua
946 365 1113 438 periclitatur

161 466 235 521 reus,
258 449 281 504 si
297 457 398 504 temere
413 455 509 518 neget,
533 443 581 520 (et)
603 447 849 520 restipulationem,
872 465 923 522 qua
946 449 1113 522 periclitatur

162 540 253 603 actor,
274 533 296 587 si
317 547 373 588 uon
394 529 512 586 debitum
532 539 622 603 petat:
646 547 706 586 uam
727 533 773 605 qui
789 533 878 588 uictus
894 541 966 602 erat,
983 549 1111 590 summam

163 617 321 674 sacramenti
343 613 496 688 praestabat
512 630 613 686 poenae
628 616 752 683 rrouriue3
776 631 861 688 eaque
876 617 903 672 in
919 616 1054 690 publicum
1069 634 1113 674 ce·

162 699 242 756 debat
257 698 425 774 praedesque
445 714 477 754 eo
499 699 607 754 nomine
621 702 743 772 praetori
756 697 902 769 dabantur,
923 717 977 758 non
997 709 1027 757 ut
1041 717 1113 757 nunc

162 785 318 858 sponsionis
334 791 361 839 et
376 781 591 854 restipulationis
606 798 692 856 poena
703 782 782 838 lucro
799 783 870 838 cedit
883 782 1050 855 aduersario,
1067 787 1113 858 qui

87 876 153 926 [2⁶⁶]
164 869 270 926 uicerit.
321 863 366 922 14.
390 864 479 922 Poena
500 874 590 924 autem
612 867 770 922 sacramenti
793 874 838 922 aut
861 869 1034 940 quingenaria
1055 875 1113 924 erat

162 959 208 1008 aut
230 950 475 1025 quinquagenaria:
498 965 557 1004 narn
580 949 613 1006 de
636 948 716 1006 rebus
738 949 801 1005 mile
815 951 884 1006 aeris
897 951 1020 1024 plurisue
1035 953 1113 1024 quin·

163 1037 253 1110 geritis
275 1033 389 1102 assibus,
413 1033 446 1088 de
468 1034 578 1089 minoris
602 1049 667 1089 uero
691 1034 885 1108 quinquaginta
907 1034 1010 1090 assibus
1026 1051 1112 1092 sacra·

163 1126 254 1175 rnento
278 1116 506 1185 contendebatur;
533 1133 594 1172 uam
620 1118 656 1173 ita
678 1117 738 1190 lege
763 1133 809 1173 111
832 1117 982 1174 tabularum
1005 1128 1112 1174 cautum

163 1211 229 1258 erat.
266 1194 321 1280 (ot)
337 1203 359 1256 si
375 1201 408 1256 de
424 1199 550 1256 libertate
565 1201 681 1256 lrominis
697 1203 882 1257 controuersia
898 1209 970 1269 erat,
986 1204 1037 1258 etsi
1053 1218 1113 1276 pre·

163 1287 325 1344 ticsissimus
342 1285 421 1342 bomo
438 1291 520 1358 esset,
544 1292 631 1340 tamen
647 1292 677 1340 ut
698 1301 717 1342 1.
739 1284 843 1342 assibus
866 1295 1034 1344 sacramento
1049 1302 1114 1342 con-

162 1369 337 1440 tenderetur,
358 1368 449 1426 eadem
470 1368 531 1441 lege
546 1376 653 1424 cautum
668 1376 711 1424 est
725 1367 830 1425 ’fauore
846 1369 948 1427 scilicet
970 1369 1113 1440 libertatis,

164 1469 199 1509 nc
222 1444 419 1508 onerarentur¹
442 1451 603 1508 adsertores.
628 1448 633 1524 Ι
652 1481 1113 1494 -------
1125 1461 1183 1510 192.

164 1535 322 1594 »ιιι-10
569 1539 1098 1595 t-----—-—--

162 1617 208 1678 ta.
232 1619 372 1676 'Ceterum
397 1634 460 1675 cum
481 1614 584 1676 etiam³
611 1623 688 1682 a'tstae
717 1635 810 1676 omnes
832 1623 951 1677 actiones
971 1652 1005 1662 -
1023 1653 1058 1662 -
1071 1651 1114 1663 -

237 1819 257 1888 ¹)
271 1820 316 1871 Sic
335 1821 361 1869 V
363 1817 384 1854 'l
397 1819 505 1887 (tantum
519 1829 644 1872 orarentur
653 1837 705 1886 pro
720 1822 885 1887 onerarentur)
904 1824 980 1888 idque
1000 1825 1050 1872 iant
1064 1822 1112 1889 Bp.

162 1894 201 1943 ed.
217 1903 237 1944 a.
252 1895 285 1954 ej.
301 1899 434 1941 asseeutue
447 1899 511 1942 erat.
569 1889 589 1957 ²)
604 1893 664 1942 Hae
674 1894 766 1957 priore
776 1899 855 1956 parte
869 1897 997 1958 popinae,
1016 1895 1043 1941 in
1063 1909 1114 1958 qua

163 1963 229 2012 nittt
244 1964 295 2028 lapi
304 1963 404 2026 potuit,
419 1963 450 2012 de
464 1963 537 2013 modo
551 1964 708 2012 sacramenti
721 1963 862 2026 disputatio
877 1965 1027 2013 continuata
1041 1971 1066 2014 et
1080 1965 1115 2014 ad

160 2035 237 2096 finem
247 2033 375 2096 perducta
390 2047 445 2082 esse
459 2033 573 2091 videtur,
588 2039 616 2082 ut
629 2041 707 2096 puto,
721 2033 769 2083 boe
781 2034 839 2096 sere
853 2034 942 2084 modo:
960 2031 997 2082 ‘E
1008 2035 1114 2084 diuerso

163 2105 189 2154 si
202 2105 271 2152 inter
282 2106 402 2166 poputum
416 2111 441 2152 et
449 2104 584 2166 priuatum
594 2105 773 2153 controuersia
783 2110 849 2161 erat,
858 2105 914 2152 siue
924 2119 967 2153 res
976 2106 1033 2153 mile
1043 2108 1115 2154 aeris

160 2176 280 2238 plurisue
298 2176 355 2222 siue
373 2175 481 2223 ruinario
499 2181 576 2229 esset,
598 2175 754 2223 sacramenti
769 2188 855 2237 poena
877 2189 911 2223 ear
929 2177 983 2239 leae
1002 2174 1114 2224 Haterio

167 2244 280 2308 Tarpeia
294 2260 310 2292 a
321 2251 445 2308 praetore
461 2243 652 2303 aestimabatur,
661 2245 734 2294 modo
745 2259 776 2292 ne
786 2245 869 2294 minor
879 2247 1024 2310 quingentis
1035 2261 1114 2310 neque

164 2316 247 2364 maior
261 2314 310 2364 III
320 2314 421 2363 milibus
435 2315 505 2364 aeris
518 2321 683 2364 statueretur.
707 2322 847 2378 praeterea
858 2317 912 2381 lepe
921 2315 991 2364 Iulia
1003 2316 1114 2380 Papiria

163 2393 266 2435 cautum
280 2392 325 2441 est,
340 2399 371 2434 ne
382 2387 470 2448 pluris
484 2400 558 2448 quam
572 2387 629 2448 ipsa
644 2400 687 2434 res
701 2392 775 2442 esset,
789 2393 975 2435 sacramentum
988 2394 1113 2438 statuere·

164 2463 208 2504 tur
222 2454 268 2520 (ef.
279 2456 351 2518 infra
360 2467 381 2513 t,
391 2453 436 2520 95).
460 2457 484 2504 εἰ
498 2470 560 2504 uero
575 2457 742 2520 mapistratus
752 2471 803 2518 pro
813 2459 910 2520 populo
924 2457 1023 2522 apedat,
1038 2460 1114 2508 etiam

162 2527 286 2588 priuatus
300 2531 394 2574 tantum
407 2535 568 2576 sacramento
582 2526 801 2591 interrogabatur.
830 2529 905 2591 idque
919 2543 1017 2592 semper
1028 2529 1113 2591 fiebat,

166 2609 224 2643 aum
242 2609 276 2643 eac
289 2597 343 2660 depe
361 2597 448 2660 aliqua
468 2611 535 2656 eum,
557 2599 602 2660 qui
619 2605 711 2646 cantra
729 2599 808 2662 lepem
823 2598 942 2661 fecisset,
964 2601 990 2647 a'n
1011 2614 1114 2649 sacrum

166 2665 285 2714 iudicare
299 2664 398 2728 licebat,
413 2667 442 2715 id
452 2673 489 2716 est
499 2673 526 2715 ut
540 2682 556 2714 a
565 2669 717 2732 magistratu
727 2675 887 2718 sacramento
897 2670 1113 2734 interreperetur,

163 2749 192 2785 se
206 2743 297 2786 eontra
311 2738 390 2801 Iepem
404 2752 454 2787 non
466 2734 583 2800 fecisse’.
619 2735 669 2802 (Cf.
685 2737 745 2786 Lex
757 2736 804 2787 su.
819 2739 851 2787 de
866 2739 946 2801 pond.
961 2739 1032 2803 apud
1047 2739 1112 2788 Fest.

164 2822 186 2856 u.
203 2805 277 2856 Pota
287 2807 408 2870 pondera
419 2823 447 2870 p.
457 2819 503 2858 aaa.
523 2807 582 2864 Lex
596 2808 627 2856 de
642 2809 718 2870 inser.
730 2824 752 2856 a.
763 2819 774 2860 t
786 2805 825 2874 [0.
836 2806 858 2857 I.
869 2809 900 2857 L.
911 2809 932 2857 I.
944 2821 1003 2860 1409.
1015 2825 1042 2872 p.
1054 2805 1113 2876 263]

166 2877 217 2926 Cic.
232 2877 264 2926 de
278 2892 332 2940 rep.
349 2889 369 2938 a,
384 2887 417 2928 aa.
439 2877 504 2927 Fest.
520 2894 541 2926 o.
557 2875 757 2927 Sacramentum.
782 2877 949 2930 Sacramenta
962 2895 988 2943 p.
1004 2892 1050 2932 eat.
1065 2893 1114 2932 att.

164 2946 258 3012 Mill).
312 2944 332 3012 8)
348 2947 392 2996 Ad
403 2950 553 2998 sententiam
567 2951 690 3012 supplevi.

163 3124 211 3187 lep.
226 3129 305 3185 repet.
322 3139 344 3172 a.
359 3134 386 3173 24
400 3122 454 3189 (Kl.
465 3140 493 3186 p.
508 3122 553 3189 40).
580 3124 632 3174 cie.
643 3139 695 3188 pro
711 3125 768 3174 Mil.
783 3135 816 3174 tt.
832 3140 884 3188 pro
901 3125 973 3176 Gaea.
989 3138 1022 3178 aa.
1042 3129 1065 3188 ξ.
1080 3137 1115 3178 st.

164 3194 191 3241 in
210 3192 287 3242 Verr.
302 3203 323 3250 a,
338 3205 358 3255 1,
372 3205 407 3246 aa.
422 3196 446 3255 ς.
462 3206 507 3245 118.
527 3195 559 3242 de
573 3201 639 3244 orat.
655 3207 674 3256 t,
685 3207 725 3250 no.
741 3196 765 3256 ξ.
779 3205 813 3244 tn.
835 3211 886 3258 pro
901 3197 974 3247 domo
989 3209 1022 3248 ns.
1042 3199 1065 3258 ἓ.
1081 3208 1115 3248 ts.

162 3263 195 3311 de
209 3277 265 3326 rep.
279 3273 300 3321 2,
314 3275 348 3315 aa.
364 3264 387 3324 §-
398 3275 431 3314 oo.
452 3265 487 3313 ad
498 3265 581 3326 famil.
597 3277 617 3322 t,
628 3275 661 3316 tu.
683 3264 924 3330 Arnodadnpent.
936 3278 1001 3324 4,16.
1026 3267 1114 3316 Vater.

165 3333 238 3382 Marc.
254 3344 309 3392 t,8.
325 3335 347 3394 ἓ.
365 3344 385 3382 a.
400 3345 421 3391 8,
436 3345 456 3385 t.
471 3336 494 3396 ξ.
509 3346 529 3386 t.
592 3330 616 3403 ξ.
633 3338 673 3385 lt.
695 3335 733 3399 Cf.
753 3335 849 3393 Varro,
867 3335 931 3384 Fert.
948 3337 973 3384 tt.
990 3351 1026 3384 ec.
1049 3335 1069 3383 si
1085 3336 1114 3383 de

163 3399 286 3469 libertate]
303 3405 337 3466 cf.
353 3403 411 3452 Lio.
426 3416 446 3460 a,
461 3416 488 3454 tt
501 3419 553 3468 seq.
616 3400 641 3472 ᾗ.
659 3407 699 3456 15.
720 3405 758 3468 Cf.
779 3405 866 3456 Valer.
885 3404 961 3456 Prob.
976 3417 996 3454 a.
1018 3419 1114 3456 carrus

162 3470 226 3541 eru]
243 3475 365 3537 of.§.1a.
387 3490 408 3522 a.
428 3489 535 3530 evauno
555 3489 658 3526 narrant
677 3490 864 3526 vrrrmcavrsrr.
898 3475 927 3523 ad
947 3471 1059 3540 iudicem]
1079 3474 1114 3536 ef.

162 3544 186 3605 §-
202 3555 234 3595 18.
255 3544 293 3592 die
308 3541 383 3611 m]
398 3544 433 3606 cf.
447 3543 533 3594 Sedet.
550 3545 601 3594 Cio.
622 3546 698 3598 Verr.
710 3557 729 3603 e,
741 3558 761 3604 1,
771 3557 791 3596 9.
812 3548 834 3607 ἓ.
850 3556 875 3596 ta
889 3543 958 3594 Bait.
978 3559 1021 3608 per
1039 3545 1117 3607 legem

1100 1530 1170 1570 tue.
