2680 4118
526 929 637 1003 [desunt
650 937 766 1002 paniaae
784 932 938 1004 oatoyinta]

542 1087 583 1128 EX
600 1086 704 1128 EMP'PO
719 1087 761 1129 ET
775 1085 923 1129 VENDITO

153 1183 249 1291 [1]6⁰·b·
321 1183 416 1248 1¹..
433 1189 521 1257 ,Qut
541 1208 558 1246 a
581 1180 719 1267 moliare}
739 1191 797 1246 sine
818 1191 919 1248 tutoris
941 1190 1101 1247 auctoritate
1124 1193 1287 1250 sotensium

152 1255 249 1335 ’ν’ῗιι.ιι
225 1280 316 1333 aaroni
338 1275 451 1348 mancipi
475 1275 549 1342 emit,
573 1273 616 1328 uel
638 1273 707 1328 salso
729 1280 822 1330 tutore
844 1283 965 1346 auctore,
988 1291 1066 1346 quem
1082 1277 1145 1332 sciit
1159 1293 1216 1334 nou

155 1341 207 1378 ⁸¹¹
221 1339 238 1382 ¹
241 1337 327 1428 ¹essn,
346 1373 400 1412 uon
417 1357 525 1412 uidetur
539 1355 610 1412 bona
625 1355 677 1412 fide
692 1359 798 1413 emisse
835 1359 926 1432 itaque
942 1367 968 1414 et
984 1366 1091 1414 ueteres
1105 1368 1215 1433 putant,

259 1450 286 1498 et
301 1439 415 1496 Sabinus
437 1448 465 1496 et
481 1439 587 1496 Cassius
610 1439 742 1498 scribunt.
786 1439 873 1498 Labeo
890 1441 996 1514 quidem
1011 1443 1141 1516 nutabat,
1163 1461 1216 1502 neo

258 1541 308 1600 pro
326 1533 447 1596 emptore
463 1540 524 1580 eum
539 1523 688 1596 possidere,
711 1525 759 1581 sed
775 1541 824 1598 pro
840 1542 1014 1598 possessore3
1037 1527 1168 1584 Proculus
1186 1538 1215 1584 et

258 1607 367 1680 Celsus,
390 1624 440 1680 pro
463 1617 598 1680 emptore,
622 1607 694 1680 quod
716 1617 759 1664 est
780 1610 884 1664 uerius:
907 1625 966 1665 nam
983 1618 1010 1664 et
1025 1610 1131 1667 iruotus
1147 1627 1214 1667 suos

258 1692 337 1762 iacit,
360 1693 422 1765 quia
436 1691 539 1748 seilicet
556 1691 695 1747 uoluntate
711 1692 833 1747 dominae
849 1694 976 1768 percipit3
1000 1701 1027 1748 et
1043 1693 1139 1750 mulier
1153 1696 1212 1751 sine

258 1776 358 1834 tutoris
387 1777 547 1833 auctoritate
575 1777 778 1848 possessionem
806 1775 920 1832 alienare
949 1784 1055 1850 potest:
1083 1778 1210 1850 lulianus,

258 1869 371 1934 propter
385 1859 542 1916 Rutiliauam
562 1853 799 1916 constitutionem²
814 1877 886 1930 eum,
909 1862 954 1932 qui
973 1862 1091 1933 pretium
1106 1863 1210 1918 mulieri

258 1944 391 2016 dedisset,
419 1946 498 2000 etiam
527 1959 688 2016 usucapere3
718 1952 745 2000 et
767 1945 790 2000 si
811 1953 872 1999 ante
898 1946 1090 2017 usucapionem
1117 1944 1212 2002 offerat

259 2028 356 2084 mulier
370 2029 525 2100 pecuniam,
540 2027 662 2082 desinere
678 2043 738 2082 eum
754 2043 910 2100 usucapere.

153 2103 249 2182 Hm
323 2107 351 2168 2.
376 2103 564 2185 ³Papiuiunus¹
578 2110 647 2166 libro
663 2109 703 2166 Ili.
720 2111 929 2184 Responsorum.
956 2111 1061 2168 Usurae
1077 2112 1210 2170 uenditori

174 2189 241 2226 ¹¹³¹*
261 2205 325 2269 post
347 2195 472 2252 traditam
487 2195 687 2267 possessionem
702 2195 813 2251 arbitrio
828 2195 923 2252 iudicis
939 2205 1126 2269 praestantur3
1150 2205 1212 2254 aute

259 2279 384 2336 traditam
400 2287 488 2334 autem
504 2279 703 2350 possessionem
719 2281 833 2352 emptori
850 2295 959 2352 quoque
978 2280 1082 2336 fruetus
1097 2282 1137 2336 rei
1151 2282 1211 2338 uice
1238 2326 1251 2346 ,

259 2371 352 2418 mutua
366 2362 489 2435 praeberi
504 2377 615 2417 necesse
631 2370 684 2417 est:
701 2363 728 2417 iu
743 2371 841 2418 neutro
857 2379 931 2418 mora
946 2363 1168 2421 considerabitur.

322 2441 351 2500 3.
376 2439 537 2508 ⁶Venditor,
561 2446 607 2516 qui
628 2444 715 2517 legem
738 2448 948 2502 commissarium
970 2447 1210 2519 exerceremini,

261 2526 295 2582 ob
310 2525 446 2582 residuum
462 2528 579 2599 pretium
600 2527 699 2584 iudicio
715 2529 819 2586 uenditi
841 2538 915 2588 reate
937 2532 1006 2604 agit3
1029 2547 1083 2605 quo
1106 2541 1210 2602 secuto,

259 2611 314 2683 legi
328 2611 510 2665 renuntiatum
530 2608 646 2672 uidetur.

334 2775 353 2842 1)
369 2778 490 2828 Fortasse
505 2779 570 2828 idem
580 2781 652 2829 loeas
661 2787 807 2844 tantamque
817 2781 872 2830 iuri
883 2779 1027 2832 Iustiniana
1037 2783 1209 2833 accommoda-

260 2856 301 2898 tas
315 2856 353 2898 ert
367 2848 398 2897 L.
413 2859 447 2900 27.
470 2849 503 2898 D.
518 2850 550 2898 de
565 2858 646 2900 contr.
662 2857 734 2914 empt.
750 2849 851 2916 (18,1),
871 2867 903 2900 aaa
920 2851 1008 2901 Paulli
1023 2853 1065 2902 tia.
1086 2853 1161 2906 VIII.
1176 2855 1211 2903 ad

259 2918 382 2968 Sabinam
396 2920 535 2982 desumpta.
564 2920 603 2970 De
617 2928 704 2972 nostro
719 2921 754 2983 of.
770 2921 927 2984 Zeitseizr.f.
945 2922 996 2971 Cio.
1013 2939 1036 2972 a.
1049 2923 1126 2973 Prae.
1139 2923 1169 2972 N.
1180 2923 1206 2974 F.

265 2989 342 3038 XIV.
354 3006 382 3053 p.
393 3001 425 3040 2ο.
450 2989 594 3040 Labeonem
608 2993 713 3041 monisse
724 2992 833 3050 videtur,
849 2993 917 3055 qnod
925 2995 1017 3042 mulier
1026 3009 1060 3042 em
1070 3001 1150 3058 empto
1160 3009 1207 3044 non

261 3067 361 3109 tenetur
375 3059 445 3124 (Gai.
457 3074 476 3118 1,
488 3059 537 3126 192)
552 3063 621 3111 sicat
631 3063 765 3124 furiosas:
778 3069 823 3110 aat
838 3064 906 3126 quod
919 3065 976 3113 aira
991 3063 1022 3112 ab
1037 3079 1120 3114 amore
1130 3065 1208 3113 dona·

260 3138 311 3180 tam
325 3147 376 3181 non
387 3147 438 3194 pro
453 3132 548 3182 donato
559 3133 716 3196 possidetur.
740 3132 787 3180 sed
800 3139 909 3196 atraque
924 3149 1003 3183 caasa
1018 3135 1150 3184 dissimilis
1160 3142 1205 3202 est.

262 3201 375 3251 Ceterum
390 3203 425 3266 of.
436 3201 467 3250 L.
478 3214 510 3253 12.
528 3204 550 3263 ἓ·
562 3215 581 3253 2.
602 3202 634 3250 Ι).
650 3203 681 3250 de
696 3201 796 3251 Publio.
812 3201 843 3267 (6,
854 3205 884 3268 2).
900 3204 931 3252 L.
942 3215 975 3255 as.
995 3204 1027 3256 Ι),
1043 3206 1074 3254 de
1088 3220 1148 3255 non.
1159 3213 1206 3254 act.

259 3271 290 3338 (9,
304 3273 336 3340 4).
411 3270 431 3338 ¹)
450 3273 487 3334 Cf.
508 3273 595 3322 Valer.
612 3272 684 3321 Maia.
701 3283 721 3330 2,
736 3285 757 3330 9,
772 3285 791 3322 1.
866 3270 887 3339 ³)
905 3274 943 3338 Cf.
959 3275 1035 3324 Paul.
1050 3274 1076 3324 S.
1093 3275 1124 3324 R.
1139 3286 1159 3333 2,
1174 3287 1205 3326 tt.

259 3345 283 3404 §.
298 3357 317 3395 9.
333 3345 364 3392 L.
380 3357 413 3394 aa.
429 3345 467 3405 ἐξ.
484 3355 516 3392 2ο.
532 3354 565 3393 21.
586 3343 618 3391 D.
633 3343 664 3392 de
679 3351 728 3392 aot.
744 3350 816 3406 empt.
832 3343 876 3410 (19,
892 3345 921 3409 1).
937 3344 968 3394 L.
983 3355 1003 3396 5.
1021 3345 1046 3394 O.
1058 3347 1113 3396 eod.
1125 3349 1154 3410 (a,
1164 3346 1206 3410 19).

259 3413 292 3462 L.
307 3427 327 3465 2.
345 3415 369 3463 0.
386 3415 417 3462 de
432 3429 502 3462 usar.
518 3411 549 3476 (4,
560 3411 604 3478 32).
656 3410 677 3474 ⁴)
693 3414 717 3462 P.
738 3413 768 3463 V.
780 3415 797 3462 i.
808 3429 829 3464 e.
842 3414 1005 3478 Papinianus
1019 3413 1080 3482 (non
1094 3416 1208 3474 Paulino,

259 3482 290 3530 L.
306 3495 339 3534 aa.
354 3486 377 3545 ξ.
393 3497 412 3534 1.
432 3484 464 3532 D.
480 3485 511 3532 de
526 3498 595 3532 asan
607 3495 640 3545 aa,
652 3482 683 3549 1).
736 3481 757 3550 Β)
773 3484 810 3548 Of.
826 3485 857 3534 L.
868 3497 888 3537 1.
908 3485 939 3534 Ι).
955 3486 986 3535 de
1001 3488 1016 3534 l.
1028 3501 1114 3536 eornm.
1126 3487 1167 3552 (18,
1177 3484 1207 3550 a).

259 3551 291 3600 L.
306 3565 332 3603 28
342 3569 385 3615 pr.
406 3554 437 3601 D.
452 3553 483 3602 de
498 3556 587 3604 minor.
603 3553 634 3619 (4,
649 3555 680 3620 4).
