2700 4118
262 152 326 217 670
438 171 497 207 uos.
516 172 556 207 nr.
575 171 638 208 sorr.
657 171 746 208 nnovu
764 173 869 208 concur.
889 154 946 208 VII.
968 160 991 207 1.
1010 159 1035 208 2.

261 302 298 355 rit
312 315 373 355 cum
388 315 472 356 uxore
487 302 570 374 patris
589 302 648 369 sui3
671 309 699 357 et
720 301 785 358 dicit
808 302 894 357 omnis
916 301 1048 376 populus:
1073 299 1133 370 θαι,
1159 301 1214 360 θαι.

261 379 289 440 2.
313 382 485 456 Maledictus,
508 385 554 457 qui
575 383 750 441 concubuerit
772 401 833 442 cum
852 401 948 441 sorore
963 401 1011 441 sua
1026 385 1059 441 de
1077 395 1217 458 patreaut

261 465 294 522 de
309 474 406 532 matre;
430 475 459 522 et
480 466 545 523 dicit
566 469 651 523 omnis
673 468 804 542 populus:
828 465 882 540 θαι,
906 467 960 526 θαι.
996 465 1025 526 3.
1048 468 1216 542 Maledictus,

261 551 307 622 qul
322 549 498 607 concubuerit
513 568 573 608 curn
595 568 665 607 nuru
684 568 747 615 sua:
770 560 798 608 et
812 552 877 609 dicit
892 554 978 608 omnis
1000 552 1131 626 populus:
1155 552 1214 626 fiat,

261 631 316 690 θαι.
354 631 383 690 4.
406 633 570 707 Maledictus,
594 637 639 709 qui
654 635 829 692 concubuerit
845 652 905 692 cum
921 652 1002 694 socru
1016 651 1080 712 sua3
1104 645 1132 693 et
1146 637 1213 696 dicit

261 719 348 774 omnis
369 718 502 792 populus:
530 717 591 789 θαι,
618 717 673 776 liat.
716 717 744 776 o.
773 719 942 790 Maledictus,
970 721 1016 794 qui
1038 719 1214 778 concubuerit
1231 729 1290 779 [⁵⁷³]

260 817 320 857 curn
336 817 432 858 sorore
446 803 530 875 patris
546 801 603 876 sui,
628 811 655 858 et
673 803 737 860 dicit
752 805 838 859 omnis
853 803 986 878 populus:
1009 803 1069 875 θαι,
1092 803 1146 860 θαι.
1183 799 1213 865 6.

260 883 427 957 Maledictus,
451 887 497 959 qui
512 885 687 942 concubuerit
702 903 763 944 cum
778 903 873 942 sorore
889 889 979 943 matris
994 903 1075 956 suac;
1100 897 1127 944 et
1148 888 1214 946 dicit

261 969 345 1024 omnis
361 969 493 1042 populus:
515 968 570 1039 θαι,
587 968 641 1026 θαι.
677 966 703 1026 7.
720 969 884 1042 Maledictus,
901 973 946 1044 qui
961 971 1138 1028 concubuerit
1152 987 1214 1028 curn

259 1067 354 1108 sorore
377 1055 468 1109 uxoris
491 1069 569 1126 suae3
599 1062 626 1109 et
648 1053 712 1110 dicit
734 1056 819 1110 omnis
842 1055 975 1128 populus:
998 1053 1059 1127 liat,
1083 1053 1138 1111 θαι.
1182 1053 1213 1112 8.

260 1134 426 1204 Maledictus,
443 1139 487 1210 qui
504 1136 643 1193 dormierit
661 1153 721 1192 curn
736 1154 821 1194 uxore
836 1139 925 1194 iratris
937 1140 994 1207 sui;
1010 1147 1038 1194 et
1050 1137 1114 1195 dicit
1127 1141 1213 1195 omnis

260 1219 391 1292 populus:
416 1217 470 1288 θαι,
494 1218 548 1276 liat.
592 1218 621 1278 9.
645 1220 810 1293 Maledictus,
833 1224 878 1294 qui
900 1221 1041 1278 dormierit
1061 1223 1213 1279 cumomni

259 1318 372 1376 pecore;
396 1311 423 1358 ct
438 1303 504 1358 dixit
518 1306 604 1360 onrnis
619 1305 753 1377 populus:
777 1303 835 1368 liat,
853 1303 908 1361 θαι.

365 1383 468 1445 Explicit
481 1383 562 1432 titulus
577 1385 606 1433 de
622 1381 755 1452 [adulteris,
770 1385 943 1449 stupratoribus
958 1381 995 1452 et]
1011 1385 1117 1435 incestis.

642 1568 643 1572 ’
687 1566 784 1602 INCIPIT

402 1643 473 1728 (mr.
492 1644 554 1728 ru.)
583 1667 625 1708 un
639 1667 770 1711 rvurnvs
786 1667 943 1710 breodun
959 1668 1075 1712 nonvu.

322 1759 388 1834 Καρ.
411 1761 432 1818 l.
477 1761 605 1828 Quodsi
634 1761 808 1817 duodecim
838 1761 977 1819 tabulae
1004 1771 1212 1820 nocturnum

259 1844 368 1901 iurem
398 1841 675 1920 'iquoquomodm
707 1847 874 1902 diurnum
903 1839 966 1921 si)¹
993 1855 1050 1902 aut
1077 1849 1150 1902 ensi
1176 1862 1213 1902 se

259 1923 336 1986 aut²
370 1929 441 1986 telo
474 1928 683 1999 detenderit,
720 1929 878 1985 interfici
910 1929 1045 1986 iubent:
1080 1931 1212 1986 scitote

262 2013 531 2084 iurisconsulti,
568 2014 648 2086 quia
680 2013 811 2086 Moyses
844 2014 942 2085 prius
973 2013 1036 2070 hoc
1069 2015 1211 2085 statuit,

260 2099 354 2154 sicut
376 2095 483 2153 lectio
506 2095 720 2152 manifestat.
757 2095 894 2170 Moyses
916 2089 1036 2152 dicitz³
1067 2095 1092 2154 1.
1109 2096 1212 2170 Siper·

261 2181 364 2237 fodiens
380 2189 461 2237 nocte
476 2182 605 2254 parietem
619 2181 747 2236 inuentus
762 2180 844 2235 luerit
860 2179 910 2249 lur,
929 2188 956 2236 et
970 2182 1137 2253 percusserit
1150 2197 1211 2236 eum

261 2265 337 2328 alius,
353 2274 381 2322 et
394 2273 516 2321 mortuus
533 2263 613 2320 luerit
628 2264 686 2336 hic,
706 2280 761 2319 non
777 2273 819 2320 est
833 2262 965 2320 homicida
980 2266 1017 2336 is,
1041 2266 1087 2337 qui
1102 2280 1211 2338 percus-

261 2351 327 2404 serit
342 2365 413 2408 eum.
457 2345 485 2419 2„
511 2346 539 2402 Si
553 2356 642 2403 autem
657 2347 699 2403 sol
714 2355 792 2403 ortus
808 2347 888 2403 luerit
902 2363 986 2421 super
1000 2363 1070 2418 eum,
1091 2364 1155 2404 reus
1171 2356 1213 2404 cst

262 2432 356 2487 mortis
371 2447 527 2504 percussor,
543 2439 569 2486 et
584 2433 642 2503 ipse
657 2433 796 2488 moriatur.
1115 2425 1118 2430 ’

323 2513 390 2587 llap.
406 2513 436 2568 ll.
474 2513 599 2569 Paulus
621 2513 712 2570 libro
735 2517 986 2571 sententiarum
1000 2531 1030 2574 v.
1047 2515 1084 2570 ad
1103 2515 1211 2589 legem

261 2597 452 2654 Corneliam
474 2597 512 2652 de
534 2597 674 2652 sicariis
697 2607 731 2654 et
752 2598 932 2658 ueneiicis.
968 2595 992 2656 1.
1009 2599 1037 2654 Si
1052 2600 1112 2673 quis
1125 2597 1211 2654 iurem

261 2689 434 2752 nocturnum,
457 2680 501 2736 uel
523 2680 659 2753 diurnum,
683 2699 742 2738 cum
760 2699 789 2738 se
805 2681 860 2737 telo
884 2682 1051 2754 defenderet,
1075 2682 1212 2752 occiderit,

261 2767 310 2822 hac
326 2764 510 2838 quidenuege
526 2782 581 2820 non
597 2773 718 2820 tenetur:
741 2766 788 2820 sed
811 2765 905 2822 melius
928 2766 1033 2838 iecerit,
1055 2759 1129 2838 ’quii
1151 2781 1212 2820 eum

261 2849 485 2922 comprehensum
514 2849 749 2906 transmittendum
777 2849 809 2904 ad
835 2849 986 2922 praesidem
1011 2847 1212 2924 magistratibus

261 2934 398 3006 wfflfflt

334 3081 353 3150 1)
368 3083 553 3150 (quoquomodo,
569 3081 688 3148 diurnum)
702 3084 785 3146 suppl.
799 3081 841 3131 Bi.
893 3079 914 3148 Σ)
929 3083 1057 3133 autemsise
1072 3091 1112 3132 aut
1126 3082 1157 3132 B.
1173 3089 1213 3131 aut

260 3155 325 3204 ensis
339 3169 365 3203 se
380 3162 421 3204 aut
435 3155 476 3205 Vi.
491 3161 531 3203 aut
545 3155 647 3203 tensisse
658 3160 698 3202 aut
711 3153 756 3202 Ve.
772 3159 849 3201 autem
865 3154 886 3202 si
896 3169 922 3202 se
932 3154 971 3203 ed.
982 3153 1024 3204 Bt.
1047 3152 1121 3214 Quod
1130 3161 1213 3203 autem

259 3227 291 3275 de
305 3227 362 3276 eost
375 3228 425 3285 ait,
444 3240 495 3278 ooo
513 3226 578 3287 ipsis
592 3231 639 3271 ΧΠ
650 3223 699 3272 tub.
715 3223 831 3272 tribuunt
849 3226 964 3274 certiora
978 3225 1129 3274 'testimonio
1149 3222 1212 3289 (oid.

258 3296 361 3347 Seducit
375 3302 423 3342 XII
434 3295 484 3344 tud.
495 3311 523 3358 p.
539 3294 605 3360 tto),
620 3295 666 3343 sed
680 3295 889 3356 interpretationi
902 3295 1016 3344 debetur.
1043 3295 1080 3357 Cf.
1091 3293 1163 3344 Sero.
1180 3294 1215 3342 ad

259 3368 323 3419 Aen.
339 3379 359 3425 9,
374 3377 420 3418 tta.
450 3365 509 3428 Ipse
523 3380 583 3414 vero
598 3365 646 3414 boc
660 3364 793 3414 addidisse
807 3365 921 3426 uidetur,
936 3372 963 3413 ut
976 3367 1059 3414 maior
1074 3371 1215 3428 appareret

259 3445 306 3484 ΧΗ
322 3436 387 3486 ιαθθ.
408 3452 463 3485 cum
482 3437 537 3499 depe
556 3435 606 3484 Dei
623 3435 776 3493 similitudo,
797 3451 852 3484 cum
868 3436 978 3498 facilius
996 3450 1055 3484 eose
1075 3451 1149 3498 quam
1163 3436 1214 3483 teto

259 3507 347 3568 paries
357 3506 518 3570 perforetur.
576 3501 596 3571 8)
610 3505 696 3555 Exod.
711 3516 745 3562 αα,
760 3517 779 3555 2.
794 3517 815 3558 3.
871 3503 893 3571 ⁴)
907 3505 937 3554 B.
953 3507 974 3554 si
994 3505 1039 3554 Ve.
1059 3505 1101 3554 Vi.
1117 3505 1156 3554 ed.
1171 3502 1213 3553 Bl.
