2672 4112
474 236 500 271 M.
520 235 631 271 TVLLIVS
649 235 750 271 emeno.

389 387 451 453 *M
476 387 659 454 TVLLIVS
682 389 839 456 CICERO

434 493 512 560 (natus
527 510 548 544 a.
564 511 586 544 u.
601 507 648 548 648.
664 496 724 545 obiit
737 496 793 560 711).

462 602 503 640 nn
518 601 653 644 uncrnvs
667 587 763 644 niem.

199 679 242 733 Ex
258 677 399 734 Ciceronis
415 677 449 730 de
462 676 571 746 legibus
585 677 665 732 libris
675 695 746 746 quoe
756 683 912 750 supersunt,
925 681 1095 736 editionibus

129 747 1095 821 primeatquealtercomissequidincensufucrit,otinhencsyllogen

130 817 649 942 cumscientiam?
665 819 800 958 icoo
814 820 882 876 it
896 821 1095 948 destiti

131 907 159 943 sc
256 905 494 944 ,eossc
584 931 692 943 ...
789 907 1095 947 exosu1.1eme

131 959 247 1015 consilio
266 907 402 1024 auctoris?
416 958 450 1010 dc
469 960 595 1027 tempore
615 907 806 1014 condcribendi
823 909 980 1030 Iddendique
994 962 1094 1032 operis,

131 1030 251 1098 denique
266 1031 300 1083 de
314 1031 378 1083 tota
390 1030 489 1081 horum
502 1029 636 1082 librorum
650 1030 760 1084 retione
775 1031 882 1085 dictum
896 1034 946 1086 est.
970 1034 1002 1085 In
1015 1035 1095 1086 textu

131 1100 327 1154 constituendo
342 1100 372 1152 in
386 1099 546 1152 universum
560 1099 671 1166 quidem
685 1101 831 1156 novissimi
846 1101 962 1156 editoris
975 1102 1096 1156 Vuhlcni

130 1171 354 1238 recognitionem
369 1168 470 1237 (Berol.
487 1170 566 1237 1871)
582 1172 702 1238 secutus,
720 1171 797 1224 haud
815 1188 879 1225 roro
896 1174 993 1226 temen
1011 1172 1046 1226 eb
1061 1188 1095 1225 ee

31 1245 35 1260 ’
130 1241 319 1294 recedendum
340 1239 446 1308 putavi.
485 1238 607 1304 Quarum
631 1241 755 1294 omnium
777 1243 976 1310 mutationum,
1000 1242 1096 1312 paucis

132 1311 266 1390 conceptis,
283 1310 314 1362 in
332 1310 431 1362 eodem
451 1326 534 1376 quem
552 1309 675 1376 laudavi,
693 1311 923 1392 commentariolo
941 1312 1015 1366 ratio
1033 1312 1095 1366 red-

134 1381 199 1433 dita
216 1383 268 1434 est.
292 1380 397 1447 Restat,
412 1381 444 1431 ut
457 1381 591 1433 lectorem
604 1397 741 1448 moneam,
762 1383 889 1436 ood1oum
901 1399 986 1436 menn
1001 1399 1095 1437 exara·

134 1453 231 1502 torum
251 1449 296 1516 qui
314 1449 364 1503 eoli
376 1450 435 1503 fere
449 1450 504 1502 fide
519 1450 597 1519 digni
611 1451 748 1517 videntur,
764 1452 881 1507 duorum
895 1454 1094 1508 Vossianorum

130 1521 211 1588 pute,
227 1519 347 1574 alterum
361 1521 408 1587 qui
422 1521 517 1601 seculo
531 1521 677 1601 undecimo
692 1523 809 1591 scriptus
822 1525 946 1592 putetur,
961 1524 1045 1578 litere
1059 1525 1095 1587 A,

131 1591 261 1657 alterum,
282 1607 364 1658 quem
378 1590 543 1644 duodecimo
558 1594 708 1660 esmgnent,
722 1593 805 1648 litero
818 1593 855 1662 B,
874 1609 907 1646 ex
925 1593 1094 1648 editionibus

31 1667 33 1692 ³
135 1661 167 1716 V.
186 1660 393 1714 Vahleniunum
411 1662 468 1716 edd.
488 1661 618 1730 vulgares
638 1663 795 1732 significari.

478 1772 587 1826 LIBER
604 1773 748 1828 PRJMVS.

32 1939 33 1942 Ἴ
192 1865 213 1920 Ι.
237 1861 263 1920 1.
287 1865 410 1922 Atticus⁸
426 1865 514 1921 Lucus
530 1866 636 1938 quidem
651 1867 696 1922 ille
711 1875 739 1922 et
753 1869 819 1923 haec
832 1868 1000 1942 Arpinatium
1016 1883 1096 1940 quer·

32 1951 33 1990 ἶ
131 1967 180 2006 cus
195 1950 355 2022 agnoscitur
369 1965 450 2022 saepe
465 1965 479 2004 a
494 1965 536 2004 me
551 1949 639 2004 iectus
654 1952 681 2004 iu
696 1949 795 2006 Mario:
811 1953 833 2005 si
850 1958 940 2005 manet
954 1951 1001 2006 illa
1017 1966 1096 2024 quer-

134 2049 195 2104 cus,
209 2033 273 2087 haec
287 2039 329 2088 est
343 2031 485 2106 proiect03
502 2033 601 2088 etenim
617 2041 659 2088 est
675 2049 738 2088 sane
754 2043 844 2089 uetus.

202 2115 328 2182 Quintus,
360 2116 448 2171 Manet
470 2131 546 2186 uero,
569 2117 657 2172 Attice
671 2125 776 2188 noster,
799 2125 827 2173 et
841 2115 1095 2190 compermanebit:

133 2207 194 2255 sata
210 2207 251 2254 est
265 2201 334 2254 enim
349 2201 474 2273 ingenim
491 2199 592 2255 nullius
607 2208 698 2256 autem
713 2201 846 2274 agricolae
857 2200 933 2256 cuitu
945 2201 1026 2275 stirps
1042 2207 1095 2256 tam
1186 2269 1194 2284 ἱ

32 2291 37 2349 ’;
133 2285 262 2340 diuturna
276 2299 356 2356 quam
371 2288 469 2356 poetae
485 2299 566 2338 uersu
580 2285 704 2340 seminari
718 2293 821 2357 potest.

199 2367 232 2423 Α.
256 2365 314 2433 Quo
335 2367 442 2422 tandem
461 2367 553 2436 modo,
573 2366 680 2439 Quinte,
703 2377 749 2424 aut
769 2369 847 2442 quale
862 2376 904 2425 est
918 2369 999 2440 istuc,
1022 2368 1096 2442 quod

32 2467 33 2500 2
134 2455 232 2524 poetae
240 2451 352 2506 serunt?
363 2451 428 2506 mihi
435 2452 503 2505 emim
512 2450 611 2506 uideris
623 2451 731 2508 fratrem
743 2451 875 2507 laudando
887 2452 1027 2523 suffragari
1036 2451 1094 2510 tihi.

199 2529 227 2592 2.
248 2534 282 2602 Q.
306 2533 348 2589 Sit
363 2529 513 2594 ita'sane.1
529 2551 624 2590 uerum
639 2543 738 2606 tamen,
753 2533 816 2590 dum
828 2535 935 2591 Latinae
949 2536 1097 2608 loquentur

131 2619 253 2690 litterae,
277 2634 395 2690 quercus
416 2618 479 2673 huic
497 2617 558 2673 loeo
578 2634 633 2674 non
653 2618 749 2690 deerit,
770 2635 837 2692 quae
853 2619 966 2674 Mariana
981 2617 1095 2690 dicatur,

31 2727 35 2760 ι
131 2719 230 2775 eaque,
254 2709 284 2756 ut
300 2703 335 2756 ait
350 2701 480 2757 Scaeuola
496 2701 529 2756 do
549 2700 640 2756 fratris
660 2703 713 2757 mei
727 2701 821 2772 Mario,
843 2699 980 2758 ‘canescet
1002 2702 1096 2758 saeclis

130 2784 373 2842 innumerabilibus
382 2787 402 2854 3’
417 2785 469 2840 nisi
483 2784 555 2841 iorte
571 2785 691 2840 Athenae
708 2794 769 2841 tuae
787 2787 977 2859 sempiternam
992 2787 1019 2840 in
1035 2802 1096 2842 arce

131 2869 221 2926 oleam
244 2877 338 2924 tenere
360 2876 511 2942 potuerunt
533 2877 589 2939 aut,
612 2869 685 2941 quod
707 2868 865 2924 Homericus
880 2868 969 2925 Vlixes
991 2868 1047 2924 Beli
1067 2885 1096 2924 se

129 2969 274 3027 procerem
290 2959 447 3008 ettenorum
459 2952 572 3026 palmam
584 2951 683 3008 uidisse
695 2951 771 3023 dixit,
783 2952 862 3008 hodie
874 2944 1024 3008 monstrant
1035 2969 1096 3008 ean·

130 3037 206 3108 dem,
221 3037 361 3108 multaque
372 3036 423 3092 alia
433 3035 525 3091 multis
536 3037 604 3091 locis
615 3035 715 3091 diutius
727 3037 981 3092 commemoratione
989 3045 1097 3092 manent

130 3137 214 3194 quam
226 3128 321 3175 natura
332 3129 404 3175 stare
416 3127 572 3194 potuerunt.
604 3135 655 3192 qua
667 3135 696 3174 re
708 3119 855 3193 glandifera
866 3119 912 3175 iila
923 3135 1049 3194 quercus,
1065 3136 1098 3174 ex

129 3222 184 3278 qua
201 3204 266 3260 olim
279 3204 401 3260 euolauit
413 3205 517 3260 ‘nuntia
529 3203 602 3259 iulua
613 3203 694 3272 louis,
706 3203 826 3259 miranda
839 3205 895 3259 uisa
905 3202 1013 3278 figura‚’
1025 3219 1098 3258 nuno

127 3291 165 3344 sit
179 3289 255 3345 haec.
271 3287 319 3343 sed
333 3303 393 3343 eum
407 3295 781 3360 eamtempestasuetustasue
791 3289 999 3362 consumpserit,
1009 3293 1098 3341 temen

127 3373 186 3429 erit
201 3372 244 3427 his
259 3373 288 3427 in
303 3371 371 3428 locis
387 3387 513 3446 quercus,
530 3387 609 3444 quam
625 3371 766 3428 Marianam
782 3387 910 3446 quercum
926 3377 1035 3426 uocant.

126 3487 338 3498 ......—...·-

206 3535 227 3603 1)
242 3551 300 3587 seue
315 3551 400 3586 uerum
414 3536 464 3586 AB
475 3551 559 3586 uerum
573 3551 619 3586 om.
633 3537 691 3586 edd.

847 3627 861 3672 2
870 3619 884 3652 ss
