2672 4112
449 299 484 332 nn
502 297 614 338 unumve
632 299 710 334 nuens
728 301 758 334 11.
1039 293 1079 350 59

116 426 203 496 bonis,
221 439 291 497 quae
307 425 365 480 eins
381 422 493 494 inerint,
509 439 591 497 quom
606 427 730 496 moritur,
751 442 804 481 usu
818 426 921 500 ceperit
935 425 1080 499 plurimum

114 507 290 583 possidendo.
321 511 435 581 quarto,
455 509 510 580 qui,
526 509 549 562 si
565 525 643 564 nemo
659 510 710 580 sit,
733 511 778 582 qui
799 509 881 565 ullam
896 525 953 564 rem
967 511 1078 584 ceperit,

114 590 352 648 decreditoribus
374 593 432 646 eius
451 591 596 664 plurimum
618 601 719 648 seruet.
748 589 797 650 49.
819 601 936 648 extrema
958 593 1003 648 illa
1017 609 1079 666 per·

114 692 181 732 sona
196 683 251 746 est,
272 684 304 731 ut
318 676 352 746 ls,
374 675 397 730 si
414 675 459 748 qui
475 677 509 745 ei,
531 676 578 748 qui
590 683 714 730 mortuus
733 677 780 748 sit,
801 678 941 749 pecuniam
956 675 1080 732 debuerit

114 760 272 832 neminique
287 775 345 814 eam
361 758 487 830 soluerit,
503 758 618 830 proinde
633 757 763 815 habeatur
778 761 853 833 quasi
868 777 926 816 earn
937 762 1079 834 pecuniam

112 845 227 917 ceperit.
259 841 314 897 XX.
332 841 405 899 llaec
420 857 470 898 nos
486 841 641 898 aSoaeuola
657 841 810 898 didicimus:
827 846 931 900 nonita
945 843 1079 917 descripta

114 926 228 982 suntab
244 927 373 999 antiquis.
405 939 466 980 nam
481 925 520 982 illi
536 925 643 998 quidem
663 925 706 981 his
723 925 813 982 uerbis
829 925 970 999 docebant,
992 929 1078 984 tribus

115 1011 203 1066 modis
218 1011 303 1067 saeris
319 1009 464 1080 adstringi:
488 1009 647 1079 hereditate,
671 1018 718 1066 aut
733 1011 756 1065 si
771 1012 899 1066 maiorem
914 1019 1018 1083 partem
1032 1029 1079 1084 pe·

20 1147 21 1150 ,
112 1097 211 1150 cuniae
230 1095 328 1167 capiat,
349 1101 407 1164 aut,
428 1095 451 1148 si
471 1095 557 1149 maior
571 1109 634 1167 pars
648 1095 779 1167 pecuniae
794 1093 883 1168 legata
899 1102 953 1166 est,
974 1097 997 1150 si
1016 1095 1079 1150 inde

114 1179 251 1251 quippiam
268 1178 377 1250 ceperit.
407 1172 455 1235 to.
478 1177 525 1232 sed
543 1176 698 1250 pontificem
719 1190 875 1250 sequamur.
911 1176 1009 1233 uidetis
1029 1179 1079 1251 igi·

114 1270 161 1316 tur
182 1263 272 1316 omnia
291 1260 411 1334 pendere
426 1277 458 1316 ex
474 1277 528 1316 uno
551 1260 615 1331 illo,
636 1260 709 1332 quod
729 1259 872 1334 pontifices
888 1277 949 1316 cnm
965 1263 1078 1334 pecunia

114 1361 194 1400 sacra
215 1345 344 1418 coniungi
366 1343 466 1400 uolunt
482 1333 627 1418 isdemque
649 1343 729 1399 lerias
745 1351 773 1400 et
788 1341 963 1400 caerinionias
979 1344 1079 1400 adscri-

115 1427 221 1482 beudas
241 1435 343 1500 putant.
386 1435 468 1500 atque
489 1429 570 1483 etiam
592 1428 657 1482 dant
678 1428 731 1484 hoo
751 1427 907 1499 Scaeuolae,
932 1443 1014 1501 quom
1037 1437 1079 1484 est

21 1581 22 1584 Ἴ
114 1512 243 1584 partitio,
267 1521 303 1582 ut,
321 1513 342 1566 si
361 1513 390 1566 in
411 1519 574 1568 testamento
595 1511 712 1567 deducta
732 1514 831 1585 scripta
851 1529 906 1568 non
922 1511 958 1567 sit
972 1513 1078 1586 ipsique

113 1597 206 1650 minus
221 1597 350 1668 ceperint,
374 1611 455 1668 quam
478 1594 600 1650 omnibus
623 1594 766 1651 heredibus
783 1596 972 1669 'relInquatur‚
995 1597 1077 1652 sacris

113 1695 151 1734 ne
165 1679 324 1752 alligentur.
353 1681 381 1733 in
396 1678 543 1734 donatione
557 1679 610 1734 hoc
625 1679 695 1734 idem
710 1695 789 1734 secus
804 1680 1034 1752 interpretantur,
1051 1688 1078 1734 et

113 1762 189 1836 quod
209 1761 413 1836 paterfamilias
432 1763 461 1818 in
481 1764 538 1818 eius
559 1761 716 1833 donatione,
739 1764 827 1836 quiin
842 1765 926 1836 ipsius
941 1771 1078 1836 potestate

110 1855 166 1920 est,
182 1845 355 1920 adprobauit,
370 1854 458 1901 ratum
473 1853 525 1918 est,
541 1846 615 1919 quod
630 1863 663 1902 eo
678 1847 809 1902 insciente
824 1847 925 1902 lactum
940 1853 991 1916 est,
1014 1849 1037 1902 si
1051 1847 1077 1901 id

111 1931 135 1985 is
157 1947 214 1986 non
237 1929 380 2004 adprobat,
404 1939 491 1984 ratum
513 1947 568 1986 non
583 1939 638 1990 est.
670 1927 718 1987 tl.
741 1931 782 1984 his
795 1931 945 2002 propositis
961 1930 1078 2001 quaesti·

20 2083 21 2088 η
111 2013 228 2070 unculae
247 2013 350 2069 multae
370 2022 529 2086 nascuntur,
551 2029 618 2086 qnos
634 2015 680 2086 qui
697 2009 791 2087 (unde)
807 2005 976 2067 *nascuntur¹
998 2012 1078 2068 intel-

20 2093 21 2096 ’
113 2097 199 2170 legat,
220 2113 287 2169 non,
310 2099 334 2152 si
355 2096 389 2152 ad
411 2105 491 2170 caput
512 2097 620 2164 referat,
642 2103 692 2169 p'er
706 2113 736 2152 se
750 2098 809 2169 ipse
823 2095 901 2151 facile
915 2095 1077 2169 perspiciat?

20 2175 22 2246 Ϊ
112 2180 210 2252 ueluti,
231 2183 257 2236 si
277 2183 368 2236 minus
390 2183 451 2254 quis
466 2183 594 2254 cepisset,
617 2197 651 2236 ne
667 2181 750 2236 sacris
767 2179 934 2250 alligaretur,
957 2173 999 2234 et²
1014 2189 1078 2252 post

20 2307 22 2318 .
111 2264 147 2320 de
167 2267 226 2320 eins
249 2263 393 2322 heredibus
409 2265 511 2338 aliquis
527 2265 662 2338 exegisset
677 2278 728 2338 pro
744 2279 791 2319 sua
806 2270 882 2337 parte
897 2262 939 2334 id,
956 2263 1030 2336 quod
1045 2263 1077 2318 ab

20 2353 22 2410 l
113 2365 157 2419 eo,
174 2349 240 2422 quoi
254 2350 313 2423 ipse
326 2349 406 2404 heres
417 2357 501 2420 esset,
516 2350 734 2423 praetermissum
744 2347 851 2418 fuisset,
866 2363 952 2420 eaque
964 2348 1077 2420 pecunia

20 2433 22 2500 j
113 2447 172 2487 uon
191 2435 279 2488 minor
300 2439 375 2488 esset
388 2433 457 2490 lacta
472 2449 532 2488 oum
547 2434 689 2505 superiore
704 2434 854 2501 exactione,
870 2447 950 2504 quam
971 2431 1077 2486 heredi-

20 2519 22 2556 ³
113 2515 169 2571 bus
185 2515 305 2572 omnibus
321 2525 394 2572 esset
408 2517 513 2586 relicta,
534 2518 580 2589 qui
595 2531 653 2572 earn
667 2514 808 2590 pecuniam
823 2517 968 2588 exegisset,
988 2514 1076 2570 solum

113 2600 177 2655 sine
199 2600 376 2656 coheredibus
399 2601 482 2656 sacris
505 2600 617 2673 alligari.
655 2602 720 2673 quin
742 2601 824 2656 etiam
838 2592 952 2670 canent,
970 2607 1009 2669 ut,
1033 2600 1077 2654 cui

111 2683 176 2757 plus
191 2683 312 2758 legatum
327 2685 380 2758 sit,
397 2699 476 2758 quam
492 2685 551 2738 sine
565 2683 699 2757 religione
715 2698 811 2757 capere
826 2683 915 2756 liceat,
930 2685 953 2738 is
968 2699 1017 2756 per
1032 2699 1076 2738 aes

111 2776 139 2822 et
159 2768 257 2823 libram
277 2767 390 2823 heredes
412 2769 567 2824 testamenti
587 2768 686 2837 soluat,
707 2775 853 2840 propterea
874 2765 947 2839 quod
967 2783 999 2822 eo
1015 2766 1077 2822 loeo

110 2868 155 2906 res
172 2860 216 2907 est
231 2854 270 2907 ita
285 2851 376 2907 soluta
391 2851 550 2922 hereditate,
567 2853 642 2924 quasi
657 2867 688 2906 ea
703 2853 816 2923 pecunia
830 2849 983 2924 legatanon
995 2859 1076 2906 esset.

110 2935 177 2990 xxi.
201 2933 250 2994 62.
272 2934 331 2990 Hoc
351 2951 404 3010 ego
419 2935 481 2991 loco
497 2935 643 3008 multisque
658 2934 717 2988 aliis
732 2951 834 3006 quaero
850 2933 974 3003 anobis,
998 2933 1076 2989 Scae·

109 3020 208 3092 nolae,
229 3016 373 3092 pontifices
396 3019 501 3074 maximi
521 3027 549 3074 et
564 3019 687 3074 homines
702 3033 762 3074 meo
779 3016 886 3091 quidem
901 3017 1000 3072 iudicio
1016 3033 1077 3073 acu-

109 3104 219 3174 tissimi,
236 3102 302 3176 quid
317 3103 352 3158 sit
369 3102 442 3176 quod
454 3103 539 3158 adius
550 3100 720 3176 pontificium
732 3101 812 3157 ciuile
824 3101 975 3174 appetatis?
990 3101 1076 3157 ciuilis

108 3189 184 3243 enim
205 3188 274 3242 iuris
297 3187 409 3242 scientia
431 3184 598 3260 pontificium
622 3185 738 3258 quodam
760 3184 841 3241 modo
865 3185 971 3240 tollitis.
1015 3201 1077 3240 nam

108 3286 264 3328 saetacum
280 3272 394 3342 pecunia
409 3269 567 3343 pontificum
583 3271 753 3339 auctoritate,
769 3267 842 3324 nulla
857 3269 919 3342 lege
934 3270 1077 3324 coniuncta

107 3365 190 3424 sunt3
206 3357 299 3428 itaque
314 3355 338 3409 si
352 3371 404 3410 uos
419 3361 524 3410 tantum
538 3353 619 3409 modo
634 3351 777 3426 pontifices
793 3355 900 3421 essetis,
915 3349 1076 3426 pontificalis

107 3448 234 3496 maneret
248 3439 405 3511 auctoritas,
424 3437 471 3493 sed
487 3437 561 3510 quod
575 3437 644 3492 idem
655 3438 722 3492 iuris
734 3436 821 3492 ciuilis
833 3437 897 3490 estis
910 3435 1074 3507 peritissimi,

184 3619 205 3689 ¹)
223 3617 315 3670 ‘unde’
332 3619 432 3668 addidi.
447 3625 577 3668 nascuntur
591 3619 688 3666 eiciunt
702 3618 758 3666 edd.
789 3612 810 3680 ⁹)
824 3623 850 3663 ut
864 3613 915 3662 ΑΒ
927 3627 953 3662 ac
970 3613 1026 3661 edd.
