2694 4110
347 195 382 230 nn
400 194 591 242 nounuuomevs
609 195 645 230 un
664 195 752 232 neonae
770 195 886 232 emonam.
1030 177 1088 242 793

140 327 226 384 tinere
241 323 353 394 debeat,
378 325 447 382 cirea
463 341 530 398 quas
550 323 676 381 uoluntas
697 333 873 398 patronorum
893 327 922 382 in
942 341 1094 400 supremam

142 425 227 482 usque
243 407 313 464 diem
330 409 556 480 perseuerauerit.
593 407 651 464 Hoc
670 415 759 464 tamen
779 411 822 464 ius
836 409 919 466 stabit
933 411 1004 465 iutra
1021 412 1094 484 ipso·

141 508 201 550 rum
217 499 321 549 tantum
336 490 533 562 liberalitatem,
549 491 595 564 qui
608 489 790 548 domuerunt:
811 500 931 550 ceterum
946 509 1033 566 neque
1048 492 1095 548 tilii

142 593 250 642 eorum,
274 591 361 648 neque
383 591 554 632 successores
576 574 610 630 ad
631 567 715 632 'boc¹
744 573 903 632 beneficium
925 579 1094 648 peruenient.

141 675 231 734 neque
246 660 318 716 enim
333 657 372 715 las
388 667 430 716 est
450 658 605 714 omnimodo
620 661 769 731 inquietari
783 659 958 729 donationes,
981 676 1046 732 quas
1061 661 1095 730 is,

143 744 190 817 qui
204 743 366 812 donauerat,
389 743 416 798 in
431 742 500 800 diem
516 744 587 798 uitae
603 759 666 798 suae
681 759 734 799 non
755 744 905 799 reuocauit.
942 742 1009 798 Dat.
1026 743 1093 799 XV.

143 827 202 887 iol.
219 826 274 884 Iul.
290 827 447 884 Aemiliano
461 824 503 883 II.
521 832 547 882 et
562 827 694 899 Aquilino
709 819 818 884 εοηεε.2

73 918 132 968 [699]
206 905 271 967 273.
297 903 403 966 ’lliuus3
418 909 608 968 Constantinus
625 917 652 966 et
663 907 751 968 Caess.
774 903 888 967 'Prisca4
903 911 995 984 legum
1006 912 1095 985 aequi·
1111 907 1183 987 Scffip,

142 1003 198 1052 tate
219 987 370 1067 'prouisa‚⁵
397 995 480 1050 uariis
502 993 643 1066 ambagum
665 993 791 1050 uersutiis
819 995 950 1067 exquisita
972 994 1091 1064 donatio,
1107 991 1184 1029 ΠΜ·

120 1079 206 1136 licet
228 1071 373 1134 ’ῑίιιιΙιιηι6
397 1078 539 1150 emptionis
561 1077 606 1134 uel
629 1075 711 1132 debiti
733 1084 854 1133 tenorem
877 1078 1096 1150 conprehendere

143 1162 276 1233 uideatur,
292 1169 379 1218 tamen
394 1161 473 1218 claris
488 1153 700 1217 'testationibus'
716 1160 837 1235 probata,
855 1160 933 1217 debet
948 1163 975 1216 in
991 1163 1096 1218 irritum

144 1245 287 1317 deuocari;
308 1243 441 1317 siquidem
456 1244 655 1300 consultissima
669 1247 773 1300 ratione
790 1245 915 1301 uideatur
930 1262 990 1302 esse
1005 1247 1096 1319 proui-

144 1345 219 1400 sum,
239 1328 409 1384 matrimonio
425 1334 565 1384 constante
580 1328 738 1384 donationes
753 1329 824 1384 iuter
840 1329 926 1384 uirum
943 1337 970 1384 et
985 1345 1097 1386 uxorem

145 1412 315 1468 'altrinsecus
336 1403 464 1484 agitatas⁸
486 1410 585 1467 nullam
606 1409 758 1469 firmitatem
774 1411 883 1474 habero.
920 1430 970 1470 nee
985 1411 1035 1470 sibi
1050 1413 1096 1468 de·

144 1494 209 1554 beut
231 1488 370 1552 mulieres9
392 1494 523 1566 blandiri,
547 1493 579 1550 'si
600 1487 770 1568 tamquam¹⁰
791 1497 947 1553 uenditores
964 1495 1007 1554 uel
1023 1496 1097 1553 debi-

145 1587 221 1636 tores
242 1578 274 1634 ad
297 1578 444 1635 eludendas
465 1579 557 1652 legum
579 1581 732 1636 sanctiones
755 1581 842 1634 mariti
864 1596 955 1636 earum
976 1598 1006 1637 se
1027 1581 1096 1636 laiso

146 1662 288 1720 uideantur
303 1679 362 1720 esse
378 1662 503 1736 professi.
535 1679 618 1736 qnare
634 1661 752 1718 Vettium
767 1661 902 1732 Rufinum,
919 1663 1096 1719 clarissimum

145 1749 233 1804 uirum
256 1747 420 1820 praelectum
443 1745 519 1815 urbi,
547 1747 659 1802 amicum
682 1753 819 1816 nostrum,
847 1747 923 1801 cuius
945 1748 1020 1802 notio
1043 1755 1096 1816 est,

146 1831 217 1888 adire
231 1847 287 1886 non
301 1830 463 1904 prohiberis,
484 1829 529 1900 qui
543 1828 669 1898 portium
684 1827 899 1900 ’allegationibus
914 1823 1096 1884 examinatis¹¹

145 1914 270 1986 petitioni
283 1921 344 1970 tuae
356 1911 503 1970 secundum
515 1905 618 1966 ’iuris¹¹
630 1910 782 1984 prouidebit
792 1913 931 1968 iustitiam.
954 1911 1009 1967 ilat.
1022 1911 1096 1970 xtttt.

146 1995 198 2052 bal.
214 1995 284 2050 Nou.
300 1994 460 2070 Mediolano,
478 1994 654 2050 Constantino
671 2002 697 2050 et
711 1993 812 2050 Licinio
827 1986 948 2052 conss.¹³

209 2073 275 2134 2⁷4.
309 2075 534 2134 lidemibureliae
555 2077 667 2134 Sabinae
692 2077 751 2134 siue
774 2077 931 2137 Gaudiosae.
974 2077 1049 2135 Licet
1070 2080 1098 2134 in

147 2169 281 2236 potestate
304 2159 390 2218 'filins
412 2153 549 2235 degens¹¹
570 2160 745 2217 donationum
768 2161 892 2218 ellectum
914 2178 928 2216 a
951 2170 1026 2235 patre
1048 2161 1099 2218 sibi

147 2329 209 2381 Atra
233 2332 355 2396 quaedam
378 2331 490 2380 Momms.
515 2331 598 2392 dedit,
622 2333 690 2380 velut
712 2331 858 2379 conlationes
878 2345 929 2394 pro
952 2331 1098 2392 largitiones.

150 2399 170 2467 ¹)
184 2400 229 2450 Sic
243 2417 277 2450 ea:
296 2401 322 2450 V
326 2401 346 2449 ⁴.
363 2401 475 2450 Momms.
490 2402 529 2453 ed.
545 2408 569 2450 et
582 2401 646 2450 Iuct.
663 2400 688 2450 0.
703 2416 749 2450 one.
765 2407 866 2450 ceterae
880 2401 937 2450 edd.
997 2397 1017 2467 ¹)
1032 2401 1098 2465 Sup-

143 2473 216 2535 pleto
230 2487 264 2520 ea:
277 2471 339 2520 Iuet.
358 2471 382 2520 Ο.
402 2471 483 2520 Esca.
494 2482 540 2522 etc.
593 2467 614 2536 ¹)
628 2469 673 2520 Sic
693 2471 720 2519 V
721 2469 740 2518 ἀ.
757 2471 808 2520 Diui
824 2471 862 2520 ed.
873 2470 965 2520 Hollw.
985 2472 1098 2522 Dominus

147 2543 186 2591 ed.
206 2541 319 2592 Momms.
344 2541 458 2590 Caesares
477 2557 616 2604 perperam
638 2542 753 2590 adiectos
778 2555 844 2598 esse,
870 2541 982 2592 Momms.
1003 2559 1031 2606 p.
1050 2553 1097 2594 405.

147 2619 226 2662 notat.
299 2609 321 2677 ⁴)
337 2611 471 2660 Fortasse:
491 2613 578 2660 Prisco.
609 2610 779 2676 Priscorluru)
798 2613 837 2660 vel
851 2618 947 2661 tantum
962 2612 1052 2662 Prisco.
1072 2621 1099 2662 ut

146 2683 207 2732 baie
226 2683 307 2731 Prisco
326 2683 481 2744 rescriptum
496 2682 594 2744 fuerim
613 2683 666 2730 nisi
684 2683 706 2730 is
726 2683 840 2730 consulto
859 2683 966 2732 omissus
984 2691 1029 2732 est.
1060 2683 1097 2745 Cf.

147 2753 187 2815 §5-
203 2762 236 2804 85.
252 2763 298 2804 249.
313 2779 349 2788 —
362 2750 447 2802 Scitol.
463 2753 490 2800 in
504 2765 600 2816 ortorp:
617 2751 651 2799 lle
670 2751 836 2800 donationibus
855 2753 899 2800 sub
914 2754 1032 2814 emptione
1047 2791 1053 2804 .
1070 2790 1075 2802 .
1091 2786 1098 2800 .

148 2823 191 2872 sub
207 2863 213 2875 .
229 2863 235 2876 .
252 2862 257 2874 .
272 2823 304 2872 tis
319 2822 383 2872 Mai.
412 2821 456 2871 llic
476 2821 505 2870 de
524 2821 691 2870 donationibus
710 2821 754 2870 sub
776 2821 907 2883 emptionis
927 2823 1001 2872 titulo
1019 2823 1098 2885 sactis

147 2893 187 2942 ed.
202 2892 315 2944 Momms.
330 2899 408 2942 recte.
478 2890 499 2957 ⁵)
513 2893 647 2955 praeclusa
661 2907 696 2940 em
710 2893 742 2954 ej.
757 2892 796 2940 ed.
812 2891 923 2940 Momms.
953 2891 989 2942 At
1002 2895 1099 2956 prouisa

144 2964 259 3024 pertinet
273 2963 308 3012 ad
322 2963 426 3021 donatio,
441 2977 505 3026 quae
520 2964 596 3012 etiam
609 2962 658 3011 boe
672 2963 744 3010 modo
756 2962 831 3024 sacta
845 2977 876 3011 ne
891 2964 995 3021 ualeret,
1006 2965 1099 3026 prisca

147 3033 229 3095 lepore
242 3034 370 3094 aequitate
382 3035 513 3095 prouisum
527 3039 592 3082 eret.
666 3029 686 3096 ⁶)
701 3031 746 3080 Ex
764 3031 791 3080 V
792 3031 810 3079 ⁰¹.
827 3031 940 3082 Momms.
956 3034 995 3081 ed.
1011 3035 1099 3082 instru-

147 3107 251 3150 mentum
275 3101 332 3150 Vet.
352 3104 409 3152 edd.
428 3109 537 3152 ceterae.
612 3099 688 3167 ⁷)Ita
706 3117 741 3151 eae
764 3102 790 3150 V
792 3103 811 3150 ἃ.
831 3103 871 3152 ed.
891 3101 1004 3152 Momms.
1025 3103 1099 3152 dona-

147 3171 252 3220 tionibus
271 3170 329 3220 Vat.
344 3173 402 3222 edd.
417 3181 524 3222 ceterae.
599 3169 620 3236 ¹)
634 3171 680 3221 Sic
693 3187 728 3221 ece
746 3170 773 3220 V
774 3171 797 3220 ἃ.
812 3173 851 3221 ed.
867 3171 980 3221 Mommo.
995 3186 1021 3220 re
1036 3171 1100 3236 (sive

147 3241 198 3306 res)
212 3243 318 3292 insecuta
332 3256 379 3290 non
393 3249 457 3292 retas
472 3243 536 3292 Mei,
552 3242 591 3294 ed.
664 3239 685 3306 ¹¹)
705 3242 732 3290 V
733 3241 753 3290 ἂ.
769 3242 875 3291 mulieris
895 3239 952 3290 Vnt.
968 3242 1024 3290 edd.
1039 3249 1100 3290 ante

148 3311 262 3363 Momrne.
336 3309 368 3378 ¹⁰)
383 3311 428 3361 Er
447 3313 473 3361 V
475 3312 494 3360 ¹.
509 3313 548 3361 ed.
564 3311 677 3363 Momms.
693 3326 836 3377 qrmmquam
851 3312 908 3360 edd.
924 3318 1032 3360 ceterae.

151 3379 184 3449 ¹¹)
198 3383 276 3432 Hane
295 3385 327 3445 ej.
346 3382 427 3432 Barlc.
447 3382 544 3434 Bueltlt.
570 3381 681 3445 Rudorf.
700 3383 860 3444 confirmauit
879 3381 904 3428 V
906 3379 928 3430 α.
951 3381 1100 3442 allegationis

149 3467 191 3502 exa
207 3489 212 3502 .
229 3490 234 3501 .
251 3489 256 3502 .
274 3489 280 3502 .
300 3453 358 3503 Vct.
373 3455 412 3506 ed.
427 3453 522 3504 Hollw.
589 3449 621 3517 ¹¹)
637 3452 772 3502 Fortasse:
786 3451 898 3500 muneris.
965 3447 997 3515 ¹¹)
1012 3467 1036 3500 a.
1051 3461 1098 3503 315.

152 3519 184 3588 ¹¹)
198 3521 243 3572 Sic
257 3525 334 3573 etiam
349 3523 463 3575 Momme
477 3523 516 3573 ed.
531 3522 574 3571 lilii
588 3529 643 3572 sunt
657 3522 725 3586 (bliiu
744 3521 772 3570 V
774 3520 804 3587 ⁰¹.)
824 3521 936 3583 degentes
956 3521 1013 3570 Vei.
1042 3520 1099 3571 Sci·
