2680 4112
244 230 306 288 126
587 233 717 271 unamve
737 233 852 270 sternas.

242 361 410 518 ..l-peda?
425 361 455 419 9.
472 361 499 433 S.
516 360 545 420 8.
562 359 603 418 Cl.
619 360 734 417 llacrcb.
751 359 806 420 Sat.
822 361 850 430 3,
868 359 896 416 3.
916 358 1008 434 (supra
1022 361 1051 416 in
1066 359 1125 416 Ser.
1142 359 1205 417 Sul·

242 465 313 524 prcro
373 488 402 503 ..

594 578 850 636 Memorialium.

305 695 347 754 14.
371 697 425 754 Sed
440 696 554 753 Sahinus
569 697 702 752 Masurius
717 697 745 750 iu
760 697 846 768 prium
861 695 1067 766 memorialium,
1091 703 1203 751 secutus

244 782 373 857 quosdam
389 782 518 837 historiae
532 782 690 854 scriptores,
712 782 808 835 Accam
824 778 972 836 Larentiam
994 777 1101 835 Romuli
1115 781 1203 834 nutri-

243 883 301 923 cem
323 865 407 921 luisse
429 864 503 920 dicit.
534 862 605 935 ‘Ea’,
620 865 717 937 inquit,
734 860 844 918 ‘mulier
859 879 891 918 ex
911 862 1053 919 duodecim
1068 861 1131 917 liliis
1148 879 1204 918 ma·

241 950 315 1006 ribus
331 965 414 1005 unum
429 955 517 1004 morte
528 950 623 1004 amisit.
660 948 689 1002 ln
704 947 776 1002 illius
791 946 881 1002 locum
896 945 1027 1002 Romulus
1042 947 1127 1002 Accae
1142 961 1205 1002 sese

242 1033 325 1088 lilium
348 1032 422 1088 dedit
444 1048 528 1105 seque
549 1041 577 1087 et
599 1039 704 1088 ceteros
720 1032 777 1086 eius
792 1028 863 1086 filios
879 1030 974 1086 iratres
990 1029 1094 1087 annales
1109 1029 1203 1102 appel-

245 1117 323 1174 lauit.
351 1115 389 1172 lin
410 1132 443 1172 eo
463 1122 586 1189 ternpore
601 1114 747 1187 collegium
762 1116 860 1170 mansit
875 1113 989 1170 fratrum
1003 1113 1137 1173 arualium
1153 1130 1204 1168 uu-

242 1217 317 1257 mero
340 1199 492 1270 duodecim,
514 1201 591 1255 cuins
613 1198 755 1254 sacerdotii
776 1198 884 1270 insigne
898 1205 941 1254 est
956 1199 1045 1270 spicea
1059 1213 1161 1252 corona
1176 1204 1205 1252 et

244 1284 318 1340 albae
334 1281 457 1338 inlulae'.
472 1313 513 1322 -
529 1281 596 1338 Gell.
614 1283 631 1338 7
650 1277 699 1356 (6),
716 1282 744 1338 7.
761 1281 789 1352 3.
806 1279 834 1337 8.

304 1363 343 1422 15.
368 1365 453 1420 liuius
475 1359 644 1422 'commenti¹
669 1363 718 1435 (sc.
735 1363 857 1420 Herculis
873 1365 987 1420 Victoris
1002 1363 1078 1434 dicti)
1096 1379 1204 1419 causam

242 1450 374 1506 Masurius
396 1448 510 1504 Sabinus
537 1449 720 1504 nemoralium
748 1447 817 1503 lihro
840 1447 959 1504 secundo
983 1448 1060 1504 aliter
1082 1449 1204 1520 exponit.

243 1532 384 1603 ‘llarcus’,
405 1533 504 1606 inquit,
527 1531 665 1588 ‘Octauius
680 1531 831 1589 Herennius
846 1533 930 1605 prima
946 1531 1128 1609 adolescentia
1143 1530 1204 1586 tihi·

244 1635 304 1688 een,
326 1623 470 1690 postquam
486 1617 550 1672 artis
565 1615 675 1671 distisus
691 1631 755 1670 suae
770 1623 823 1684 est,
837 1617 956 1670 instituit
972 1623 1160 1684 mercaturam,
1176 1623 1205 1670 et

242 1701 310 1758 bene
330 1717 360 1756 re
380 1709 458 1774 gesta
479 1699 608 1757 decimam
623 1698 731 1755 Herculi
746 1698 906 1772 prolanauit.
938 1697 1036 1754 Postea
1051 1714 1111 1754 cum
1127 1699 1204 1753 naui·

208 1859 211 1865 Ι
243 1801 311 1858 gans
327 1785 379 1839 hoc
393 1783 464 1838 idem
479 1790 583 1856 ageret,
598 1797 613 1838 a
628 1781 809 1856 praedonibus
825 1783 1035 1854 circumuentus,
1054 1781 1258 1838 fortissimetsri

242 1868 406 1941 repuguauit
421 1874 448 1922 et
462 1869 551 1923 uictor
565 1868 685 1922 recessit.
714 1865 791 1921 Hnnc
805 1867 833 1920 io
849 1867 950 1922 somnis
963 1865 1091 1922 Hercules
1099 1863 1203 1934 docuit,

242 1967 291 2007 sua
313 1967 395 2025 opera
416 1958 562 2006 seruatum.
595 1949 643 2006 (lui
658 1949 782 2006 Octauius
802 1951 946 2024 impetrato
967 1966 980 2005 a
1002 1947 1205 2023 magistratibus
1257 1980 1263 1992 ·

242 2035 304 2092 loco
320 2035 412 2090 aedem
428 2036 543 2090 sacrauit
557 2041 585 2090 et
600 2035 718 2107 signum,
733 2033 924 2106 victoremque
939 2033 1036 2090 litteris
1052 2034 1143 2090 incisis
1159 2049 1205 2106 ap·

241 2119 362 2192 pellauit.
391 2118 466 2174 liedit
481 2134 548 2190 ergo
564 2118 704 2190 epitheton
719 2115 781 2188 deo,
804 2133 858 2190 quo
879 2125 907 2172 et
922 2126 1113 2190 argumentum
1131 2125 1205 2172 ueta·

241 2218 302 2258 rum
324 2203 498 2258 uictoriarum
521 2200 643 2256 Herculis
665 2209 692 2274 et
714 2201 933 2257 commemoratio
955 2217 1043 2256 nouae
1063 2203 1204 2271 historiae,

243 2301 311 2357 quae
332 2285 435 2340 recenti
454 2282 575 2338 Romane
599 2300 675 2339 sacro
696 2300 801 2340 causam
825 2283 909 2354 dedit,
933 2283 1141 2341 contineretur'.
1163 2313 1205 2326 -

242 2366 360 2425 llacrcb.
376 2365 432 2422 Sat,
448 2365 478 2438 3,
495 2365 523 2422 6.
540 2365 567 2437 S.
587 2365 634 2425 11.

232 2457 237 2473 '
304 2445 344 2507 16.
372 2449 439 2504 item
460 2449 530 2504 aliud
550 2448 634 2505 relert
648 2447 762 2506 Sabinus
777 2450 908 2505 Masurius
929 2453 957 2506 in
972 2453 1087 2523 septimo
1103 2467 1206 2508 memo·
1231 2443 1237 2453 ’

241 2533 303 2590 riali
318 2548 412 2589 seuere
428 2532 537 2588 lactum.
568 2531 735 2604 ‘Censores’,
750 2535 850 2605 iuquit,
867 2528 989 2593 ‘Publius
1006 2535 1096 2608 Scipio
1112 2533 1206 2590 Nasica

242 2624 270 2672 et
285 2616 387 2672 Marcus
398 2609 532 2688 Popilius²
549 2632 609 2673 cunr
621 2618 742 2689 equitum
753 2631 863 2672 censum
875 2625 996 2690 agerent,
1012 2633 1112 2691 equum
1123 2619 1205 2673 nimis

241 2701 391 2772 strigosum
413 2707 441 2754 et
462 2700 531 2754 male
553 2699 682 2770 habitum,
705 2699 752 2754 sed
774 2701 893 2772 equitem
916 2702 973 2756 eius
994 2701 1161 2758 uberrimum
1177 2709 1207 2756 et

241 2782 439 2838 habitissimum
455 2782 592 2852 uiderunt,
610 2792 637 2840 et
649 2780 758 2854 “eur'',
776 2783 911 2856 inquiunt,
926 2784 988 2840 “ita
1001 2794 1051 2856 est,
1065 2793 1096 2840 ut
1112 2793 1143 2840 tu
1159 2787 1207 2856 sis,

243 2882 321 2939 quarn
345 2883 430 2939 equus
452 2865 615 2923 curatior''l
645 2863 835 2937 “Quoniam’',
858 2869 956 2939 inquit,
972 2864 1049 2942 “ego
1067 2885 1109 2924 me
1126 2884 1206 2940 curo,

242 2965 342 3022 equum
353 2949 454 3005 Statius
468 2949 545 3005 nihili
560 2948 689 3008 seruos'’.
720 2949 809 3003 Visum
830 2958 873 3005 est
887 2967 982 3024 parum
998 2967 1059 3007 esse
1074 2969 1206 3008 reuerens
1245 3011 1246 3016 χ

241 3049 401 3105 responsum
423 3033 580 3107 relatusque
602 3035 630 3088 in
652 3033 780 3104 aerarios,
803 3039 834 3087 ut
855 3050 914 3089 mos
937 3033 1002 3090 est’.
1025 3066 1068 3076 -
1089 3035 1159 3092 Geli.
1174 3034 1206 3107 4,

305 3196 345 3258 tt.
368 3201 499 3256 llasurius
516 3208 606 3255 autern
621 3197 734 3254 Sabinus
755 3201 783 3252 in
798 3198 940 3256 undecimo
956 3201 1088 3258 librorum
1104 3219 1208 3258 memo·

242 3284 349 3341 rialium
372 3287 482 3341 ciuicam
506 3298 633 3338 coronam
657 3288 713 3336 tum
736 3281 793 3336 dari
809 3282 916 3338 solitam
931 3283 1007 3354 dicit,
1029 3303 1089 3342 curn
1106 3287 1139 3350 is,
1162 3289 1209 3359 qui

244 3370 331 3426 ciuem
359 3374 528 3436 seruauerat,
557 3363 651 3420 eodem
679 3376 801 3439 tempore
829 3367 908 3421 etiam
936 3367 1043 3424 hostem
1072 3370 1210 3428 occiderat

318 3544 338 3612 ¹)
353 3545 502 3608 cognomenti
515 3541 593 3593 Salm.
609 3547 641 3607 ej.
652 3543 786 3607 probabili
845 3542 867 3609 ²)
881 3562 906 3594 a.
925 3565 949 3597 u.
965 3559 1013 3600 594.
