2692 4114
228 178 292 242 542
482 193 549 231 sven
566 193 661 230 ravani
679 194 751 230 seur.
770 176 803 229 V.
824 182 865 229 11.
886 183 927 231 ta.

231 325 292 382 dem
305 316 412 382 ’cuiua¹
428 321 568 381 aedificare
583 324 715 398 interest,
731 332 847 398 cogatur
862 341 928 381 uero
945 326 1034 382 socius
1050 326 1184 399 portionis

231 425 294 466 suae
308 411 442 482 impensas
458 423 618 482 agnoscere.

481 568 543 611 'rm
560 567 602 610 XI·
632 568 674 610 Du
689 567 931 611 noueriouievs

297 662 324 722 1.
347 663 457 738 Species
479 671 554 718 entra
576 661 668 718 dotem
691 671 812 718 amatre
834 664 1008 720 inhonorem
1030 667 1186 738 nuptiarum

231 756 377 824 praesente
389 745 444 803 filia
457 762 559 820 genero
571 745 682 801 traditae
694 740 881 802 donationem²
891 747 1037 820 perfecisse
1048 749 1186 807 uidentur.

233 831 263 890 2.
279 831 405 888 Probatio
422 831 534 886 traditae
550 829 594 886 uel
610 845 664 885 non
680 830 793 886 traditae
805 824 1007 904 possessionis³
1022 849 1077 888 non
1092 842 1147 890 tam
1158 834 1186 890 ln

234 919 293 974 iure
309 931 389 988 quam
404 917 432 972 in
447 915 519 972 lacto
532 915 672 982 consistit3
695 913 812 988 ideoque
826 913 926 971 sufficit
942 915 973 971 ad
989 915 1185 989 probationem,

233 1001 256 1056 si
277 1016 334 1056 rem
357 999 535 1073 corporaliter
554 990 696 1053 ’teneam.⁴
736 993 765 1054 3.
789 991 890 1054 ⁶Pater
909 999 932 1055 si
954 997 1124 1056 filiofamilias
1139 1001 1186 1057 ali·

233 1083 298 1157 quid
313 1083 455 1140 donauerit
470 1090 498 1138 et
509 1083 536 1137 in
549 1097 579 1136 ea
590 1081 731 1138 uoluntate
742 1097 920 1153 perseuerans
930 1082 1086 1156 decesserit,
1099 1093 1187 1142 morie

230 1169 314 1243 patris
330 1167 443 1223 donatio
459 1165 634 1222 concalescit.
671 1163 701 1222 4.
724 1159 801 1222 “Cum
817 1167 945 1222 uuiusrei
956 1169 983 1222 in
996 1167 1065 1223 duos
1076 1167 1186 1225 donatio

234 1251 391 1321 confertur,
408 1251 500 1323 potior
521 1259 562 1306 est
584 1249 646 1321 ille,
669 1250 711 1304 cui
733 1265 777 1305 res
793 1249 888 1306 tradita
910 1260 967 1306 est:
990 1267 1041 1308 nee
1061 1253 1184 1324 interest,

234 1336 371 1410 posterior
385 1327 469 1406 ’quis⁷
485 1349 517 1388 an
532 1333 609 1405 prior
623 1334 765 1406 acceperit,
781 1341 810 1389 et
824 1341 950 1408 exceptae
959 1350 1044 1390 necue
1054 1350 1185 1407 personae

233 1421 296 1474 sint.
332 1413 361 1473 5.
378 1411 500 1471 ⁸lnuitus
516 1415 632 1471 donator
647 1417 680 1470 de
695 1418 829 1472 euictione
844 1419 884 1472 rei
899 1417 1012 1473 donatae
1026 1421 1185 1492 promittere

231 1518 286 1558 non
302 1501 427 1574 cogitur,
443 1516 494 1556 nec
509 1516 541 1555 eo
557 1501 680 1565 nornine,
698 1501 720 1555 si
736 1496 921 1573 promiserit,⁰
938 1496 1107 1568 oneratur;¹⁰
1124 1505 1184 1577 quia

231 1585 378 1641 lucratiuae
394 1585 433 1640 rei
451 1599 595 1658 possessor
611 1583 643 1639 ah
658 1585 801 1640 euictionis
817 1586 922 1641 actione
932 1587 990 1658 ipsa
1001 1587 1068 1642 iuris
1079 1589 1184 1644 ratione

230 1668 384 1743 depellitur.

433 1745 477 1828 [L.
495 1749 535 1808 34
548 1768 596 1823 pr.
619 1751 656 1810 D.
671 1751 819 1809 dedocet.
837 1745 901 1826 (39,
918 1745 974 1828 5).]

293 1831 323 1894 6.
349 1829 420 1907 fiili,
436 1837 481 1908 qui
497 1835 612 1908 aliquem
629 1852 645 1890 a
659 1833 818 1891 latrunculis
833 1836 876 1891 uel
893 1835 1016 1892 hostibus
1032 1838 1139 1912 eripuit,
1155 1840 1184 1896 in

231 1919 364 1977 inlinitum
374 1919 475 1976 donare
487 1935 542 1976 non
557 1913 772 1993 'prohibetur;¹²
786 1921 809 1974 si
821 1913 913 1992 ’(111)13
928 1928 1017 1977 tamen
1036 1921 1144 1979 donatio
1157 1931 1185 1979 et
1194 1927 1257 1980 issi]

230 2021 285 2062 non
301 2019 405 2060 merces
422 2005 510 2060 eximii
526 2002 625 2059 laboris
641 2002 798 2076 appellanda
820 2011 874 2060 est:
897 2005 960 2078 quia
981 2007 1185 2081 contemplatio·

165 2108 168 2113 ·
230 2105 290 2147 nem
306 2089 399 2144 salutis
416 2095 491 2144 certo
507 2087 587 2143 modo
604 2088 737 2143 aestimari
751 2103 806 2143 nou
821 2087 932 2160 placuit.

416 2257 479 2302 TIT.
494 2257 550 2300 XII.
579 2257 622 2298 Du
636 2257 710 2298 lviiii
723 2255 806 2299 FISGI
820 2258 861 2298 ΕΤ
875 2257 999 2301 POPVLI·

327 2345 371 2432 [L.
388 2351 428 2408 45
441 2369 490 2424 pr.
509 2351 557 2422 83.
575 2350 602 2406 1.
619 2349 648 2406 2.
671 2351 708 2407 D.
724 2353 759 2408 de
773 2355 837 2408 tore
851 2355 918 2424 fisci
932 2348 996 2425 (te,
1013 2347 1089 2431 14).]

295 2433 320 2492 l.
347 2429 442 2490 14Εἰιιε
465 2434 549 2500 hona,
574 2435 618 2506 qui
641 2434 691 2489 sihi
713 2433 748 2490 oh
770 2435 878 2509 aliquod
894 2436 1037 2493 admissum
1053 2437 1185 2512 llagitium

233 2527 348 2577 mortem
371 2519 515 2590 consciuit,
537 2516 603 2573 fisco
619 2517 799 2575 uindicantur.
836 2519 933 2593 quodsi
948 2521 1035 2578 taedio
1051 2525 1123 2579 uitae
1139 2532 1185 2580 aut

304 2685 324 2752 1)
340 2687 377 2735 cui
393 2685 421 2751 (i.
437 2701 458 2735 e.
474 2685 533 2749 cui.)
550 2685 611 2734 Cdd.
628 2687 684 2735 edd.

304 2757 352 2806 lit.
371 2756 420 2804 XI.
460 2752 531 2820 ²)cc.
548 2757 620 2818 filiae
636 2758 741 2820 foetam.
767 2756 805 2820 Cf.
821 2757 853 2806 L.
867 2769 893 2808 41
905 2759 951 2821 fin.
974 2759 1006 2808 Ι).
1027 2761 1058 2810 de
1072 2769 1144 2811 raort.
1160 2777 1183 2811 e.

229 2830 287 2879 don.
305 2827 349 2894 (89,
364 2825 395 2892 o).
412 2853 444 2863 -
462 2825 506 2876 Fi.
522 2826 638 2878 7111169.
689 2823 709 2888 ³)
727 2827 785 2876 Cone
799 2828 832 2876 de
845 2828 961 2878 donandi
975 2831 1060 2881 animo
1075 2837 1182 2882 conciat.

230 2897 251 2964 ⁴)
266 2898 311 2946 Eae
326 2897 448 2946 Rittersd.
465 2899 497 2960 ej.
513 2903 609 2947 teneant
624 2896 673 2963 (uel
687 2904 766 2946 teneat
780 2900 819 2946 oet
833 2898 952 2963 teneatur)
974 2899 1035 2949 cdd.
1054 2903 1112 2951 edd.

230 2967 251 3034 δ)
268 2969 306 3032 Cf.
323 2968 366 3016 Fr.
387 2967 444 3017 Vat.
460 2978 507 3019 111.
581 2964 602 3033 ⁶)
619 2968 657 3030 Cf.
673 2967 704 3016 L.
719 2979 751 3020 16.
779 2968 804 3017 0.
824 2969 856 3017 de
874 2971 915 3018 rei
934 2971 1003 3019 vind.
1023 2968 1054 3036 (e,
1072 2971 1117 3038 et).
1138 2971 1183 3021 tu.

234 3039 292 3090 Vol.
308 3049 347 3090 249
362 3037 404 3104 (t).
457 3035 584 3103 ⁷)Malim
599 3040 639 3102 qui
655 3039 694 3086 sit.
746 3034 767 3103 8)
785 3038 823 3101 Cf.
838 3038 870 3087 L.
886 3051 919 3090 18.
939 3041 961 3102 ἐ.
972 3052 992 3091 e.
1006 3041 1040 3089 1).
1050 3043 1082 3092 de
1096 3043 1183 3092 donat.

229 3109 273 3175 (te,
289 3109 320 3175 5).
340 3109 372 3158 L.
387 3119 420 3161 ot.
444 3109 477 3160 D.
493 3111 525 3158 de
538 3109 615 3158 aedil.
632 3109 671 3158 ed.
686 3107 735 3173 (ti,
750 3107 781 3175 1).
854 3106 876 3174 θ)
889 3125 926 3159 ec.
941 3111 977 3159 ad
985 3113 1184 3174 promittendum

230 3181 379 3231 obstrictum
397 3195 424 3230 ae
441 3187 553 3246 putenm
575 3195 633 3229 nom
651 3179 804 3228 aldenardi
822 3181 907 3229 animo
922 3184 1055 3243 promisit,
1075 3190 1183 3232 tenetur.
1280 3221 1282 3226 .

229 3251 261 3300 L.
277 3263 297 3303 a.
315 3251 340 3302 0.
356 3252 387 3300 de
402 3253 475 3301 evici.
495 3250 531 3315 (8,
545 3248 590 3311 45).
615 3249 661 3298 uisi
679 3250 817 3311 promiserit
837 3249 959 3300 Ritterah.
980 3256 1012 3315 ej.
1080 3250 1112 3319 10)
1126 3253 1184 3302 tie-

230 3325 347 3386 eeptione
361 3329 437 3371 totns.
518 3317 550 3385 11)
565 3319 613 3368 Eat
625 3321 701 3368 etiam
715 3319 746 3368 L.
762 3331 796 3370 ac.
816 3321 839 3381 §-
856 3334 875 3370 1.
895 3321 926 3369 D.
943 3322 974 3370 de
988 3323 1075 3373 donat.
1090 3323 1185 3390 (11.5),

229 3394 276 3442 aed
290 3393 441 3457 quidusdam
455 3393 565 3440 mutatis.
634 3386 666 3456 Η)
683 3389 804 3454 Plerique
820 3391 882 3440 Cdd.
897 3391 1051 3454 prohibemur
1069 3409 1104 3444 eo:
1124 3396 1186 3444 aliie

229 3464 286 3512 edd.
341 3460 373 3527 18)
392 3461 530 3511 Geminiani.

305 3533 351 3581 Tit.
371 3531 434 3580 XII.
476 3529 507 3596 14)
524 3530 571 3580 Est
585 3532 660 3580 etiam
675 3531 706 3580 L.
722 3543 756 3583 to.
771 3533 793 3593 §-
810 3542 830 3582 2.
850 3532 882 3581 D.
897 3533 922 3581 it.
938 3539 955 3582 t.
966 3536 1100 3596 posterior
1109 3547 1184 3598 pora.
