2680 4118
250 157 310 221 744
460 178 557 214 resen.
577 179 629 215 1ru.
648 179 709 215 nom
728 180 813 218 verre.
833 167 945 216 83-87.

248 311 329 366 serui.
353 307 386 364 Et
400 311 437 364 ita
452 307 568 365 lulianus
584 325 692 384 quoque
708 309 754 366 lib.
770 309 866 365 XXXV.
883 307 941 380 big.
956 307 1060 381 scribit,
1076 310 1207 382 quamuis

248 391 376 448 Scaeuola
391 392 461 466 apud
476 392 628 449 Marcellum
645 393 768 450 dubitans
783 402 871 451 notet.
916 385 1007 448 Num¹
1030 395 1054 447 si
1068 391 1118 448 suh
1134 409 1206 450 con-

247 475 351 532 dicione
366 477 401 532 sit
417 476 540 546 legatus,
563 480 654 550 potius
669 494 701 533 ex
716 494 831 550 persona
847 477 948 533 domiui
963 477 1092 531 constitui
1108 494 1205 532 usum·

247 559 373 632 fructum,
395 559 536 617 Marcellus
551 560 597 617 lib.
614 561 678 616 Xlll.
694 561 752 635 lifg.
770 561 879 629 scribit3
902 559 946 616 ubi
962 559 1090 616 Scaeuola
1105 571 1204 617 notat:

247 643 323 716 ‘quid
346 645 369 699 si
391 642 491 717 purei'
528 643 576 700 sed
598 643 719 700 dubitare
741 662 796 702 non
818 643 926 714 debuit,
949 659 1009 700 cum
1032 651 1060 699 et
1080 643 1204 700 lulianus

247 726 355 797 scribat,
379 744 409 782 ex
434 743 549 800 persona
571 730 643 783 serui
667 730 803 786 constitui.
847 727 996 783 secundum
1012 743 1079 800 quae
1095 729 1136 783 ius
1152 729 1204 784 ad·

246 811 384 868 crescendi
399 811 488 868 locum
504 809 613 867 liaberet
627 813 654 867 in
670 809 775 868 duobus
791 813 888 882 seruis,
911 813 933 866 si
954 812 1014 883 quis
1037 813 1202 867 contrariam

245 887 418 951 senteutiam²
434 893 570 968 probaret.
599 895 647 950 sed
662 911 743 964 nuno,
764 895 911 951 secundum
926 895 1021 950 luliani
1036 897 1202 951 sententiam

246 986 274 1034 et
287 977 399 1048 Neratii,
418 987 504 1033 cessat
520 979 651 1050 quaestio.

308 1058 356 1122 83.
381 1054 456 1117 ³Non
472 1061 561 1116 solum
576 1070 665 1118 autem
680 1064 704 1118 si
724 1061 829 1118 duobus
853 1061 905 1117 ‘do
921 1059 1001 1135 fego’
1026 1062 1202 1119 ususfructus

244 1146 362 1220 legetur,
378 1147 481 1202 eritius
494 1145 674 1210 adcrescendi‚
692 1161 788 1202 uerum
802 1144 861 1220 '(et)
876 1139 914 1200 si⁴
924 1145 1002 1200 alteri
1014 1145 1200 1218 ususfructus,

245 1230 322 1286 alteri
338 1231 504 1303 proprietam
525 1245 585 1284 uam
602 1231 741 1286 emittente
756 1228 953 1284 usumfructum
968 1228 1065 1301 altero,
1082 1232 1126 1286 cui
1141 1240 1201 1286 erat

245 1312 363 1384 legatus,
379 1314 464 1386 magis
474 1314 532 1368 iure
545 1311 717 1369 adcresceudi
728 1313 760 1368 ad
772 1313 884 1368 alterum
896 1314 1024 1386 pertinet,
1037 1329 1115 1386 quam
1128 1313 1200 1370 redit

244 1395 276 1450 ad
292 1396 494 1468 proprietatem.
537 1394 592 1451 Nec
606 1411 723 1452 nouum:
746 1413 804 1451 nam
821 1397 885 1452 etsi
902 1395 1008 1452 duobus
1024 1395 1199 1454 ususfructus

244 1478 361 1552 legetur,
377 1485 404 1533 et
420 1478 489 1551 apud
505 1477 619 1534 alterum
634 1481 669 1534 sit
684 1479 877 1550 consolidatus,
895 1481 938 1535 ius
954 1479 1127 1536 adcrescendi
1142 1497 1198 1536 non

244 1563 329 1635 perit;
352 1577 403 1618 neo
417 1563 452 1633 ei,
475 1562 545 1635 apud
561 1579 640 1636 quem
655 1563 839 1619 consolidatus
855 1572 910 1631 est,
933 1579 1021 1635 neque
1044 1563 1075 1618 ab
1098 1579 1144 1619 eo:
1168 1573 1197 1620 et

244 1647 302 1720 ipse
325 1644 422 1719 quibus
444 1645 530 1702 modis
553 1647 686 1702 amitteret
706 1655 767 1702 aute
787 1647 1038 1718 consolidationem,
1060 1647 1152 1702 iisdem
1169 1657 1197 1702 et

244 1732 390 1803 uuneipso
407 1730 514 1802 quidem
528 1731 587 1784 iure
602 1745 656 1784 uon
678 1731 797 1804 amitte13
821 1730 867 1785 sed
890 1738 1013 1803 praetor,
1036 1729 1197 1787 subsecutus
1208 1735 1271 1783 [649]
1318 1685 1321 1760 1

244 1814 396 1887 exemplum
417 1815 483 1868 iuris
506 1813 603 1884 ciuilis,
625 1813 720 1868 utilem
736 1815 868 1870 actionem
887 1812 959 1868 dabit
982 1813 1145 1872 fructuario:
1169 1823 1198 1870 et

168 1915 171 1920 ·
244 1899 281 1954 ita
295 1897 402 1954 Neratio
418 1905 446 1952 et
460 1897 580 1952 Aristoni
602 1895 720 1967 uidetur,
743 1905 771 1952 et
786 1897 949 1970 Pomponius
964 1897 1069 1970 probat.
1106 1915 1197 1971 quam-

245 1998 323 2055 quam
337 1981 455 2037 lulianus
477 1980 523 2035 lib.
545 1979 644 2035 XXXV.
664 1980 722 2053 llig.
745 1980 859 2050 scribat,
883 1979 935 2052 ipsi
959 1981 1066 2054 quidem
1088 1983 1130 2036 ius
1152 1981 1198 2037 ad·

244 2064 382 2121 crescendi
399 2057 403 2142 l
421 2070 586 2134 conpetere,
603 2080 658 2119 nou
673 2079 743 2120 uero
756 2063 924 2135 fructuario
940 2065 976 2120 ab
991 2059 1051 2122 eo.⁵

136 2181 185 2222 96¹³
448 2141 534 2211 [Duae
552 2150 597 2192 aut
615 2151 737 2208 quattuor
751 2145 866 2208 popinae
884 2141 995 2211 desunt]

136 2185 245 2291 πλέω]
311 2215 360 2274 84.
377 2218 409 2274 Si
420 2221 508 2274 citeri
521 2217 679 2288 usufructu
694 2222 781 2287 serui,
799 2220 886 2274 alteri
896 2233 982 2274 seruo
995 2221 1100 2292 leputo,
1115 2223 1199 2277 iscur‘

244 2317 348 2358 seruus
357 2305 469 2375 leputus
477 2301 588 2372 fuerat,
603 2305 808 2372 manumiserit,
818 2303 918 2358 deinde
928 2305 1094 2359 omissusud
1104 2306 1198 2360 altero

243 2384 432 2455 ususfructus
444 2389 472 2440 ei
481 2382 643 2455 uceresebt,
654 2388 902 2442 manumissionem
913 2400 952 2442 ecc
959 2383 1026 2458 post
1035 2386 1118 2457 sueto
1130 2403 1197 2444 ecn-

242 2461 420 2538 notescere‚⁶
435 2465 544 2524 difficile
555 2475 596 2522 est
609 2466 707 2524 dicere.
724 2484 883 2540 quamquam
894 2484 949 2524 uon
964 2471 1000 2526 sit
1014 2469 1107 2544 louge,
1123 2470 1197 2543 quod

243 2549 382 2607 llarcellus
398 2549 444 2605 lib.
461 2541 541 2608 'Xll.⁷
559 2549 615 2623 big.
631 2549 734 2622 scribit,
757 2553 780 2607 si
796 2551 901 2606 duobus
917 2569 984 2624 pure
999 2551 1107 2610 Stichus
1122 2553 1196 2627 lege·

244 2641 297 2704 tur,
320 2641 347 2688 et
366 2632 434 2688 alter
450 2635 629 2702 manumittat,
653 2633 720 2690 alter
735 2643 798 2708 post
813 2637 1048 2693 manumissionem
1064 2637 1197 2710 repudiet,

244 2715 289 2772 ubi
305 2732 360 2772 non
376 2713 406 2772 fit
422 2714 562 2788 caducum,
578 2715 729 2774 libertatem
743 2718 833 2774 locum
845 2717 953 2775 habere.
981 2719 1117 2793 idemque,
1132 2729 1159 2776 et
1175 2722 1199 2775 si

244 2800 325 2856 heres
340 2799 504 2858 deliberante
520 2799 651 2874 legatario
667 2803 850 2870 manumittat,
875 2819 936 2858 mor
957 2801 1102 2876 legatarius
1118 2819 1199 2876 repu-

244 2883 372 2939 diauerit:
389 2900 448 2939 nam
464 2883 517 2940 hoc
531 2900 595 2940 casu
610 2882 723 2940 liberum
740 2884 797 2941 fore
813 2886 859 2942 ait.

317 3082 336 3149 ¹)
353 3086 382 3135 ed
397 3083 456 3134 Vct.
472 3093 496 3136 at
510 3076 548 3136 ed.
560 3086 653 3137 Hollw.
665 3086 778 3136 Momms.
789 3095 879 3138 antea:
893 3087 1004 3138 dubiture
1014 3104 1047 3138 se.
1096 3085 1118 3155 ²)
1134 3089 1196 3140 Gon·

244 3157 353 3206 trurium
367 3159 508 3206 sententiae
523 3156 622 3206 Iuliani
635 3165 660 3206 et
675 3157 778 3206 Neratii
792 3159 830 3220 §5-
846 3170 879 3210 ts.
895 3170 927 3210 is.
980 3155 1000 3223 8)
1016 3181 1049 3202 =
1065 3159 1096 3208 L.
1107 3171 1127 3210 s.
1143 3161 1164 3222 ἓ.
1176 3173 1195 3210 s.

243 3227 276 3276 D.
291 3225 324 3276 ib.
376 3223 397 3293 4)
412 3226 456 3276 Ex
470 3228 530 3292 Dip.
545 3230 628 3291 suppl.
680 3225 701 3292 ⁶)
716 3227 809 3276 Hollw.
823 3231 907 3292 suppl.
955 3225 976 3294 6)
990 3229 1034 3278 Au
1047 3231 1196 3279 seutentiam

243 3300 367 3361 suppleri.
400 3298 439 3346 De
457 3297 620 3362 sequentibus
639 3297 673 3360 cf.
693 3297 725 3346 L.
739 3309 771 3350 15.
796 3298 828 3347 D.
848 3299 880 3348 de
898 3298 951 3347 red.
970 3299 1029 3348 dub.
1045 3298 1094 3365 (st,
1113 3297 1145 3364 s).
1164 3300 1196 3349 L.

243 3379 332 3420 st-ss
342 3383 386 3430 pr.
412 3367 444 3415 D.
465 3369 500 3417 ad
519 3370 534 3416 l.
556 3367 641 3432 Aqutt.
657 3365 692 3432 (s,
707 3365 739 3431 i).
767 3366 893 3418 Extrema
911 3367 989 3418 verbu
1007 3377 1111 3419 coustant
1128 3369 1159 3419 L.
1174 3381 1195 3420 s.

243 3438 276 3485 D.
292 3439 323 3486 de
337 3453 445 3487 manum.
461 3438 530 3486 vind.
545 3437 594 3499 (ιο,
608 3435 631 3502 s)
649 3452 684 3486 erc
702 3436 757 3501 Uip.
773 3435 814 3488 tid.
833 3438 925 3488 XVII.
945 3439 980 3488 ud
992 3437 1052 3488 Sub.
1118 3435 1194 3504 ⁷)An

244 3507 313 3556 Xlll‘?
334 3508 371 3570 Cf.
388 3507 420 3557 L.
435 3519 468 3558 st.
488 3508 520 3556 D.
536 3508 568 3557 de
582 3514 678 3558 testum.
693 3509 744 3558 mil.
760 3506 805 3573 (ss,
820 3507 851 3575 1).
