<?xml version="1.0" encoding="UTF-8"?>
<!DOCTYPE html PUBLIC "-//W3C//DTD XHTML 1.0 Transitional//EN"
    "http://www.w3.org/TR/xhtml1/DTD/xhtml1-transitional.dtd">
<html xmlns="http://www.w3.org/1999/xhtml" xml:lang="en" lang="en">
 <head>
  <title>
</title>
<meta http-equiv="Content-Type" content="text/html;charset=utf-8" />
  <meta name='ocr-system' content='tesseract 3.04.00' />
  <meta name='ocr-capabilities' content='ocr_page ocr_carea ocr_par ocr_line ocrx_word'/>
</head>
<body>
  <div class='ocr_page' id='page_1' title='image "./ivrisprvdentiae00huscgoog_0568.png"; bbox 0 0 2692 4114; ppageno 0'>
   <div class='ocr_carea' id='block_1_1' title="bbox 272 191 940 258">
    <p class='ocr_par' dir='ltr' id='par_1_1' title="bbox 272 191 940 258">
     <span class='ocr_line' id='line_1_1' title="bbox 272 191 940 258; baseline 0.007 -19"><span class='ocrx_word' id='word_1_1' title='bbox 272 191 336 258; x_wconf 74' lang='grc'>546</span> <span class='ocrx_word' id='word_1_2' title='bbox 395 233 397 238; x_wconf 90' lang='grc'><strong>.</strong></span> <span class='ocrx_word' id='word_1_3' title='bbox 559 210 625 246; x_wconf 79' lang='lat' dir='ltr'>avan</span> <span class='ocrx_word' id='word_1_4' title='bbox 643 209 738 246; x_wconf 75' lang='lat' dir='ltr'>ravam</span> <span class='ocrx_word' id='word_1_5' title='bbox 756 209 827 246; x_wconf 81' lang='lat' dir='ltr'>saraa.</span> <span class='ocrx_word' id='word_1_6' title='bbox 846 191 879 244; x_wconf 79' lang='lat' dir='ltr'>V.</span> <span class='ocrx_word' id='word_1_7' title='bbox 899 197 940 246; x_wconf 81' lang='lat' dir='ltr'>to.</span> 
     </span>
    </p>
   </div>
   <div class='ocr_carea' id='block_1_2' title="bbox 271 331 1227 831">
    <p class='ocr_par' dir='ltr' id='par_1_2' title="bbox 271 331 1227 831">
     <span class='ocr_line' id='line_1_2' title="bbox 271 331 1227 414; baseline -0.002 -18"><span class='ocrx_word' id='word_1_8' title='bbox 271 341 430 414; x_wconf 80' lang='lat' dir='ltr'><strong>scripturam</strong></span> <span class='ocrx_word' id='word_1_9' title='bbox 445 341 610 412; x_wconf 79' lang='lat' dir='ltr'>interrogari</span> <span class='ocrx_word' id='word_1_10' title='bbox 624 355 679 395; x_wconf 89' lang='lat' dir='ltr'>uon</span> <span class='ocrx_word' id='word_1_11' title='bbox 693 347 817 412; x_wconf 78' lang='lat' dir='ltr'><strong>possunt.</strong></span> <span class='ocrx_word' id='word_1_12' title='bbox 853 335 882 396; x_wconf 84' lang='lat' dir='ltr'>b.</span> <span class='ocrx_word' id='word_1_13' title='bbox 907 331 975 406; x_wconf 78' lang='lat' dir='ltr'>¹Qu</span> <span class='ocrx_word' id='word_1_14' title='bbox 996 337 1064 393; x_wconf 87' lang='lat' dir='ltr'>laiso</span> <span class='ocrx_word' id='word_1_15' title='bbox 1085 337 1130 393; x_wconf 93' lang='lat' dir='ltr'>uel</span> <span class='ocrx_word' id='word_1_16' title='bbox 1151 339 1227 394; x_wconf 89' lang='lat' dir='ltr'>uarie</span> 
     </span>
     <span class='ocr_line' id='line_1_3' title="bbox 273 418 1225 498; baseline -0.003 -18"><span class='ocrx_word' id='word_1_17' title='bbox 273 421 329 498; x_wconf 86' lang='lat' dir='ltr'>(ael</span> <span class='ocrx_word' id='word_1_18' title='bbox 342 422 463 496; x_wconf 74' lang='lat' dir='ltr'>obliquo)</span> <span class='ocrx_word' id='word_1_19' title='bbox 475 424 629 480; x_wconf 90' lang='lat' dir='ltr'>testimonia</span> <span class='ocrx_word' id='word_1_20' title='bbox 639 423 765 479; x_wconf 81' lang='lat' dir='ltr'>dixerunt</span> <span class='ocrx_word' id='word_1_21' title='bbox 777 422 821 478; x_wconf 93' lang='lat' dir='ltr'>uel</span> <span class='ocrx_word' id='word_1_22' title='bbox 832 423 940 496; x_wconf 87' lang='lat' dir='ltr'>utrique</span> <span class='ocrx_word' id='word_1_23' title='bbox 952 423 1021 495; x_wconf 89' lang='lat' dir='ltr'>parti</span> <span class='ocrx_word' id='word_1_24' title='bbox 1033 418 1225 494; x_wconf 84' lang='lat' dir='ltr'>prodiderunt,</span> 
     </span>
     <span class='ocr_line' id='line_1_4' title="bbox 272 505 1225 580; baseline -0.004 -14"><span class='ocrx_word' id='word_1_25' title='bbox 272 516 319 566; x_wconf 89' lang='lat' dir='ltr'>aut</span> <span class='ocrx_word' id='word_1_26' title='bbox 332 509 360 563; x_wconf 94' lang='lat' dir='ltr'>in</span> <span class='ocrx_word' id='word_1_27' title='bbox 376 507 484 564; x_wconf 74' lang='lat' dir='ltr'>exilium</span> <span class='ocrx_word' id='word_1_28' title='bbox 500 514 634 580; x_wconf 78' lang='lat' dir='ltr'>aguntur,</span> <span class='ocrx_word' id='word_1_29' title='bbox 656 508 743 564; x_wconf 92' lang='lat' dir='ltr'>autin</span> <span class='ocrx_word' id='word_1_30' title='bbox 765 506 879 564; x_wconf 88' lang='lat' dir='ltr'>insulam</span> <span class='ocrx_word' id='word_1_31' title='bbox 894 505 1068 580; x_wconf 79' lang='lat' dir='ltr'>relegantur,</span> <span class='ocrx_word' id='word_1_32' title='bbox 1088 513 1134 562; x_wconf 88' lang='lat' dir='ltr'>aut</span> <span class='ocrx_word' id='word_1_33' title='bbox 1149 507 1225 562; x_wconf 89' lang='lat' dir='ltr'>curia</span> 
     </span>
     <span class='ocr_line' id='line_1_5' title="bbox 271 583 1226 664; baseline -0.003 -15"><span class='ocrx_word' id='word_1_34' title='bbox 271 583 494 650; x_wconf 61' lang='lat' dir='ltr'>submoueretur!</span> <span class='ocrx_word' id='word_1_35' title='bbox 537 587 566 650; x_wconf 81' lang='lat'>6.</span> <span class='ocrx_word' id='word_1_36' title='bbox 589 583 637 648; x_wconf 85' lang='lat' dir='ltr'>³lu</span> <span class='ocrx_word' id='word_1_37' title='bbox 657 606 686 647; x_wconf 88' lang='lat' dir='ltr'>re</span> <span class='ocrx_word' id='word_1_38' title='bbox 707 591 858 664; x_wconf 87' lang='lat' dir='ltr'>pecuniaria</span> <span class='ocrx_word' id='word_1_39' title='bbox 880 597 1026 662; x_wconf 84' lang='lat' dir='ltr'>tormenta,</span> <span class='ocrx_word' id='word_1_40' title='bbox 1047 590 1099 647; x_wconf 89' lang='lat' dir='ltr'>nisi</span> <span class='ocrx_word' id='word_1_41' title='bbox 1114 605 1173 648; x_wconf 90' lang='lat' dir='ltr'>curn</span> <span class='ocrx_word' id='word_1_42' title='bbox 1188 592 1226 650; x_wconf 87' lang='lat' dir='ltr'>dc</span> 
     </span>
     <span class='ocr_line' id='line_1_6' title="bbox 272 663 1224 746; baseline -0.003 -13"><span class='ocrx_word' id='word_1_43' title='bbox 272 674 353 734; x_wconf 85' lang='lat' dir='ltr'>robus</span> <span class='ocrx_word' id='word_1_44' title='bbox 375 673 543 730; x_wconf 79' lang='lat' dir='ltr'>hereditariis</span> <span class='ocrx_word' id='word_1_45' title='bbox 565 675 720 746; x_wconf 82' lang='lat' dir='ltr'>quaeritur,</span> <span class='ocrx_word' id='word_1_46' title='bbox 740 690 795 730; x_wconf 94' lang='lat' dir='ltr'>non</span> <span class='ocrx_word' id='word_1_47' title='bbox 816 671 992 744; x_wconf 80' lang='lat' dir='ltr'>adhibentur3</span> <span class='ocrx_word' id='word_1_48' title='bbox 1014 663 1110 730; x_wconf 83' lang='lat' dir='ltr'>&#39;aliae⁴</span> <span class='ocrx_word' id='word_1_49' title='bbox 1131 680 1224 730; x_wconf 88' lang='lat' dir='ltr'>autem</span> 
     </span>
     <span class='ocr_line' id='line_1_7' title="bbox 272 757 828 831; baseline -0.005 -15"><span class='ocrx_word' id='word_1_50' title='bbox 272 757 445 816; x_wconf 87' lang='lat' dir='ltr'>iureiurando</span> <span class='ocrx_word' id='word_1_51' title='bbox 461 766 507 816; x_wconf 90' lang='lat' dir='ltr'>aut</span> <span class='ocrx_word' id='word_1_52' title='bbox 522 757 637 816; x_wconf 85' lang='lat' dir='ltr'>testibus</span> <span class='ocrx_word' id='word_1_53' title='bbox 652 757 828 831; x_wconf 73' lang='lat' dir='ltr'>explicantur.</span> 
     </span>
    </p>
   </div>
   <div class='ocr_carea' id='block_1_3' title="bbox 404 903 1088 974">
    <p class='ocr_par' dir='ltr' id='par_1_3' title="bbox 404 903 1088 974">
     <span class='ocr_line' id='line_1_8' title="bbox 404 903 1088 974; baseline 0 -4"><span class='ocrx_word' id='word_1_54' title='bbox 404 930 468 973; x_wconf 82' lang='lat' dir='ltr'>aaa.</span> <span class='ocrx_word' id='word_1_55' title='bbox 483 928 546 969; x_wconf 83' lang='lat' dir='ltr'>xva.</span> <span class='ocrx_word' id='word_1_56' title='bbox 577 927 619 969; x_wconf 82' lang='lat' dir='ltr'>ns</span> <span class='ocrx_word' id='word_1_57' title='bbox 636 926 801 970; x_wconf 77' lang='lat' dir='ltr'>suavoavu</span> <span class='ocrx_word' id='word_1_58' title='bbox 816 903 1088 974; x_wconf 78' lang='lat' dir='ltr'>ovausa10u1avs.⁵</span> 
     </span>
    </p>
   </div>
   <div class='ocr_carea' id='block_1_4' title="bbox 268 1015 1296 2016">
    <p class='ocr_par' dir='ltr' id='par_1_4' title="bbox 268 1015 1296 2016">
     <span class='ocr_line' id='line_1_9' title="bbox 333 1015 1224 1094; baseline -0.004 -12"><span class='ocrx_word' id='word_1_59' title='bbox 333 1021 358 1082; x_wconf 91' lang='lat'>1.</span> <span class='ocrx_word' id='word_1_60' title='bbox 385 1015 519 1080; x_wconf 71' lang='lat' dir='ltr'>⁶Seruum</span> <span class='ocrx_word' id='word_1_61' title='bbox 540 1021 574 1079; x_wconf 91' lang='lat' dir='ltr'>de</span> <span class='ocrx_word' id='word_1_62' title='bbox 596 1022 669 1078; x_wconf 89' lang='lat' dir='ltr'>lacto</span> <span class='ocrx_word' id='word_1_63' title='bbox 691 1034 741 1078; x_wconf 89' lang='lat' dir='ltr'>suo</span> <span class='ocrx_word' id='word_1_64' title='bbox 763 1022 790 1078; x_wconf 92' lang='lat' dir='ltr'>in</span> <span class='ocrx_word' id='word_1_65' title='bbox 812 1037 841 1078; x_wconf 89' lang='lat' dir='ltr'>so</span> <span class='ocrx_word' id='word_1_66' title='bbox 855 1022 1018 1094; x_wconf 82' lang='lat' dir='ltr'>interrogari</span> <span class='ocrx_word' id='word_1_67' title='bbox 1034 1033 1130 1094; x_wconf 84' lang='lat' dir='ltr'>posse,</span> <span class='ocrx_word' id='word_1_68' title='bbox 1152 1023 1224 1078; x_wconf 89' lang='lat' dir='ltr'>ratio</span> 
     </span>
     <span class='ocr_line' id='line_1_10' title="bbox 270 1103 1222 1182; baseline -0.003 -18"><span class='ocrx_word' id='word_1_69' title='bbox 270 1108 414 1182; x_wconf 87' lang='lat' dir='ltr'>aequitatis</span> <span class='ocrx_word' id='word_1_70' title='bbox 431 1105 563 1162; x_wconf 72' lang='lat' dir='ltr'>ostendit:</span> <span class='ocrx_word' id='word_1_71' title='bbox 578 1121 628 1162; x_wconf 87' lang='lat' dir='ltr'>nec</span> <span class='ocrx_word' id='word_1_72' title='bbox 642 1106 712 1162; x_wconf 86' lang='lat' dir='ltr'>enim</span> <span class='ocrx_word' id='word_1_73' title='bbox 728 1103 823 1162; x_wconf 86' lang='lat' dir='ltr'>obesse</span> <span class='ocrx_word' id='word_1_74' title='bbox 838 1103 971 1172; x_wconf 72' lang='lat' dir='ltr'>aldebert,</span> <span class='ocrx_word' id='word_1_75' title='bbox 987 1107 1033 1177; x_wconf 88' lang='lat' dir='ltr'>qui</span> <span class='ocrx_word' id='word_1_76' title='bbox 1048 1121 1098 1178; x_wconf 92' lang='lat' dir='ltr'>per</span> <span class='ocrx_word' id='word_1_77' title='bbox 1111 1121 1222 1162; x_wconf 90' lang='lat' dir='ltr'>seruum</span> 
     </span>
     <span class='ocr_line' id='line_1_11' title="bbox 271 1181 1222 1264; baseline -0.003 -16"><span class='ocrx_word' id='word_1_78' title='bbox 271 1191 370 1264; x_wconf 89' lang='lat' dir='ltr'>aliquid</span> <span class='ocrx_word' id='word_1_79' title='bbox 387 1193 445 1246; x_wconf 89' lang='lat' dir='ltr'>sine</span> <span class='ocrx_word' id='word_1_80' title='bbox 460 1191 584 1246; x_wconf 87' lang='lat' dir='ltr'>cautione</span> <span class='ocrx_word' id='word_1_81' title='bbox 601 1187 754 1247; x_wconf 89' lang='lat' dir='ltr'>commodat</span> <span class='ocrx_word' id='word_1_82' title='bbox 768 1196 815 1245; x_wconf 89' lang='lat' dir='ltr'>aut</span> <span class='ocrx_word' id='word_1_83' title='bbox 829 1188 948 1261; x_wconf 76' lang='lat' dir='ltr'>deponlt&#39;.</span> <span class='ocrx_word' id='word_1_84' title='bbox 984 1183 1014 1245; x_wconf 74' lang='lat'>2.</span> <span class='ocrx_word' id='word_1_85' title='bbox 1035 1181 1135 1244; x_wconf 81' lang='lat' dir='ltr'>⁷ludex</span> <span class='ocrx_word' id='word_1_86' title='bbox 1150 1197 1222 1245; x_wconf 91' lang='lat' dir='ltr'>tute·</span> 
     </span>
     <span class='ocr_line' id='line_1_12' title="bbox 272 1271 1222 1346; baseline -0.006 -12"><span class='ocrx_word' id='word_1_87' title='bbox 272 1276 347 1346; x_wconf 89' lang='lat' dir='ltr'>laris,</span> <span class='ocrx_word' id='word_1_88' title='bbox 363 1276 482 1346; x_wconf 89' lang='lat' dir='ltr'>itemque</span> <span class='ocrx_word' id='word_1_89' title='bbox 497 1275 657 1330; x_wconf 89' lang='lat' dir='ltr'>centumuiri</span> <span class='ocrx_word' id='word_1_90' title='bbox 673 1275 696 1328; x_wconf 92' lang='lat' dir='ltr'>si</span> <span class='ocrx_word' id='word_1_91' title='bbox 710 1273 788 1330; x_wconf 84' lang='lat' dir='ltr'>aliter</span> <span class='ocrx_word' id='word_1_92' title='bbox 802 1272 835 1329; x_wconf 93' lang='lat' dir='ltr'>de</span> <span class='ocrx_word' id='word_1_93' title='bbox 850 1271 931 1328; x_wconf 89' lang='lat' dir='ltr'>rebus</span> <span class='ocrx_word' id='word_1_94' title='bbox 947 1272 1112 1330; x_wconf 89' lang='lat' dir='ltr'>hereditariis</span> <span class='ocrx_word' id='word_1_95' title='bbox 1128 1272 1172 1330; x_wconf 88' lang='lat' dir='ltr'>uel</span> <span class='ocrx_word' id='word_1_96' title='bbox 1188 1271 1222 1328; x_wconf 89' lang='lat' dir='ltr'>de</span> 
     </span>
     <span class='ocr_line' id='line_1_13' title="bbox 272 1355 1222 1431; baseline 0.002 -19"><span class='ocrx_word' id='word_1_97' title='bbox 272 1357 324 1414; x_wconf 86' lang='lat' dir='ltr'>fide</span> <span class='ocrx_word' id='word_1_98' title='bbox 339 1358 448 1431; x_wconf 75' lang='lat' dir='ltr'>generis</span> <span class='ocrx_word' id='word_1_99' title='bbox 462 1358 560 1414; x_wconf 87' lang='lat' dir='ltr'>lustrul</span> <span class='ocrx_word' id='word_1_100' title='bbox 575 1372 629 1414; x_wconf 88' lang='lat' dir='ltr'>nou</span> <span class='ocrx_word' id='word_1_101' title='bbox 644 1365 776 1430; x_wconf 84' lang='lat' dir='ltr'>possunt,</span> <span class='ocrx_word' id='word_1_102' title='bbox 792 1363 921 1430; x_wconf 86' lang='lat' dir='ltr'>poterunt</span> <span class='ocrx_word' id='word_1_103' title='bbox 937 1355 970 1412; x_wconf 87' lang='lat' dir='ltr'>de</span> <span class='ocrx_word' id='word_1_104' title='bbox 985 1357 1071 1412; x_wconf 87' lang='lat' dir='ltr'>seruis</span> <span class='ocrx_word' id='word_1_105' title='bbox 1087 1356 1222 1414; x_wconf 83' lang='lat' dir='ltr'>heredita·</span> 
     </span>
     <span class='ocr_line' id='line_1_14' title="bbox 270 1433 1296 1516; baseline -0.004 -16"><span class='ocrx_word' id='word_1_106' title='bbox 270 1443 317 1500; x_wconf 85' lang='lat' dir='ltr'>aiis</span> <span class='ocrx_word' id='word_1_107' title='bbox 333 1440 430 1498; x_wconf 87' lang='lat' dir='ltr'>hahere</span> <span class='ocrx_word' id='word_1_108' title='bbox 453 1440 648 1514; x_wconf 83' lang='lat' dir='ltr'>quaestionem.</span> <span class='ocrx_word' id='word_1_109' title='bbox 691 1436 721 1498; x_wconf 80' lang='lat'>8.</span> <span class='ocrx_word' id='word_1_110' title='bbox 744 1433 841 1496; x_wconf 86' lang='lat' dir='ltr'>8Serui</span> <span class='ocrx_word' id='word_1_111' title='bbox 861 1439 939 1496; x_wconf 88' lang='lat' dir='ltr'>alieni</span> <span class='ocrx_word' id='word_1_112' title='bbox 960 1441 989 1496; x_wconf 89' lang='lat' dir='ltr'>in</span> <span class='ocrx_word' id='word_1_113' title='bbox 1009 1439 1119 1496; x_wconf 87' lang='lat' dir='ltr'>alterius</span> <span class='ocrx_word' id='word_1_114' title='bbox 1141 1449 1222 1516; x_wconf 88' lang='lat' dir='ltr'>caput</span> <span class='ocrx_word' id='word_1_115' title='bbox 1232 1455 1296 1505; x_wconf 82' lang='lat'>[451]</span> 
     </span>
     <span class='ocr_line' id='line_1_15' title="bbox 271 1523 1222 1598; baseline 0 -16"><span class='ocrx_word' id='word_1_116' title='bbox 271 1541 327 1582; x_wconf 90' lang='lat' dir='ltr'>uon</span> <span class='ocrx_word' id='word_1_117' title='bbox 342 1525 393 1580; x_wconf 91' lang='lat' dir='ltr'>nisi</span> <span class='ocrx_word' id='word_1_118' title='bbox 408 1523 511 1598; x_wconf 81' lang='lat' dir='ltr'>singuli</span> <span class='ocrx_word' id='word_1_119' title='bbox 525 1526 648 1598; x_wconf 84' lang='lat' dir='ltr'>torqueri</span> <span class='ocrx_word' id='word_1_120' title='bbox 662 1533 788 1597; x_wconf 87' lang='lat' dir='ltr'>possunt.</span> <span class='ocrx_word' id='word_1_121' title='bbox 825 1532 853 1578; x_wconf 88' lang='lat' dir='ltr'>et</span> <span class='ocrx_word' id='word_1_122' title='bbox 867 1523 920 1580; x_wconf 89' lang='lat' dir='ltr'>hoc</span> <span class='ocrx_word' id='word_1_123' title='bbox 933 1525 1020 1580; x_wconf 91' lang='lat' dir='ltr'>inuito</span> <span class='ocrx_word' id='word_1_124' title='bbox 1036 1523 1145 1582; x_wconf 90' lang='lat' dir='ltr'>domino</span> <span class='ocrx_word' id='word_1_125' title='bbox 1166 1541 1222 1582; x_wconf 90' lang='lat' dir='ltr'>nou</span> 
     </span>
     <span class='ocr_line' id='line_1_16' title="bbox 271 1606 1222 1682; baseline 0 -16"><span class='ocrx_word' id='word_1_126' title='bbox 271 1615 313 1666; x_wconf 90' lang='lat' dir='ltr'>est</span> <span class='ocrx_word' id='word_1_127' title='bbox 333 1607 560 1682; x_wconf 87' lang='lat' dir='ltr'>permittendum,</span> <span class='ocrx_word' id='word_1_128' title='bbox 581 1609 632 1664; x_wconf 90' lang='lat' dir='ltr'>nisi</span> <span class='ocrx_word' id='word_1_129' title='bbox 646 1607 768 1679; x_wconf 81' lang='lat' dir='ltr'>delator,</span> <span class='ocrx_word' id='word_1_130' title='bbox 788 1609 864 1664; x_wconf 91' lang='lat' dir='ltr'>cuius</span> <span class='ocrx_word' id='word_1_131' title='bbox 884 1606 998 1664; x_wconf 85' lang='lat' dir='ltr'>interest</span> <span class='ocrx_word' id='word_1_132' title='bbox 1013 1607 1085 1681; x_wconf 93' lang='lat' dir='ltr'>quod</span> <span class='ocrx_word' id='word_1_133' title='bbox 1107 1609 1222 1666; x_wconf 87' lang='lat' dir='ltr'>intendit</span> 
     </span>
     <span class='ocr_line' id='line_1_17' title="bbox 270 1691 1222 1768; baseline 0.002 -20"><span class='ocrx_word' id='word_1_134' title='bbox 270 1691 399 1768; x_wconf 88' lang='lat' dir='ltr'>probare,</span> <span class='ocrx_word' id='word_1_135' title='bbox 420 1693 506 1766; x_wconf 87' lang='lat' dir='ltr'>pretia</span> <span class='ocrx_word' id='word_1_136' title='bbox 521 1707 632 1763; x_wconf 87' lang='lat' dir='ltr'>eorum,</span> <span class='ocrx_word' id='word_1_137' title='bbox 654 1693 747 1764; x_wconf 88' lang='lat' dir='ltr'>quanti</span> <span class='ocrx_word' id='word_1_138' title='bbox 769 1691 892 1748; x_wconf 86' lang='lat' dir='ltr'>domiuus</span> <span class='ocrx_word' id='word_1_139' title='bbox 907 1693 1049 1760; x_wconf 78' lang='lat' dir='ltr'>taaauertt,</span> <span class='ocrx_word' id='word_1_140' title='bbox 1070 1691 1171 1749; x_wconf 89' lang='lat' dir='ltr'>inierre</span> <span class='ocrx_word' id='word_1_141' title='bbox 1185 1694 1222 1751; x_wconf 91' lang='lat' dir='ltr'>sit</span> 
     </span>
     <span class='ocr_line' id='line_1_18' title="bbox 269 1774 1219 1850; baseline 0 -18"><span class='ocrx_word' id='word_1_142' title='bbox 269 1785 380 1850; x_wconf 89' lang='lat' dir='ltr'>paratus</span> <span class='ocrx_word' id='word_1_143' title='bbox 404 1776 447 1834; x_wconf 89' lang='lat' dir='ltr'>uel</span> <span class='ocrx_word' id='word_1_144' title='bbox 469 1784 542 1833; x_wconf 88' lang='lat' dir='ltr'>certe</span> <span class='ocrx_word' id='word_1_145' title='bbox 569 1775 711 1832; x_wconf 87' lang='lat' dir='ltr'>deterioris</span> <span class='ocrx_word' id='word_1_146' title='bbox 739 1774 801 1832; x_wconf 89' lang='lat' dir='ltr'>iacti</span> <span class='ocrx_word' id='word_1_147' title='bbox 829 1776 903 1832; x_wconf 89' lang='lat' dir='ltr'>serui</span> <span class='ocrx_word' id='word_1_148' title='bbox 928 1774 1020 1832; x_wconf 87' lang='lat' dir='ltr'>subire</span> <span class='ocrx_word' id='word_1_149' title='bbox 1048 1776 1219 1838; x_wconf 82' lang='lat' dir='ltr'>taxationem.</span> 
     </span>
     <span class='ocr_line' id='line_1_19' title="bbox 268 1854 1220 1933; baseline -0.002 -15"><span class='ocrx_word' id='word_1_150' title='bbox 268 1856 299 1918; x_wconf 84' lang='lat'>4.</span> <span class='ocrx_word' id='word_1_151' title='bbox 323 1854 440 1932; x_wconf 80' lang='lat' dir='ltr'>⁹Seruo‚</span> <span class='ocrx_word' id='word_1_152' title='bbox 463 1861 509 1933; x_wconf 87' lang='lat' dir='ltr'>qui</span> <span class='ocrx_word' id='word_1_153' title='bbox 531 1859 603 1916; x_wconf 91' lang='lat' dir='ltr'>ultro</span> <span class='ocrx_word' id='word_1_154' title='bbox 619 1859 719 1932; x_wconf 87' lang='lat' dir='ltr'>aliquid</span> <span class='ocrx_word' id='word_1_155' title='bbox 735 1857 768 1914; x_wconf 86' lang='lat' dir='ltr'>do</span> <span class='ocrx_word' id='word_1_156' title='bbox 783 1858 892 1916; x_wconf 91' lang='lat' dir='ltr'>domiuo</span> <span class='ocrx_word' id='word_1_157' title='bbox 909 1857 1067 1931; x_wconf 82' lang='lat' dir='ltr'>confitetur,</span> <span class='ocrx_word' id='word_1_158' title='bbox 1083 1857 1148 1916; x_wconf 86' lang='lat' dir='ltr'>fides</span> <span class='ocrx_word' id='word_1_159' title='bbox 1163 1876 1220 1916; x_wconf 91' lang='lat' dir='ltr'>non</span> 
     </span>
     <span class='ocr_line' id='line_1_20' title="bbox 269 1941 1219 2016; baseline -0.002 -14"><span class='ocrx_word' id='word_1_160' title='bbox 269 1943 501 2002; x_wconf 71' lang='lat' dir='ltr'>accommodatum</span> <span class='ocrx_word' id='word_1_161' title='bbox 518 1959 575 2016; x_wconf 88' lang='lat' dir='ltr'>nec</span> <span class='ocrx_word' id='word_1_162' title='bbox 603 1945 673 2000; x_wconf 90' lang='lat' dir='ltr'>enim</span> <span class='ocrx_word' id='word_1_163' title='bbox 695 1950 804 2016; x_wconf 91' lang='lat' dir='ltr'>oportet</span> <span class='ocrx_word' id='word_1_164' title='bbox 831 1943 858 1998; x_wconf 90' lang='lat' dir='ltr'>in</span> <span class='ocrx_word' id='word_1_165' title='bbox 885 1941 966 2000; x_wconf 92' lang='lat' dir='ltr'>rebus</span> <span class='ocrx_word' id='word_1_166' title='bbox 994 1941 1082 2000; x_wconf 85' lang='lat' dir='ltr'>dubiis</span> <span class='ocrx_word' id='word_1_167' title='bbox 1105 1943 1219 2000; x_wconf 90' lang='lat' dir='ltr'>salutem</span> 
     </span>
    </p>
   </div>
   <div class='ocr_carea' id='block_1_5' title="bbox 269 2019 1219 2185">
    <p class='ocr_par' dir='ltr' id='par_1_5' title="bbox 269 2019 1219 2185">
     <span class='ocr_line' id='line_1_21' title="bbox 269 2019 1219 2102; baseline -0.001 -17"><span class='ocrx_word' id='word_1_168' title='bbox 269 2027 439 2085; x_wconf 91' lang='lat' dir='ltr'>dominorum</span> <span class='ocrx_word' id='word_1_169' title='bbox 454 2043 595 2084; x_wconf 89' lang='lat' dir='ltr'>seruorum</span> <span class='ocrx_word' id='word_1_170' title='bbox 611 2026 721 2082; x_wconf 87' lang='lat' dir='ltr'>arbitrio</span> <span class='ocrx_word' id='word_1_171' title='bbox 736 2027 877 2084; x_wconf 87' lang='lat' dir='ltr'>committi.</span> <span class='ocrx_word' id='word_1_172' title='bbox 918 2023 946 2083; x_wconf 85' lang='lat' dir='ltr'>b.</span> <span class='ocrx_word' id='word_1_173' title='bbox 972 2019 996 2060; x_wconf 93' lang='lat'>¹⁰</span> <span class='ocrx_word' id='word_1_174' title='bbox 1004 2027 1082 2084; x_wconf 90' lang='lat' dir='ltr'>Serui</span> <span class='ocrx_word' id='word_1_175' title='bbox 1096 2028 1123 2084; x_wconf 92' lang='lat' dir='ltr'>in</span> <span class='ocrx_word' id='word_1_176' title='bbox 1138 2036 1219 2102; x_wconf 91' lang='lat' dir='ltr'>caput</span> 
     </span>
     <span class='ocr_line' id='line_1_22' title="bbox 270 2111 1219 2185; baseline -0.001 -15"><span class='ocrx_word' id='word_1_177' title='bbox 270 2111 372 2170; x_wconf 93' lang='lat' dir='ltr'>domini</span> <span class='ocrx_word' id='word_1_178' title='bbox 386 2128 475 2184; x_wconf 86' lang='lat' dir='ltr'>aeque</span> <span class='ocrx_word' id='word_1_179' title='bbox 490 2129 505 2167; x_wconf 93' lang='lat' dir='ltr'>a</span> <span class='ocrx_word' id='word_1_180' title='bbox 519 2111 643 2184; x_wconf 77' lang='lat' dir='ltr'>praeside</span> <span class='ocrx_word' id='word_1_181' title='bbox 656 2126 744 2183; x_wconf 90' lang='lat' dir='ltr'>neque</span> <span class='ocrx_word' id='word_1_182' title='bbox 760 2126 774 2165; x_wconf 92' lang='lat' dir='ltr'>a</span> <span class='ocrx_word' id='word_1_183' title='bbox 789 2118 975 2184; x_wconf 85' lang='lat' dir='ltr'>procuratore,</span> <span class='ocrx_word' id='word_1_184' title='bbox 991 2127 1079 2185; x_wconf 86' lang='lat' dir='ltr'>neque</span> <span class='ocrx_word' id='word_1_185' title='bbox 1095 2113 1122 2167; x_wconf 90' lang='lat' dir='ltr'>la</span> <span class='ocrx_word' id='word_1_186' title='bbox 1137 2128 1219 2185; x_wconf 92' lang='lat' dir='ltr'>pecu·</span> 
     </span>
    </p>
   </div>
   <div class='ocr_carea' id='block_1_6' title="bbox 272 2229 480 2242">
    <p class='ocr_par' dir='ltr' id='par_1_6' title="bbox 272 2229 480 2242">
     <span class='ocr_line' id='line_1_23' title="bbox 272 2229 480 2242; baseline -0.005 -5"><span class='ocrx_word' id='word_1_187' title='bbox 272 2229 480 2242; x_wconf 63' lang='lat'>-.-..,-.--</span> 
     </span>
    </p>
   </div>
   <div class='ocr_carea' id='block_1_7' title="bbox 190 2280 1219 3609">
    <p class='ocr_par' dir='ltr' id='par_1_7' title="bbox 190 2280 1219 3609">
     <span class='ocr_line' id='line_1_24' title="bbox 269 2280 1218 2344; baseline 0 -14"><span class='ocrx_word' id='word_1_188' title='bbox 269 2288 359 2332; x_wconf 78' lang='lat' dir='ltr'>testato</span> <span class='ocrx_word' id='word_1_189' title='bbox 374 2280 500 2343; x_wconf 78' lang='lat' dir='ltr'>confectis</span> <span class='ocrx_word' id='word_1_190' title='bbox 513 2281 637 2342; x_wconf 84' lang='lat' dir='ltr'>scriptam</span> <span class='ocrx_word' id='word_1_191' title='bbox 651 2286 700 2338; x_wconf 87' lang='lat' dir='ltr'>est,</span> <span class='ocrx_word' id='word_1_192' title='bbox 719 2280 785 2328; x_wconf 81' lang='lat' dir='ltr'>alios</span> <span class='ocrx_word' id='word_1_193' title='bbox 799 2285 875 2328; x_wconf 84' lang='lat' dir='ltr'>testes</span> <span class='ocrx_word' id='word_1_194' title='bbox 887 2280 1050 2344; x_wconf 51' lang='lat' dir='ltr'>¹a&#39;nterropcuu&#39;</span> <span class='ocrx_word' id='word_1_195' title='bbox 1067 2295 1118 2331; x_wconf 86' lang='lat' dir='ltr'>non</span> <span class='ocrx_word' id='word_1_196' title='bbox 1132 2295 1218 2344; x_wconf 84' lang='lat' dir='ltr'>posse,</span> 
     </span>
     <span class='ocr_line' id='line_1_25' title="bbox 269 2348 1219 2415; baseline 0.001 -15"><span class='ocrx_word' id='word_1_197' title='bbox 269 2353 320 2400; x_wconf 85' lang='lat' dir='ltr'>uisi</span> <span class='ocrx_word' id='word_1_198' title='bbox 334 2353 355 2399; x_wconf 86' lang='lat' dir='ltr'>ll</span> <span class='ocrx_word' id='word_1_199' title='bbox 368 2358 452 2412; x_wconf 78' lang='lat' dir='ltr'>testes,</span> <span class='ocrx_word' id='word_1_200' title='bbox 466 2350 511 2413; x_wconf 81' lang='lat' dir='ltr'>qui</span> <span class='ocrx_word' id='word_1_201' title='bbox 525 2350 691 2413; x_wconf 78' lang='lat' dir='ltr'>conficiendis</span> <span class='ocrx_word' id='word_1_202' title='bbox 705 2348 799 2398; x_wconf 79' lang='lat' dir='ltr'>tabulis</span> <span class='ocrx_word' id='word_1_203' title='bbox 813 2348 922 2398; x_wconf 83' lang='lat' dir='ltr'>adbibiti</span> <span class='ocrx_word' id='word_1_204' title='bbox 933 2349 1042 2412; x_wconf 84' lang='lat' dir='ltr'>suerint,</span> <span class='ocrx_word' id='word_1_205' title='bbox 1057 2351 1089 2400; x_wconf 86' lang='lat' dir='ltr'>de</span> <span class='ocrx_word' id='word_1_206' title='bbox 1098 2366 1135 2408; x_wconf 89' lang='lat' dir='ltr'>eo,</span> <span class='ocrx_word' id='word_1_207' title='bbox 1152 2351 1219 2415; x_wconf 85' lang='lat' dir='ltr'>quod</span> 
     </span>
     <span class='ocr_line' id='line_1_26' title="bbox 268 2419 1218 2486; baseline 0.002 -18"><span class='ocrx_word' id='word_1_208' title='bbox 268 2423 392 2482; x_wconf 80' lang='lat' dir='ltr'>scriptum</span> <span class='ocrx_word' id='word_1_209' title='bbox 405 2423 451 2476; x_wconf 83' lang='lat' dir='ltr'>sit,</span> <span class='ocrx_word' id='word_1_210' title='bbox 470 2421 538 2467; x_wconf 80' lang='lat' dir='ltr'>inter</span> <span class='ocrx_word' id='word_1_211' title='bbox 556 2433 583 2468; x_wconf 84' lang='lat' dir='ltr'>se</span> <span class='ocrx_word' id='word_1_212' title='bbox 601 2420 755 2469; x_wconf 80' lang='lat' dir='ltr'>dissentiant</span> <span class='ocrx_word' id='word_1_213' title='bbox 773 2422 812 2468; x_wconf 87' lang='lat' dir='ltr'>uel</span> <span class='ocrx_word' id='word_1_214' title='bbox 825 2421 892 2468; x_wconf 81' lang='lat' dir='ltr'>alios</span> <span class='ocrx_word' id='word_1_215' title='bbox 906 2419 1019 2469; x_wconf 82' lang='lat' dir='ltr'>titubent.</span> <span class='ocrx_word' id='word_1_216' title='bbox 1048 2419 1118 2470; x_wconf 87' lang='lat' dir='ltr'>Idem</span> <span class='ocrx_word' id='word_1_217' title='bbox 1137 2423 1218 2486; x_wconf 75' lang='lat' dir='ltr'>ipitur</span> 
     </span>
     <span class='ocr_line' id='line_1_27' title="bbox 190 2489 1216 2552; baseline 0.004 -14"><span class='ocrx_word' id='word_1_218' title='bbox 190 2509 193 2516; x_wconf 92' lang='lat'>·</span> <span class='ocrx_word' id='word_1_219' title='bbox 269 2491 419 2538; x_wconf 83' lang='lat' dir='ltr'>accuratius</span> <span class='ocrx_word' id='word_1_220' title='bbox 433 2490 539 2546; x_wconf 81' lang='lat' dir='ltr'>dicitur,</span> <span class='ocrx_word' id='word_1_221' title='bbox 549 2490 618 2552; x_wconf 82' lang='lat' dir='ltr'>qaod</span> <span class='ocrx_word' id='word_1_222' title='bbox 626 2504 660 2538; x_wconf 77' lang='lat' dir='ltr'>ea:</span> <span class='ocrx_word' id='word_1_223' title='bbox 672 2489 829 2539; x_wconf 81' lang='lat' dir='ltr'>Graecorum</span> <span class='ocrx_word' id='word_1_224' title='bbox 839 2489 914 2542; x_wconf 82' lang='lat' dir='ltr'>libris</span> <span class='ocrx_word' id='word_1_225' title='bbox 923 2491 998 2540; x_wconf 81' lang='lat' dir='ltr'>initio</span> <span class='ocrx_word' id='word_1_226' title='bbox 1008 2493 1046 2540; x_wconf 84' lang='lat' dir='ltr'>tit.</span> <span class='ocrx_word' id='word_1_227' title='bbox 1058 2491 1083 2541; x_wconf 82' lang='lat'>0.</span> <span class='ocrx_word' id='word_1_228' title='bbox 1094 2491 1126 2542; x_wconf 89' lang='lat' dir='ltr'>de</span> <span class='ocrx_word' id='word_1_229' title='bbox 1135 2491 1216 2542; x_wconf 82' lang='lat' dir='ltr'>testib.</span> 
     </span>
     <span class='ocr_line' id='line_1_28' title="bbox 268 2555 1216 2623; baseline 0.004 -15"><span class='ocrx_word' id='word_1_230' title='bbox 268 2561 412 2609; x_wconf 81' lang='lat' dir='ltr'>restitutum</span> <span class='ocrx_word' id='word_1_231' title='bbox 426 2565 470 2608; x_wconf 86' lang='lat' dir='ltr'>est.</span> <span class='ocrx_word' id='word_1_232' title='bbox 524 2555 544 2623; x_wconf 84' lang='grc'>1)</span> <span class='ocrx_word' id='word_1_233' title='bbox 558 2558 641 2608; x_wconf 54' lang='lat' dir='ltr'>dotat</span> <span class='ocrx_word' id='word_1_234' title='bbox 654 2561 729 2609; x_wconf 85' lang='lat' dir='ltr'>etiam</span> <span class='ocrx_word' id='word_1_235' title='bbox 744 2562 772 2610; x_wconf 84' lang='lat' dir='ltr'>in</span> <span class='ocrx_word' id='word_1_236' title='bbox 786 2560 876 2610; x_wconf 74' lang='lat' dir='ltr'>Callai.</span> <span class='ocrx_word' id='word_1_237' title='bbox 886 2572 907 2618; x_wconf 98' lang='grc'><strong>8,</strong></span> <span class='ocrx_word' id='word_1_238' title='bbox 917 2573 947 2619; x_wconf 89' lang='grc'>8.,</span> <span class='ocrx_word' id='word_1_239' title='bbox 962 2560 1006 2610; x_wconf 84' lang='lat' dir='ltr'>ubi</span> <span class='ocrx_word' id='word_1_240' title='bbox 1018 2563 1070 2611; x_wconf 82' lang='lat' dir='ltr'>uid.</span> <span class='ocrx_word' id='word_1_241' title='bbox 1085 2569 1137 2613; x_wconf 87' lang='lat' dir='ltr'>not.</span> <span class='ocrx_word' id='word_1_242' title='bbox 1152 2569 1176 2612; x_wconf 84' lang='lat' dir='ltr'>ct</span> <span class='ocrx_word' id='word_1_243' title='bbox 1190 2565 1216 2612; x_wconf 81' lang='lat' dir='ltr'>in</span> 
     </span>
     <span class='ocr_line' id='line_1_29' title="bbox 267 2628 1215 2697; baseline 0.001 -16"><span class='ocrx_word' id='word_1_244' title='bbox 267 2630 299 2680; x_wconf 88' lang='lat' dir='ltr'>L.</span> <span class='ocrx_word' id='word_1_245' title='bbox 315 2641 349 2681; x_wconf 87' lang='grc'><strong>18.</strong></span> <span class='ocrx_word' id='word_1_246' title='bbox 363 2629 396 2678; x_wconf 86' lang='lat' dir='ltr'>D.</span> <span class='ocrx_word' id='word_1_247' title='bbox 411 2630 442 2678; x_wconf 88' lang='lat' dir='ltr'>de</span> <span class='ocrx_word' id='word_1_248' title='bbox 455 2628 537 2678; x_wconf 82' lang='lat' dir='ltr'>testib.</span> <span class='ocrx_word' id='word_1_249' title='bbox 554 2630 598 2695; x_wconf 90' lang='grc'><strong>(22,</strong></span> <span class='ocrx_word' id='word_1_250' title='bbox 608 2628 639 2695; x_wconf 82' lang='grc'><strong>8).</strong></span> <span class='ocrx_word' id='word_1_251' title='bbox 661 2630 698 2694; x_wconf 78' lang='lat' dir='ltr'>Cf.</span> <span class='ocrx_word' id='word_1_252' title='bbox 709 2629 759 2679; x_wconf 87' lang='lat' dir='ltr'>Ed.</span> <span class='ocrx_word' id='word_1_253' title='bbox 774 2630 896 2681; x_wconf 82' lang='lat' dir='ltr'>Tbeoder.</span> <span class='ocrx_word' id='word_1_254' title='bbox 905 2643 940 2683; x_wconf 79' lang='lat' dir='ltr'>tt.</span> <span class='ocrx_word' id='word_1_255' title='bbox 993 2628 1014 2697; x_wconf 69' lang='grc' dir='ltr'>Ι)</span> <span class='ocrx_word' id='word_1_256' title='bbox 1031 2632 1069 2696; x_wconf 76' lang='lat' dir='ltr'>Of.</span> <span class='ocrx_word' id='word_1_257' title='bbox 1081 2633 1215 2696; x_wconf 80' lang='lat' dir='ltr'>Lamprid.</span> 
     </span>
     <span class='ocr_line' id='line_1_30' title="bbox 267 2695 1215 2768; baseline 0.004 -18"><span class='ocrx_word' id='word_1_258' title='bbox 267 2700 344 2750; x_wconf 82' lang='lat' dir='ltr'>Alea.</span> <span class='ocrx_word' id='word_1_259' title='bbox 365 2712 398 2752; x_wconf 85' lang='lat' dir='ltr'>ro.</span> <span class='ocrx_word' id='word_1_260' title='bbox 464 2695 485 2764; x_wconf 80' lang='grc'>8)</span> <span class='ocrx_word' id='word_1_261' title='bbox 501 2699 539 2762; x_wconf 79' lang='lat' dir='ltr'>Os.</span> <span class='ocrx_word' id='word_1_262' title='bbox 554 2700 628 2762; x_wconf 80' lang='lat' dir='ltr'>infra</span> <span class='ocrx_word' id='word_1_263' title='bbox 647 2711 672 2759; x_wconf 79' lang='lat' dir='ltr'>a,</span> <span class='ocrx_word' id='word_1_264' title='bbox 687 2712 719 2752; x_wconf 80' lang='lat' dir='ltr'>ao.</span> <span class='ocrx_word' id='word_1_265' title='bbox 740 2702 762 2763; x_wconf 74' lang='lat'>§-</span> <span class='ocrx_word' id='word_1_266' title='bbox 778 2711 798 2751; x_wconf 83' lang='lat' dir='ltr'>a.</span> <span class='ocrx_word' id='word_1_267' title='bbox 822 2701 999 2754; x_wconf 77' lang='lat' dir='ltr'>Laureae.</span> <span class='ocrx_word' id='word_1_268' title='bbox 1025 2703 1051 2754; x_wconf 78' lang='lat' dir='ltr'>O.</span> <span class='ocrx_word' id='word_1_269' title='bbox 1071 2704 1102 2753; x_wconf 80' lang='lat' dir='ltr'>ate</span> <span class='ocrx_word' id='word_1_270' title='bbox 1120 2710 1215 2768; x_wconf 79' lang='lat' dir='ltr'>quaest.</span> 
     </span>
     <span class='ocr_line' id='line_1_31' title="bbox 267 2769 1215 2838; baseline 0.001 -16"><span class='ocrx_word' id='word_1_271' title='bbox 267 2771 298 2835; x_wconf 87' lang='grc'><strong>(8,</strong></span> <span class='ocrx_word' id='word_1_272' title='bbox 317 2769 362 2836; x_wconf 78' lang='grc'><strong>41).</strong></span> <span class='ocrx_word' id='word_1_273' title='bbox 387 2770 419 2819; x_wconf 88' lang='lat' dir='ltr'>L.</span> <span class='ocrx_word' id='word_1_274' title='bbox 438 2781 451 2821; x_wconf 82' lang='lat'>9</span> <span class='ocrx_word' id='word_1_275' title='bbox 461 2785 505 2833; x_wconf 84' lang='lat' dir='ltr'>pr.</span> <span class='ocrx_word' id='word_1_276' title='bbox 529 2769 560 2818; x_wconf 88' lang='lat' dir='ltr'>D.</span> <span class='ocrx_word' id='word_1_277' title='bbox 580 2771 635 2821; x_wconf 85' lang='lat' dir='ltr'>eod.</span> <span class='ocrx_word' id='word_1_278' title='bbox 654 2769 704 2836; x_wconf 81' lang='grc'><strong>(18,</strong></span> <span class='ocrx_word' id='word_1_279' title='bbox 723 2771 767 2836; x_wconf 91' lang='grc'><strong>18).</strong></span> <span class='ocrx_word' id='word_1_280' title='bbox 791 2771 822 2822; x_wconf 90' lang='lat' dir='ltr'>L.</span> <span class='ocrx_word' id='word_1_281' title='bbox 838 2784 857 2822; x_wconf 94' lang='lat'>1.</span> <span class='ocrx_word' id='word_1_282' title='bbox 876 2773 899 2834; x_wconf 68' lang='grc' dir='ltr'><strong>ξ.</strong></span> <span class='ocrx_word' id='word_1_283' title='bbox 915 2784 935 2822; x_wconf 93' lang='grc'><strong>1.</strong></span> <span class='ocrx_word' id='word_1_284' title='bbox 961 2772 986 2822; x_wconf 82' lang='lat'>0.</span> <span class='ocrx_word' id='word_1_285' title='bbox 1001 2771 1033 2822; x_wconf 87' lang='lat' dir='ltr'>de</span> <span class='ocrx_word' id='word_1_286' title='bbox 1047 2774 1156 2823; x_wconf 77' lang='lat' dir='ltr'>iuretur.</span> <span class='ocrx_word' id='word_1_287' title='bbox 1171 2789 1215 2838; x_wconf 84' lang='lat' dir='ltr'>pr.</span> 
     </span>
     <span class='ocr_line' id='line_1_32' title="bbox 267 2837 1171 2906; baseline 0.003 -15"><span class='ocrx_word' id='word_1_288' title='bbox 267 2843 376 2891; x_wconf 81' lang='lat' dir='ltr'>column.</span> <span class='ocrx_word' id='word_1_289' title='bbox 392 2837 423 2905; x_wconf 68' lang='lat'>(22</span> <span class='ocrx_word' id='word_1_290' title='bbox 437 2840 482 2905; x_wconf 82' lang='grc'><strong>88).</strong></span> <span class='ocrx_word' id='word_1_291' title='bbox 534 2837 555 2906; x_wconf 81' lang='lat'>⁴)</span> <span class='ocrx_word' id='word_1_292' title='bbox 569 2841 613 2890; x_wconf 73' lang='lat' dir='ltr'>atu</span> <span class='ocrx_word' id='word_1_293' title='bbox 630 2841 716 2892; x_wconf 81' lang='lat' dir='ltr'>Ouiae.</span> <span class='ocrx_word' id='word_1_294' title='bbox 732 2845 764 2904; x_wconf 72' lang='lat' dir='ltr'>ai.</span> <span class='ocrx_word' id='word_1_295' title='bbox 780 2843 819 2892; x_wconf 87' lang='lat' dir='ltr'>ed.</span> <span class='ocrx_word' id='word_1_296' title='bbox 833 2841 918 2891; x_wconf 77' lang='lat' dir='ltr'>Haeo.</span> <span class='ocrx_word' id='word_1_297' title='bbox 933 2843 992 2892; x_wconf 84' lang='lat' dir='ltr'>alius</span> <span class='ocrx_word' id='word_1_298' title='bbox 1008 2843 1070 2893; x_wconf 77' lang='lat' dir='ltr'>cad.</span> <span class='ocrx_word' id='word_1_299' title='bbox 1085 2845 1124 2894; x_wconf 87' lang='lat' dir='ltr'>ed.</span> <span class='ocrx_word' id='word_1_300' title='bbox 1139 2845 1171 2894; x_wconf 84' lang='lat' dir='ltr'>A.</span> 
     </span>
     <span class='ocr_line' id='line_1_33' title="bbox 341 2909 1217 2979; baseline 0.005 -19"><span class='ocrx_word' id='word_1_301' title='bbox 341 2910 388 2960; x_wconf 75' lang='lat' dir='ltr'>itt.</span> <span class='ocrx_word' id='word_1_302' title='bbox 407 2910 484 2960; x_wconf 80' lang='lat' dir='ltr'>XVI.</span> <span class='ocrx_word' id='word_1_303' title='bbox 528 2909 549 2977; x_wconf 77' lang='lat'>⁶)</span> <span class='ocrx_word' id='word_1_304' title='bbox 572 2912 874 2975; x_wconf 73' lang='lat' dir='ltr'>Gfinot.1.aattt.1a.</span> <span class='ocrx_word' id='word_1_305' title='bbox 948 2909 969 2979; x_wconf 83' lang='lat'>⁶)</span> <span class='ocrx_word' id='word_1_306' title='bbox 985 2913 1023 2977; x_wconf 75' lang='lat' dir='ltr'>Of.</span> <span class='ocrx_word' id='word_1_307' title='bbox 1038 2914 1070 2964; x_wconf 91' lang='lat' dir='ltr'>L.</span> <span class='ocrx_word' id='word_1_308' title='bbox 1086 2925 1119 2967; x_wconf 82' lang='lat' dir='ltr'>aa.</span> <span class='ocrx_word' id='word_1_309' title='bbox 1144 2915 1169 2964; x_wconf 78' lang='lat' dir='ltr'>O.</span> <span class='ocrx_word' id='word_1_310' title='bbox 1184 2916 1217 2964; x_wconf 84' lang='lat' dir='ltr'>de</span> 
     </span>
     <span class='ocr_line' id='line_1_34' title="bbox 267 2979 1215 3050; baseline 0.003 -19"><span class='ocrx_word' id='word_1_311' title='bbox 267 2988 363 3046; x_wconf 83' lang='lat' dir='ltr'>quaest.</span> <span class='ocrx_word' id='word_1_312' title='bbox 379 2980 410 3047; x_wconf 84' lang='lat'>(9,</span> <span class='ocrx_word' id='word_1_313' title='bbox 424 2980 469 3047; x_wconf 81' lang='lat'>41).</span> <span class='ocrx_word' id='word_1_314' title='bbox 489 2981 520 3031; x_wconf 86' lang='lat' dir='ltr'>L.</span> <span class='ocrx_word' id='word_1_315' title='bbox 535 2995 556 3034; x_wconf 91' lang='grc'><strong>8.</strong></span> <span class='ocrx_word' id='word_1_316' title='bbox 578 2983 603 3032; x_wconf 84' lang='lat'>0.</span> <span class='ocrx_word' id='word_1_317' title='bbox 618 2984 650 3033; x_wconf 83' lang='lat' dir='ltr'>de</span> <span class='ocrx_word' id='word_1_318' title='bbox 664 2981 745 3032; x_wconf 82' lang='lat' dir='ltr'>testib.</span> <span class='ocrx_word' id='word_1_319' title='bbox 761 2982 791 3049; x_wconf 79' lang='grc'><strong>(4,</strong></span> <span class='ocrx_word' id='word_1_320' title='bbox 806 2981 850 3048; x_wconf 78' lang='lat' dir='ltr'>to).</span> <span class='ocrx_word' id='word_1_321' title='bbox 930 2979 1088 3050; x_wconf 80' lang='lat' dir='ltr'>⁷)Breuiato</span> <span class='ocrx_word' id='word_1_322' title='bbox 1102 2992 1175 3035; x_wconf 77' lang='lat' dir='ltr'>eolat</span> <span class='ocrx_word' id='word_1_323' title='bbox 1188 2987 1215 3034; x_wconf 84' lang='lat' dir='ltr'>in</span> 
     </span>
     <span class='ocr_line' id='line_1_35' title="bbox 266 3052 1216 3120; baseline 0.003 -19"><span class='ocrx_word' id='word_1_324' title='bbox 266 3052 297 3102; x_wconf 91' lang='lat' dir='ltr'>L.</span> <span class='ocrx_word' id='word_1_325' title='bbox 313 3063 346 3106; x_wconf 83' lang='lat' dir='ltr'>ro.</span> <span class='ocrx_word' id='word_1_326' title='bbox 361 3054 384 3114; x_wconf 63' lang='grc' dir='ltr'><strong>ὅ.</strong></span> <span class='ocrx_word' id='word_1_327' title='bbox 398 3065 418 3104; x_wconf 81' lang='lat' dir='ltr'>a.</span> <span class='ocrx_word' id='word_1_328' title='bbox 438 3052 470 3101; x_wconf 87' lang='lat' dir='ltr'>D.</span> <span class='ocrx_word' id='word_1_329' title='bbox 486 3053 518 3102; x_wconf 88' lang='lat' dir='ltr'>de</span> <span class='ocrx_word' id='word_1_330' title='bbox 532 3061 628 3120; x_wconf 80' lang='lat' dir='ltr'>quaest.</span> <span class='ocrx_word' id='word_1_331' title='bbox 643 3052 687 3118; x_wconf 72' lang='lat' dir='ltr'>(as,</span> <span class='ocrx_word' id='word_1_332' title='bbox 703 3052 746 3116; x_wconf 82' lang='grc'><strong>18).</strong></span> <span class='ocrx_word' id='word_1_333' title='bbox 768 3053 805 3116; x_wconf 75' lang='lat' dir='ltr'>Cf.</span> <span class='ocrx_word' id='word_1_334' title='bbox 820 3063 841 3112; x_wconf 82' lang='lat' dir='ltr'>a,</span> <span class='ocrx_word' id='word_1_335' title='bbox 857 3063 889 3105; x_wconf 84' lang='grc'><strong>18.</strong></span> <span class='ocrx_word' id='word_1_336' title='bbox 905 3055 927 3116; x_wconf 69' lang='lat'>5.</span> <span class='ocrx_word' id='word_1_337' title='bbox 942 3066 962 3106; x_wconf 85' lang='lat' dir='ltr'>o.</span> <span class='ocrx_word' id='word_1_338' title='bbox 978 3054 1010 3104; x_wconf 88' lang='lat' dir='ltr'>L.</span> <span class='ocrx_word' id='word_1_339' title='bbox 1025 3067 1045 3107; x_wconf 88' lang='grc'><strong>1.</strong></span> <span class='ocrx_word' id='word_1_340' title='bbox 1060 3057 1083 3117; x_wconf 69' lang='lat'>5.</span> <span class='ocrx_word' id='word_1_341' title='bbox 1098 3067 1118 3107; x_wconf 87' lang='lat' dir='ltr'>s.</span> <span class='ocrx_word' id='word_1_342' title='bbox 1138 3056 1169 3104; x_wconf 83' lang='grc' dir='ltr'>Ι).</span> <span class='ocrx_word' id='word_1_343' title='bbox 1184 3057 1216 3105; x_wconf 84' lang='lat' dir='ltr'>de</span> 
     </span>
     <span class='ocr_line' id='line_1_36' title="bbox 265 3121 1214 3192; baseline 0.004 -20"><span class='ocrx_word' id='word_1_344' title='bbox 265 3125 359 3172; x_wconf 84' lang='lat' dir='ltr'>tutelae</span> <span class='ocrx_word' id='word_1_345' title='bbox 373 3130 398 3172; x_wconf 87' lang='lat' dir='ltr'>et</span> <span class='ocrx_word' id='word_1_346' title='bbox 410 3131 461 3174; x_wconf 80' lang='lat' dir='ltr'>rat.</span> <span class='ocrx_word' id='word_1_347' title='bbox 477 3121 521 3189; x_wconf 79' lang='grc'><strong>(27,</strong></span> <span class='ocrx_word' id='word_1_348' title='bbox 535 3122 568 3188; x_wconf 89' lang='grc'><strong>8).</strong></span> <span class='ocrx_word' id='word_1_349' title='bbox 583 3124 613 3174; x_wconf 89' lang='lat' dir='ltr'>L.</span> <span class='ocrx_word' id='word_1_350' title='bbox 630 3135 663 3174; x_wconf 84' lang='lat' dir='ltr'>tt.</span> <span class='ocrx_word' id='word_1_351' title='bbox 683 3124 715 3172; x_wconf 89' lang='lat' dir='ltr'>D.</span> <span class='ocrx_word' id='word_1_352' title='bbox 730 3124 762 3173; x_wconf 86' lang='lat' dir='ltr'>de</span> <span class='ocrx_word' id='word_1_353' title='bbox 775 3123 841 3173; x_wconf 87' lang='lat' dir='ltr'>adm.</span> <span class='ocrx_word' id='word_1_354' title='bbox 856 3131 881 3174; x_wconf 86' lang='lat' dir='ltr'>et</span> <span class='ocrx_word' id='word_1_355' title='bbox 891 3127 974 3188; x_wconf 82' lang='lat' dir='ltr'>perio.</span> <span class='ocrx_word' id='word_1_356' title='bbox 989 3124 1034 3192; x_wconf 84' lang='grc'><strong>(28,</strong></span> <span class='ocrx_word' id='word_1_357' title='bbox 1044 3123 1077 3191; x_wconf 84' lang='lat' dir='ltr'>t).</span> <span class='ocrx_word' id='word_1_358' title='bbox 1091 3126 1123 3178; x_wconf 88' lang='lat' dir='ltr'>L.</span> <span class='ocrx_word' id='word_1_359' title='bbox 1135 3137 1167 3177; x_wconf 85' lang='grc'>12.</span> <span class='ocrx_word' id='word_1_360' title='bbox 1182 3126 1214 3176; x_wconf 86' lang='lat' dir='ltr'>D.</span> 
     </span>
     <span class='ocr_line' id='line_1_37' title="bbox 266 3191 1214 3262; baseline 0.002 -19"><span class='ocrx_word' id='word_1_361' title='bbox 266 3195 298 3243; x_wconf 84' lang='lat' dir='ltr'>de</span> <span class='ocrx_word' id='word_1_362' title='bbox 311 3209 380 3258; x_wconf 80' lang='lat' dir='ltr'>susp.</span> <span class='ocrx_word' id='word_1_363' title='bbox 395 3202 440 3244; x_wconf 86' lang='lat' dir='ltr'>tat.</span> <span class='ocrx_word' id='word_1_364' title='bbox 456 3192 501 3260; x_wconf 81' lang='lat' dir='ltr'>(aa,</span> <span class='ocrx_word' id='word_1_365' title='bbox 516 3193 561 3260; x_wconf 84' lang='lat' dir='ltr'>ro).</span> <span class='ocrx_word' id='word_1_366' title='bbox 626 3191 648 3260; x_wconf 84' lang='lat'>⁸)</span> <span class='ocrx_word' id='word_1_367' title='bbox 664 3194 702 3257; x_wconf 81' lang='lat' dir='ltr'>Cf.</span> <span class='ocrx_word' id='word_1_368' title='bbox 717 3194 749 3244; x_wconf 92' lang='lat' dir='ltr'>L.</span> <span class='ocrx_word' id='word_1_369' title='bbox 764 3206 797 3245; x_wconf 82' lang='lat' dir='ltr'>re.</span> <span class='ocrx_word' id='word_1_370' title='bbox 817 3194 849 3246; x_wconf 85' lang='lat' dir='ltr'>D.</span> <span class='ocrx_word' id='word_1_371' title='bbox 864 3194 1127 3262; x_wconf 81' lang='lat' dir='ltr'>dequaest.(as,1o).</span> <span class='ocrx_word' id='word_1_372' title='bbox 1147 3195 1179 3246; x_wconf 91' lang='lat' dir='ltr'>L.</span> <span class='ocrx_word' id='word_1_373' title='bbox 1194 3209 1214 3248; x_wconf 83' lang='lat' dir='ltr'>s.</span> 
     </span>
     <span class='ocr_line' id='line_1_38' title="bbox 265 3263 1213 3334; baseline 0 -19"><span class='ocrx_word' id='word_1_374' title='bbox 265 3265 297 3314; x_wconf 87' lang='lat' dir='ltr'>D.</span> <span class='ocrx_word' id='word_1_375' title='bbox 312 3266 343 3315; x_wconf 84' lang='lat' dir='ltr'>dc</span> <span class='ocrx_word' id='word_1_376' title='bbox 354 3280 473 3328; x_wconf 82' lang='lat' dir='ltr'>praescr.</span> <span class='ocrx_word' id='word_1_377' title='bbox 488 3265 556 3314; x_wconf 86' lang='lat' dir='ltr'>oerb.</span> <span class='ocrx_word' id='word_1_378' title='bbox 571 3263 616 3330; x_wconf 83' lang='grc'><strong>(18,</strong></span> <span class='ocrx_word' id='word_1_379' title='bbox 630 3265 662 3329; x_wconf 80' lang='lat' dir='ltr'>o).</span> <span class='ocrx_word' id='word_1_380' title='bbox 677 3264 708 3313; x_wconf 86' lang='lat' dir='ltr'>L.</span> <span class='ocrx_word' id='word_1_381' title='bbox 720 3275 753 3316; x_wconf 79' lang='lat'>15.</span> <span class='ocrx_word' id='word_1_382' title='bbox 772 3267 810 3327; x_wconf 59' lang='grc' dir='ltr'>ᾖ).</span> <span class='ocrx_word' id='word_1_383' title='bbox 825 3276 907 3317; x_wconf 78' lang='grc'><strong>8841.</strong></span> <span class='ocrx_word' id='word_1_384' title='bbox 927 3266 959 3316; x_wconf 91' lang='lat' dir='ltr'>D.</span> <span class='ocrx_word' id='word_1_385' title='bbox 974 3267 1006 3316; x_wconf 88' lang='lat' dir='ltr'>de</span> <span class='ocrx_word' id='word_1_386' title='bbox 1020 3268 1100 3317; x_wconf 77' lang='lat' dir='ltr'>intur.</span> <span class='ocrx_word' id='word_1_387' title='bbox 1115 3266 1160 3334; x_wconf 81' lang='lat' dir='ltr'>(tt,</span> <span class='ocrx_word' id='word_1_388' title='bbox 1171 3265 1213 3332; x_wconf 86' lang='lat' dir='ltr'>to).</span> 
     </span>
     <span class='ocr_line' id='line_1_39' title="bbox 264 3331 1213 3403; baseline 0.001 -19"><span class='ocrx_word' id='word_1_389' title='bbox 264 3335 314 3385; x_wconf 86' lang='lat' dir='ltr'>Ed.</span> <span class='ocrx_word' id='word_1_390' title='bbox 333 3335 455 3386; x_wconf 81' lang='lat' dir='ltr'>Tbeodcr.</span> <span class='ocrx_word' id='word_1_391' title='bbox 471 3347 517 3386; x_wconf 82' lang='lat'>100.</span> <span class='ocrx_word' id='word_1_392' title='bbox 564 3331 585 3400; x_wconf 72' lang='grc'>9)</span> <span class='ocrx_word' id='word_1_393' title='bbox 596 3334 644 3384; x_wconf 82' lang='lat' dir='ltr'>Est</span> <span class='ocrx_word' id='word_1_394' title='bbox 658 3337 733 3384; x_wconf 88' lang='lat' dir='ltr'>etiam</span> <span class='ocrx_word' id='word_1_395' title='bbox 747 3335 779 3385; x_wconf 87' lang='lat' dir='ltr'>L.</span> <span class='ocrx_word' id='word_1_396' title='bbox 794 3347 827 3387; x_wconf 85' lang='grc'><strong>18.</strong></span> <span class='ocrx_word' id='word_1_397' title='bbox 842 3337 865 3398; x_wconf 67' lang='lat'>5.</span> <span class='ocrx_word' id='word_1_398' title='bbox 879 3347 899 3388; x_wconf 83' lang='grc'><strong>8.</strong></span> <span class='ocrx_word' id='word_1_399' title='bbox 919 3336 952 3386; x_wconf 84' lang='grc' dir='ltr'>Ι).</span> <span class='ocrx_word' id='word_1_400' title='bbox 967 3338 998 3386; x_wconf 89' lang='lat' dir='ltr'>de</span> <span class='ocrx_word' id='word_1_401' title='bbox 1008 3345 1104 3401; x_wconf 88' lang='lat' dir='ltr'>quaest.</span> <span class='ocrx_word' id='word_1_402' title='bbox 1116 3336 1160 3403; x_wconf 78' lang='grc'><strong>(18,</strong></span> <span class='ocrx_word' id='word_1_403' title='bbox 1170 3336 1213 3403; x_wconf 85' lang='grc'><strong>18).</strong></span> 
     </span>
     <span class='ocr_line' id='line_1_40' title="bbox 266 3403 1213 3474; baseline 0.001 -18"><span class='ocrx_word' id='word_1_404' title='bbox 266 3405 905 3469; x_wconf 51' lang='grc'>0281888212).[1281128821.</span> <span class='ocrx_word' id='word_1_405' title='bbox 960 3403 1046 3474; x_wconf 81' lang='lat' dir='ltr'>¹⁰)0f.</span> <span class='ocrx_word' id='word_1_406' title='bbox 1061 3408 1213 3470; x_wconf 76' lang='lat' dir='ltr'>L.1.§.1o.</span> 
     </span>
     <span class='ocr_line' id='line_1_41' title="bbox 264 3475 1214 3544; baseline 0.004 -20"><span class='ocrx_word' id='word_1_407' title='bbox 264 3477 295 3524; x_wconf 90' lang='lat' dir='ltr'>L.</span> <span class='ocrx_word' id='word_1_408' title='bbox 311 3489 323 3528; x_wconf 90' lang='grc'><strong>8</strong></span> <span class='ocrx_word' id='word_1_409' title='bbox 334 3492 378 3539; x_wconf 83' lang='lat' dir='ltr'>pr.</span> <span class='ocrx_word' id='word_1_410' title='bbox 393 3476 426 3526; x_wconf 87' lang='lat' dir='ltr'>D.</span> <span class='ocrx_word' id='word_1_411' title='bbox 441 3476 496 3526; x_wconf 87' lang='lat' dir='ltr'>eod.</span> <span class='ocrx_word' id='word_1_412' title='bbox 511 3476 542 3525; x_wconf 84' lang='lat' dir='ltr'>L.</span> <span class='ocrx_word' id='word_1_413' title='bbox 558 3488 578 3528; x_wconf 85' lang='lat'>1.</span> <span class='ocrx_word' id='word_1_414' title='bbox 593 3488 614 3528; x_wconf 87' lang='grc'><strong>8.</strong></span> <span class='ocrx_word' id='word_1_415' title='bbox 635 3476 660 3526; x_wconf 84' lang='grc'><strong>0.</strong></span> <span class='ocrx_word' id='word_1_416' title='bbox 676 3478 731 3526; x_wconf 86' lang='lat' dir='ltr'>eod.</span> <span class='ocrx_word' id='word_1_417' title='bbox 747 3475 777 3542; x_wconf 84' lang='lat'>(9,</span> <span class='ocrx_word' id='word_1_418' title='bbox 787 3475 832 3541; x_wconf 77' lang='lat'>41).</span> <span class='ocrx_word' id='word_1_419' title='bbox 854 3475 905 3527; x_wconf 81' lang='lat' dir='ltr'>Gla.</span> <span class='ocrx_word' id='word_1_420' title='bbox 917 3492 969 3542; x_wconf 83' lang='lat' dir='ltr'>pro</span> <span class='ocrx_word' id='word_1_421' title='bbox 980 3478 1036 3528; x_wconf 79' lang='lat' dir='ltr'>Mil.</span> <span class='ocrx_word' id='word_1_422' title='bbox 1047 3488 1081 3530; x_wconf 90' lang='grc'>22.</span> <span class='ocrx_word' id='word_1_423' title='bbox 1093 3493 1144 3544; x_wconf 83' lang='lat' dir='ltr'>pro</span> <span class='ocrx_word' id='word_1_424' title='bbox 1154 3491 1214 3543; x_wconf 80' lang='lat' dir='ltr'>repe</span> 
     </span>
     <span class='ocr_line' id='line_1_42' title="bbox 263 3546 829 3609; baseline 0.004 -16"><span class='ocrx_word' id='word_1_425' title='bbox 263 3547 346 3596; x_wconf 83' lang='lat' dir='ltr'>Deiot.</span> <span class='ocrx_word' id='word_1_426' title='bbox 362 3559 381 3596; x_wconf 93' lang='lat'>1.</span> <span class='ocrx_word' id='word_1_427' title='bbox 397 3554 462 3596; x_wconf 83' lang='lat' dir='ltr'>orat.</span> <span class='ocrx_word' id='word_1_428' title='bbox 474 3554 544 3609; x_wconf 83' lang='lat' dir='ltr'>part.</span> <span class='ocrx_word' id='word_1_429' title='bbox 560 3557 593 3599; x_wconf 81' lang='grc'><strong>88.</strong></span> <span class='ocrx_word' id='word_1_430' title='bbox 617 3546 697 3598; x_wconf 82' lang='lat' dir='ltr'>Tacit.</span> <span class='ocrx_word' id='word_1_431' title='bbox 713 3547 745 3596; x_wconf 87' lang='lat' dir='ltr'>A.</span> <span class='ocrx_word' id='word_1_432' title='bbox 760 3559 781 3607; x_wconf 94' lang='grc'><strong>2,</strong></span> <span class='ocrx_word' id='word_1_433' title='bbox 795 3559 829 3598; x_wconf 83' lang='grc'>82.</span> 
     </span>
    </p>
   </div>
   <div class='ocr_carea' id='block_1_8' title="bbox 0 0 1350 4114">
    <p class='ocr_par' dir='ltr' id='par_1_8' title="bbox 0 0 1350 4114">
     <span class='ocr_line' id='line_1_43' title="bbox 0 0 1350 4114; baseline 0 3"><span class='ocrx_word' id='word_1_434' title='bbox 0 0 1350 4114; x_wconf 95' lang='lat' dir='ltr'> </span> 
     </span>
    </p>
   </div>
  </div>
 </body>
</html>
