2680 4112
437 239 473 278 nrt
490 243 602 280 nnomvs
620 245 699 282 mann
712 247 753 282 111.
1035 241 1073 300 79

172 369 251 426 xvii.
267 368 303 427 A.
319 367 383 424 Mihi
398 385 466 424 uero
481 370 548 426 nibil
563 387 689 444 umquam
706 372 838 445 populare
849 373 952 446 placuit
963 390 1076 449 eamque

111 457 240 529 optimam
252 469 310 512 rem
322 451 459 526 publicam
469 469 530 510 esse
542 453 612 526 dien,
629 471 707 527 quam
722 456 766 512 bin
777 456 873 514 consul
884 459 1074 530 constituerat,

110 555 176 613 quae
193 539 231 594 sit
245 539 274 593 in
288 543 428 610 potestate
445 538 620 610 optimorum.

170 619 220 680 38.
243 621 286 681 Μ.
310 620 364 676 Vos
379 619 503 693 quidem,
525 629 556 676 ut
571 621 668 694 uideo,
684 621 773 696 legem
787 625 946 697 antiquastls
961 627 1020 682 sine
1035 634 1074 682 ta·

109 705 188 766 bella.
215 703 269 762 sed
284 720 353 778 ego,
374 705 426 760 etsi
440 705 506 762 satis
521 704 587 762 dixit
601 722 652 778 pro
668 721 699 762 se
712 706 741 762 in
755 706 807 764 illis
822 707 898 770 libris
913 708 1017 781 Scipio,
1035 717 1075 766 ta·

108 806 171 846 men
186 781 301 846 ἰιιιῐιιιι1
317 786 468 846 libertatem
484 789 563 844 istam
579 789 683 862 largior
699 789 813 863 populo,
831 799 860 848 ut
871 794 1031 850 auctoritate
1046 801 1074 848 et

109 873 219 932 ualeant
233 882 264 930 et
277 879 389 928 utantur
404 870 484 939 boni;
504 873 544 928 sio
558 873 629 928 enim
641 889 657 928 a
671 887 714 928 me
728 875 839 930 recitata
853 873 896 930 lex
910 884 953 932 est
967 875 1001 932 da
1015 876 1072 932 sul-

109 957 219 1030 lragiis:
243 953 480 1030 optimatibus
502 963 601 1026 nota,
623 954 719 1029 plebi
735 956 973 1016 liberasunto.
1004 975 1073 1032 quae

109 1041 150 1097 lex
172 1042 243 1096 hane
264 1039 428 1096 sententiam
449 1040 585 1109 eontinet,
613 1047 645 1096 ut
666 1055 761 1098 omnes
783 1041 859 1114 leges
881 1041 978 1114 tollat,
1005 1059 1073 1115 quae

109 1132 205 1198 postea
217 1124 286 1180 latae
302 1130 377 1193 sunt,
390 1138 460 1195 quae
475 1131 575 1196 tegunt
586 1125 776 1180 omuiratione
787 1123 957 1198 suffragium,
968 1128 1074 1198 nequis

109 1209 238 1282 inspiciat
259 1205 398 1276 tabellam,
421 1222 456 1262 ne
477 1215 569 1280 roget,
592 1223 627 1262 ne
647 1207 783 1281 appellet3
804 1217 904 1281 pontes
927 1209 1009 1266 etiarn
1031 1209 1074 1266 lea

109 1291 191 1348 llaria
212 1291 278 1346 lecit
298 1298 440 1364 angustos.
471 1286 520 1348 39.
542 1305 611 1364 quae
632 1291 656 1346 si
679 1291 806 1364 opposita
826 1300 891 1350 sunt
913 1291 1074 1363 ambitiosis,

108 1383 141 1432 ut
156 1380 224 1430 sunt
239 1373 311 1443 lere,
333 1389 388 1430 nou
407 1373 594 1448 reprehend03
615 1367 672 1429 sln²
686 1375 821 1432 noluerint
837 1383 926 1432 tamen
941 1376 1028 1450 leges,
1044 1383 1074 1432 ut

108 1475 147 1516 ne
163 1459 202 1514 sit
223 1455 348 1524 ambitus,
368 1455 465 1514 babeat
483 1474 547 1514 sane
566 1457 684 1531 populus
706 1457 830 1516 tabellam
846 1462 922 1533 quasi
936 1459 1072 1516 uindicem

107 1541 260 1611 libertatis,
274 1538 335 1596 dum
350 1541 432 1598 modo
455 1541 521 1598 baec
541 1543 645 1614 optimo
665 1544 763 1616 cuique
784 1551 812 1599 et
833 1545 995 1618 grauissimo
1019 1545 1072 1600 elul

108 1624 272 1682 ostendatur
286 1623 413 1698 ultroque
425 1624 564 1695 offeratur,
581 1634 613 1680 ut
628 1625 656 1681 in
674 1642 707 1682 eo
722 1628 758 1682 sit
773 1629 834 1700 ipso
846 1627 968 1697 libertas,
980 1628 1008 1682 in
1017 1643 1072 1701 quo

107 1707 213 1784 populo
228 1715 351 1781 potestas
366 1709 483 1764 honeste
496 1707 574 1764 bonis
589 1707 757 1782 gratificandi
772 1710 860 1768 datuu-
896 1727 984 1784 eoque
1000 1727 1073 1767 nuno

107 1791 139 1850 fit
153 1791 234 1863 illud,
249 1791 323 1865 quod
338 1807 353 1848 a
368 1799 396 1848 te
410 1792 502 1864 modo,
519 1791 626 1864 Quinte,
642 1792 744 1849 dietum
759 1801 812 1866 est,
829 1803 859 1849 ut
870 1796 959 1850 minus
971 1794 1072 1851 multos

107 1876 206 1934 tabella
222 1875 395 1946 condemnet,
418 1892 497 1948 quam
512 1875 618 1933 solebat
633 1893 695 1940 uox,
712 1879 774 1948 quia
788 1877 892 1951 populo
908 1877 991 1933 licere
1005 1878 1072 1934 satis

108 1969 166 2018 est:
186 1960 241 2016 boe
261 1966 369 2016 retento
390 1959 493 2032 reliqua
514 1960 642 2017 uoluntas
662 1961 818 2018 auctoritati
840 1968 886 2016 aut
901 1961 1003 2033 gratiae
1017 1967 1072 2016 tra·

108 2045 193 2103 ditur.
223 2044 324 2116 itaque,
345 2051 377 2099 ut
399 2044 521 2102 omittam
542 2043 686 2117 largitione
708 2052 836 2117 corrupta
858 2043 995 2117 sutlragia,
1018 2060 1073 2100 uon

108 2128 198 2200 uides,
220 2129 245 2182 si
267 2126 375 2199 quando
398 2126 512 2184 ambitus
536 2127 629 2199 sileat,
652 2128 745 2200 quaeri
766 2129 794 2184 in
816 2126 964 2200 suffragiis,
986 2119 1073 2201 quod³

108 2213 203 2286 optimi
223 2211 278 2266 uiri
298 2211 435 2268 sentiant?
457 2227 537 2284 quam
557 2211 593 2268 ob
607 2227 665 2267 rem
679 2211 741 2284 lege
756 2219 850 2268 nostra
864 2209 997 2267 libertatis
1013 2225 1073 2284 spe·

108 2298 164 2352 cies
186 2294 275 2366 datur,
300 2295 446 2352 auctoritas
469 2293 603 2352 bonorum
624 2296 768 2367 retinetur,
791 2296 974 2352 contentionis
993 2309 1073 2352 eausa

109 2378 229 2436 tollitur.

174 2461 261 2522 xviii.
285 2456 336 2519 40.
358 2461 459 2519 Deinde
480 2464 620 2535 sequitur,
643 2461 743 2536 quibus
764 2463 807 2518 ius
829 2463 866 2518 sit
887 2478 948 2520 eum
970 2460 1072 2536 populo

108 2544 212 2618 agentli
226 2553 269 2601 aut
284 2561 345 2602 eum
360 2552 466 2602 senatu.
499 2541 575 2620 (tum)
595 2547 687 2620 grauis
699 2553 737 2619 et,
752 2554 782 2602 ut
793 2545 920 2616 arbitror,
935 2545 1072 2618 praeclara

107 2630 170 2686 lex:
191 2624 290 2703 (quoe
310 2626 549 2702 compopulo)
572 2646 728 2702 quaeque
743 2631 776 2686 in
790 2628 948 2702 patribus
964 2645 1072 2702 agen·

108 2722 178 2784 tur,
200 2712 336 2770 modica
351 2720 471 2784 sunto,
498 2713 526 2769 id
546 2720 589 2770 est
607 2713 729 2770 modesta
750 2705 848 2786 atque*
867 2712 975 2781 sedata3
997 2720 1074 2770 antor

107 2799 179 2854 enim
194 2795 353 2852 moderatur
368 2804 397 2852 et
412 2794 491 2870 fingit
505 2813 560 2854 non
574 2797 656 2853 modo
672 2804 789 2854 mentem
800 2812 832 2854 ao
843 2796 1008 2868 uoluntates,
1024 2795 1071 2853 sed

105 2897 194 2955 paene
218 2879 311 2936 uultus
332 2896 443 2950 eornm,
464 2880 536 2953 apud
557 2897 626 2954 quos
648 2883 714 2954 agit.
753 2875 850 2955 (abque
865 2875 920 2938 est⁵
935 2881 962 2936 in
977 2889 1073 2938 senatu

105 2981 162 3022 non
183 2961 311 3033 difficile3
332 2973 375 3021 est
395 2965 467 3020 enim
487 2957 539 3020 ibi6
553 2971 663 3022 senator
676 2966 711 3036 is,
731 2965 808 3021 ouius
823 2981 879 3022 nou
893 2963 926 3019 ad
941 2956 1072 3020 actorem⁷

105 3048 245 3106 toleratur
260 3049 375 3120 animus,
390 3046 439 3104 sed
454 3049 500 3122 qui
516 3065 565 3122 per
579 3064 609 3104 se
623 3049 682 3122 ipse
697 3049 814 3121 spectari
825 3047 900 3104 uelit.
926 3047 989 3104 huie
998 3048 1073 3104 iussa

25 3259 26 3264 ,
181 3210 203 3277 ¹)
223 3213 294 3262 istem
308 3211 363 3260 AB
375 3213 408 3262 ed
426 3210 457 3261 V.
476 3211 520 3262 bio
532 3213 614 3263 deleto
633 3215 716 3263 altero
731 3213 809 3263 istam.
840 3208 861 3277 ¹)
878 3209 953 3262 ‘non’
969 3212 1073 3262 addidit

104 3285 145 3335 ed.
166 3283 199 3334 V.
239 3279 260 3347 8)
279 3284 319 3346 qui
332 3281 359 3332 B
370 3282 411 3346 qui
429 3285 609 3347 superscripta
623 3283 639 3332 tl
653 3282 678 3332 A
693 3283 749 3346 quid
763 3283 803 3332 ed.
823 3281 854 3332 V.
892 3279 915 3347 ⁴)
930 3282 959 3332 ad
973 3283 1074 3332 addunt

105 3353 163 3403 AB
189 3351 214 3419 ⁶)
228 3353 314 3418 quodsi
328 3351 431 3402 ABed.
448 3352 488 3411 V,
503 3357 547 3418 qni
557 3360 620 3417 post
633 3353 657 3402 in
672 3354 797 3417 quaedam
811 3354 904 3404 omissa
914 3367 969 3402 esse
979 3357 1072 3401 censet.

24 3441 26 3466 :
106 3421 330 3490 ⁶)ipseseBipse
345 3423 442 3473 Aedd.
481 3421 503 3488 1)
517 3424 563 3473 Em
584 3423 697 3473 lbrnebi
711 3427 743 3488 φ’.
759 3424 788 3472 ab
804 3429 899 3473 auctore
919 3421 1016 3470 ABad
1030 3435 1073 3469 eu-

105 3503 198 3546 etonem
212 3495 251 3545 ed
272 3494 302 3544 V.
314 3500 402 3558 potest
420 3494 496 3544 etiam
512 3495 597 3559 fuisse
616 3494 645 3544 ab
665 3501 745 3544 actore
764 3500 790 3544 et
809 3493 903 3544 deinde
916 3497 1011 3552 regatur
1020 3505 1072 3553 pro

105 3566 230 3616 relerator.
