2680 4118
245 199 304 262 722
475 213 571 248 sanan.
591 214 643 249 1va.
663 213 723 248 nou.
743 212 829 248 vanae.
850 199 961 248 18-27.

243 346 325 418 empti
341 344 375 399 lis
390 345 554 399 aestimatur.
593 342 690 416 quodsi
706 341 737 397 ab
754 343 829 399 initio
850 341 995 413 conuenit,
1018 351 1048 397 ut
1071 341 1199 398 uenditor

244 429 359 502 pretium
382 428 549 497 restitueret,
572 443 669 482 usurae
692 442 800 499 quoque
816 434 878 498 post
893 427 1054 482 euictioncm
1077 429 1275 499 praesta-[626]

243 511 353 581 buntur,
378 511 500 584 quamuis
522 518 628 583 emptor
649 518 713 582 post
735 509 844 564 dominii
860 507 935 564 litem
959 508 1123 565 ’inchoatam
1139 509 1199 565 inu·

243 589 318 652 ctus¹
340 594 493 650 aduersario
515 594 650 649 restituat.
687 608 746 648 nam
768 592 967 649 incommodum
990 592 1069 648 medii
1093 601 1198 666 tempo·

105 725 110 735 .
155 740 157 745 ,
243 681 279 735 ris
295 679 420 734 damnum
436 678 565 750 emptoris
581 685 632 733 est.
650 670 653 754 l

513 754 623 823 [Dicant
636 758 750 821 popinae
768 752 923 823 duodecim]

138 819 241 890 [³]⁶¹·h·
304 829 349 889 18.
374 826 569 888 ²Volerionns
584 838 610 886 et
626 831 774 886 Gallienus
787 832 867 904 Aupp
870 871 963 886 .....
975 831 1056 886 Licet
1070 832 1199 888 creditor

161 911 231 998 5222·
245 932 294 974 res
313 917 369 974 sibi
388 917 513 987 fiduciae
534 917 619 970 datas
639 917 716 970 mala
735 916 791 984 fide
807 916 981 984 vendiderit,
1004 917 1029 970 si
1043 921 1138 970 tamen
1154 929 1198 970 se·

137 999 363 1085 mest-cundum
379 1000 463 1054 insin
480 997 605 1054 iacienda
622 1000 782 1054 uenditione
797 1005 933 1056 uersatus
948 1005 1000 1068 est,
1022 1015 1078 1055 nan
1094 999 1198 1056 debeat

246 1091 381 1156 emptores
394 1083 547 1155 inquietari,
563 1081 610 1136 sed
622 1083 726 1138 actione
741 1080 860 1138 fiduciae
875 1084 1018 1138 aduersas
1027 1083 1199 1138 creditorem

245 1169 384 1242 apendum
400 1174 441 1222 est
458 1208 464 1222 .
480 1208 486 1222 .
505 1207 510 1220 .
527 1207 533 1220 .
551 1165 689 1222 Valeriano
705 1165 746 1220 ΙΙΙ.
764 1174 792 1220 et
808 1167 936 1222 Gallieno
952 1165 994 1222 II.
1010 1157 1119 1226 aaass.³

138 1250 238 1330 appa.
306 1247 350 1306 19.
375 1244 523 1306 ⁴Gallienus
545 1250 606 1322 Aug
609 1289 715 1305 .....
741 1249 874 1322 Pipnaris
895 1250 1112 1321 hypothecaene
1134 1253 1199 1306 iare

244 1350 292 1391 res
319 1335 513 1390 hereditariae
539 1332 703 1405 pupillorum
731 1349 744 1387 a
774 1332 957 1389 creditoribus
981 1337 1116 1404 paternis
1142 1335 1198 1389 dis·

244 1423 358 1476 tractae
378 1421 441 1472 inre
462 1418 596 1472 uindicari
615 1416 691 1472 nulla
706 1425 829 1489 possunt.
874 1415 900 1470 Si
916 1417 1000 1489 igitur
1015 1416 1085 1472 absit
1106 1418 1199 1486 dolas,

243 1502 379 1574 praesidi,
396 1519 414 1556 a
429 1518 484 1572 qao
496 1503 601 1571 pnpilli
613 1502 670 1556 nisi
685 1516 776 1556 eausa
789 1501 895 1572 capnita
907 1507 1001 1556 contra
1016 1499 1197 1555 uenditionem

245 1585 411 1642 acceditore
424 1584 536 1655 factam
559 1588 587 1640 ln
610 1587 747 1656 inteprum
771 1587 883 1640 restitui
898 1600 955 1640 nan
975 1590 1107 1655 possunt,
1130 1600 1197 1640 con-

243 1671 309 1742 fide,
326 1669 372 1740 qui
387 1668 530 1740 inquietari
546 1665 614 1722 te'in
628 1671 802 1738 possessione
817 1670 862 1722 rei
872 1674 984 1739 emptae
998 1683 1055 1724 non
1069 1669 1198 1737 patietur

247 1793 253 1807 .
270 1795 277 1809 .
295 1794 301 1807 .
318 1794 324 1807 .
342 1751 496 1808 Saeculari
510 1750 539 1810 ll.
556 1758 583 1804 et
598 1749 700 1806 Donato
716 1745 819 1806 conssi’

140 1829 234 1908 mfffssffi
309 1831 351 1892 20
354 1876 457 1891 .....
475 1835 533 1907 ’per
547 1833 641 1890 lulium
654 1833 806 1890 lleucfilum
821 1836 1001 1907 spectabilem
1017 1827 1125 1891 airum6
1140 1876 1146 1889 .
1163 1872 1169 1887 .
1188 1872 1195 1887 .

246 1920 372 1976 auxilium
388 1936 442 1976 non
457 1926 548 1992 potest
563 1917 695 1990 denegari
710 1956 841 1974 ......
855 1919 999 1990 pecuniam
1018 1916 1195 1974 creditoribus

247 2023 259 2060 s
277 2045 403 2060 ......
420 2001 517 2058 habere
537 2017 591 2056 non
612 2001 701 2074 potuit
721 2003 747 2056 in
767 2018 832 2075 poss
848 2042 977 2058 ......
994 2009 1021 2058 et
1045 2017 1197 2074 usurarum,

247 2089 308 2162 quia
322 2089 349 2144 in
364 2103 488 2144 commun
506 2127 512 2140 .
530 2127 535 2138 .
553 2126 559 2139 .
576 2126 582 2140 .
598 2126 605 2140 .
624 2125 630 2140 .
646 2085 699 2140 kal.
715 2084 798 2141 lnliis.
828 2085 966 2142 viminacii
981 2125 1112 2141 ......

140 2171 241 2250 fflfflfi·
310 2167 356 2228 21.
381 2170 515 2226 Gallienus
531 2169 591 2241 Aug
593 2210 696 2224 .....
713 2161 857 2225 ⁷Nondnm
880 2171 1009 2225 damnati
1026 2170 1062 2225 ab
1085 2185 1127 2240 eo,
1151 2172 1201 2224 cni

247 2258 293 2312 ins
308 2263 359 2326 est,
377 2271 424 2311 res
440 2273 457 2310 a
470 2259 666 2325 procuratore
680 2252 839 2309 alienandae
854 2269 909 2307 nun
924 2261 997 2310 sunt.
1039 2252 1134 2330 Aditus
1150 2254 1199 2307 ita·
1257 2257 1261 2265 '

247 2356 302 2412 qne
319 2354 444 2410 praeses
468 2339 639 2408 prouinciae
661 2339 687 2392 si
706 2337 760 2393 loc
782 2341 810 2392 in
834 2345 860 2392 te
880 2337 994 2408 saetam
1022 2340 1198 2409 capnonerit,

247 2421 436 2479 intercedente
458 2414 552 2476 'eias⁸
574 2421 710 2493 iussione,
739 2421 785 2492 qui
807 2435 855 2475 res
880 2428 946 2476 tuns
968 2421 1117 2490 distraxit,
1148 2433 1200 2476 eos

249 2507 298 2562 tibi
311 2508 425 2561 restitut
439 2505 560 2560 caralit.
589 2503 638 2557 PP.
657 2503 731 2559 Vllll.
748 2503 799 2558 kal.
816 2502 884 2564 Nou.
899 2503 1029 2560 Patauii.
1049 2545 1055 2558 .
1074 2545 1080 2558 .
1098 2546 1105 2559 .

151 2593 230 2629 ΒΜ-
311 2584 359 2645 22.
383 2581 578 2642 ⁹Diocletianus
595 2595 621 2641 et
636 2585 816 2643 Maximianus
831 2588 890 2644 ΑΑ,
902 2587 1004 2644 Plotio.
1038 2587 1071 2644 Si
1083 2589 1199 2643 deserta

152 2638 237 2716 ”ffli-
248 2675 381 2744 praedia,
405 2672 437 2728 ab
454 2671 627 2726 cessationem
643 2670 818 2726 collationum
838 2673 885 2727 nel
899 2673 1012 2744 reliqna
1030 2672 1199 2728 tributorum
1210 2679 1272 2728 [62²1

321 2843 341 2911 1)
357 2846 415 2911 Dip.
431 2847 566 2895 inchoatum
581 2847 681 2896 inustum
697 2846 753 2895 Vat.
770 2847 907 2896 inchoatam
921 2848 1022 2897 iructum
1036 2848 1094 2897 edd.
1104 2847 1199 2898 Hollw.

248 2925 272 2968 et
282 2916 395 2966 Momms.
448 2913 468 2980 ῃ)
484 2917 527 2966 Ad
535 2931 634 2966 sensnm
644 2924 668 2965 et
677 2919 819 2980 spatiorum
829 2933 971 2967 mensnram
981 2919 1090 2967 restitui.
1118 2917 1155 2980 Cf.
1166 2917 1198 2966 L.

248 2998 317 3039 1-5.
338 2987 364 3036 0.
379 2987 402 3034 si
417 2988 488 3036 vend.
505 2989 579 3051 pipp.
594 3003 635 3052 ap.
652 2985 687 3052 (s,
702 2985 745 3052 ss).
766 3015 799 3024 -
819 2989 971 3038 facinorosos
990 2987 1053 3054 (pro
1075 2985 1200 3052 iacienda)

248 3059 287 3110 ed.
300 3057 413 3107 Momma.
466 3054 485 3122 3)
500 3073 523 3106 ιι.
535 3067 581 3108 255.
628 3054 649 3122 4)
664 3056 789 3106 Similiter
798 3060 902 3107 restitui
911 3058 999 3123 (aliter
1009 3058 1198 3122 Moinmsenas).

251 3129 288 3191 Cf.
304 3128 361 3176 LL.
377 3129 419 3177 cit.
435 3127 465 3176 L.
482 3141 501 3179 1.
517 3139 537 3178 a.
559 3127 583 3177 0.
599 3129 623 3177 si
636 3128 692 3177 adu.
709 3129 781 3177 vend.
793 3130 866 3194 pipp.
881 3127 913 3193 (a,
923 3129 967 3190 29).
983 3129 1013 3177 L.
1024 3141 1050 3180 ss
1060 3143 1103 3192 pr.
1123 3128 1155 3175 D.
1167 3127 1200 3175 de

249 3200 341 3249 minor.
361 3198 395 3265 (4,
414 3196 446 3263 4).
512 3195 532 3262 ⁶)
547 3215 571 3248 a.
586 3209 631 3250 eso.
697 3195 718 3263 6)
737 3197 782 3248 Sia
801 3201 903 3264 eprepie
924 3199 1036 3248 Momms.
1059 3197 1200 3261 periulmino

250 3271 331 3319 'lilium
348 3285 390 3333 spe
410 3269 467 3319 Vat.
521 3267 599 3334 7)Αά
611 3283 710 3318 sensnm
725 3271 833 3318 restitui.
860 3267 1201 3332 sansadoniam.

246 3343 303 3404 fisa.
320 3341 349 3406 (a,
365 3339 409 3405 26).
483 3337 504 3405 8)
520 3339 564 3388 Ex
580 3339 643 3390 Mai.
659 3342 691 3402 ej.
711 3354 723 3387 e
743 3338 805 3406 (pro
825 3341 856 3404 θ’)
876 3341 980 3388 iussione
1004 3339 1062 3389 Vat.
1081 3339 1139 3387 edd,

251 3409 273 3476 9)
290 3411 393 3460 Partem
404 3412 519 3473 priorem
534 3425 588 3459 esse
603 3409 634 3458 L.
645 3420 665 3458 2.
683 3409 708 3461 C.
718 3411 742 3458 si
751 3418 839 3474 propt.
853 3409 922 3474 publ.
947 3402 983 3482 (4,
993 3409 1037 3473 46),
1052 3407 1203 3473 quibusdam

251 3484 365 3538 resectis,
382 3481 474 3531 Hollw.
489 3481 560 3530 vidit.
587 3479 704 3538 Restitnt,
720 3482 761 3539 tis,
777 3496 841 3544 quae
855 3488 954 3531 resecta
964 3487 1032 3548 snat,
1042 3492 1203 3529 eaomsnnm

253 3565 372 3599 mensura
386 3553 533 3600 aestimatis.
