2692 4114
479 956 713 1047 errares)
740 953 956 1028 Pavaavs

284 1087 545 1155 'nes‘rlrvroswu²
560 1111 646 1152 mam
661 1087 953 1153 ’saovun13r1rvno
969 1111 1011 1152 na
1026 1111 1163 1155 normvs

617 1217 658 1270 ita
678 1216 822 1272 disseruit.

309 1361 356 1423 ⁴Si
378 1367 524 1424 diuortium
547 1376 589 1424 est
604 1369 765 1424 matrimonii
781 1375 809 1424 et
830 1368 882 1425 hae
897 1369 955 1425 sine
976 1368 1055 1442 culpa
1079 1369 1200 1426 mulieris
1209 1391 1273 1442 [ess]

244 1450 424 1522 factumest,
452 1451 501 1506 dos
529 1452 634 1524 integra
656 1460 803 1526 repetetur.
848 1451 948 1518 Quodsi
977 1452 1055 1526 eulpa
1079 1453 1201 1510 mulieris

245 1535 345 1591 iactum
368 1543 409 1591 est
431 1535 586 1606 diuortium,
610 1537 637 1591 in
659 1536 782 1610 singulos
805 1534 905 1592 liberos
921 1544 995 1592 sexta
1010 1553 1073 1610 pars
1088 1537 1160 1594 dalis
1183 1555 1199 1594 a

245 1621 342 1674 marito
358 1620 491 1675 retinetur
505 1636 592 1692 usque
608 1619 641 1675 ad
656 1620 770 1675 mediam
785 1619 914 1677 duntaxat
929 1627 1033 1693 partem
1049 1620 1131 1680 dotis.

318 1784 338 1853 1)
357 1787 431 1838 Haec
449 1789 570 1853 leguntur
588 1789 616 1837 in
634 1787 737 1838 Boethii
757 1787 888 1840 Commeat.
908 1790 935 1836 iu
956 1787 1007 1838 Oia.
1031 1788 1091 1852 Tap.
1106 1787 1144 1837 II.
1163 1790 1201 1838 ad

245 1874 267 1908 c.
281 1871 303 1916 4,
318 1870 351 1910 19.
373 1859 432 1908 Cum
446 1860 539 1908 notitia
553 1860 684 1908 litteraria
698 1865 722 1907 et
731 1858 893 1908 variantibus
902 1858 1054 1909 lectionibus
1063 1860 1200 1908 nouissime

245 1931 327 1979 edidit
339 1929 479 1994 Boeeleiny.
495 1931 522 1978 iu
536 1930 575 1978 ed.
596 1928 650 1992 Uip.
667 1928 769 1993 braym.
784 1939 843 1980 1855.
859 1945 887 1992 p.
902 1941 959 1988 ιω,
973 1944 1045 1993 quem
1058 1931 1197 1994 sequimur.

247 1996 267 2066 ¹)
287 2000 373 2049 Etiam
392 2002 418 2049 in
440 2000 496 2049 lad.
518 1999 587 2050 Flar.
608 2007 646 2050 est
666 1996 837 2058 ‘Institutan',
858 2001 905 2048 sed
922 1999 1084 2050 Iustiniaaus
1105 1999 1199 2064 ubique

240 2078 361 2135 praestat
381 2073 456 2121 etiam
477 2073 504 2120 in
525 2071 573 2121 boe
594 2070 660 2120 libra
681 2068 724 2135 (L.
744 2082 778 2121 41.
805 2069 837 2119 D.
857 2071 889 2118 de
909 2086 965 2134 aeq.
987 2087 1008 2119 υ.
1030 2072 1109 2120 amitt.
1125 2085 1198 2134 pass.

247 2139 293 2210 [41‚
306 2140 339 2206 2].
354 2142 386 2191 Ιι,
400 2154 421 2193 4.
441 2140 473 2190 D.
489 2143 520 2190 de
533 2157 599 2191 seru.
610 2156 653 2204 pr.
669 2141 724 2190 urb.
746 2137 783 2207 [s,
797 2137 831 2208 2].
849 2140 881 2188 L.
897 2152 917 2191 s.
937 2140 969 2189 D.
988 2141 1020 2189 de
1039 2141 1087 2190 abl.
1106 2147 1131 2189 et
1146 2148 1198 2190 aet.

247 2211 292 2280 [44‚
307 2209 347 2279 a])
369 2209 580 2272 ‘Institutiones‘,
600 2213 644 2276 qui
662 2227 737 2260 uerus
756 2211 846 2261 titulus
859 2218 904 2260 est.
935 2211 973 2273 Cf.
984 2212 1073 2274 praes.
1088 2212 1124 2260 ad
1140 2210 1197 2260 Gai.

241 2299 270 2347 p.
285 2294 332 2334 158.
394 2280 491 2348 ⁰)Alia
505 2283 665 2345 exemplaria
679 2281 771 2331 babent
790 2281 836 2330 XI.
851 2283 891 2330 uel
909 2280 939 2330 V.
968 2280 1021 2330 Sed
1033 2289 1087 2330 tres
1100 2288 1198 2330 tautum

246 2353 326 2403 libros
337 2352 425 2402 Paulli
437 2353 641 2402 [restitutionibus
654 2352 745 2401 tribuit
753 2351 839 2401 Indeoe
850 2352 929 2414 Flar„
944 2367 979 2401 ex
993 2352 1091 2402 duobus
1101 2359 1198 2401 tantum

242 2423 403 2472 lastinianus
416 2428 541 2484 excerpta
555 2421 634 2479 dedit,
648 2422 750 2469 tertium
763 2421 839 2469 etiam
854 2420 955 2485 Fruqm.
964 2417 1058 2468 Sinait.
1064 2434 1129 2484 paq.
1142 2415 1199 2465 XV

242 2495 363 2557 alleyaat.
427 2487 449 2556 ⁴)
466 2490 504 2554 Os.
524 2491 578 2554 alp.
593 2502 619 2552 6,
634 2502 716 2542 10.11.
742 2490 786 2540 Fr.
806 2490 864 2540 Vut.
879 2502 1001 2543 105-10'1.

319 2560 427 2608 Paullus
441 2562 472 2621 is,
487 2575 558 2623 quem
574 2559 674 2608 (iliaris.
685 2570 771 2622 p-193.
786 2570 825 2610 214
840 2558 945 2608 Pulseb.
961 2559 1059 2618 laudat,
1069 2573 1122 2622 pro
1136 2557 1199 2608 loto

248 2631 371 2681 immerito
385 2629 499 2680 babetur.
805 2648 808 2654 ·
