2684 4112
237 222 302 286 408
521 237 580 273 osu
596 237 691 272 rusum.
709 217 757 274 IV.
776 223 918 274 les-tat.

305 377 372 438 188.
394 379 425 436 in
445 395 548 436 summa
564 378 702 435 sciendum
718 386 771 450 est,
792 394 867 449 eum,
884 378 930 452 qui
948 378 1017 435 ’oum
1033 379 1124 453 aliquo
1140 398 1207 439 cou-

240 467 339 522 sistere
355 457 447 535 uelit,¹
463 455 506 543 (in
514 467 567 520 ius
582 455 706 539 uocare)
723 463 859 536 operitere
875 470 902 518 et
918 479 995 536 eum,
1016 465 1062 537 qui
1078 463 1143 521 'non
1158 484 1206 524 ue·

239 551 326 619 nerit,
351 565 466 622 poenam
491 564 524 604 er
550 547 648 615 eidieto
676 549 811 619 praetoris
836 543 1030 610 committere.²
1074 551 1204 622 quasdam

240 641 330 690 tamen
350 648 481 706 personas
503 633 563 687 sine
581 634 585 698 Ι
602 632 736 704 permissu
757 633 889 704 praetoris
909 632 937 686 in
957 632 1000 687 ius
1024 649 1121 690 uooare
1148 652 1204 693 non
1329 647 1331 704 t

239 717 318 788 lieet,
354 717 430 773 uelut
461 723 588 790 parentes
618 703 758 788 paitr'onos
784 723 916 788 patronas
942 717 1023 788 item,
1049 717 1149 774 liberos
1176 729 1204 777 et
1220 727 1282 782 [ser]
1329 719 1331 764 t

239 809 365 876 parentes
385 801 492 874 patroni
514 807 693 874 patronaeue,
717 807 745 855 et
767 797 804 855 'in
826 795 926 869 eem,³
949 803 994 874 qui
1017 801 1149 859 aduersus
1172 821 1203 861 ea

239 889 336 962 egerit,
352 901 439 959 poena
454 877 656 941 constituitur.⁴
694 879 760 940 184.
775 879 869 939 'Gum⁶
884 894 974 941 autem
988 887 1017 942 in
1032 887 1074 942 ius
1090 896 1204 945 uooatus

239 970 323 1028 iuerit
344 970 531 1038 aduersarius,
557 966 655 1041 'neque
676 961 725 1024 eo⁸
748 967 791 1023 die
813 966 885 1024 finiri
907 972 1029 1042 potuerit
1050 975 1203 1045 negotium,

240 1055 422 1111 uadimonium
438 1055 462 1110 ei
482 1052 634 1110 iaciendum
650 1060 706 1123 est,
729 1051 755 1106 id
772 1060 830 1122 est,
855 1060 884 1108 ut
901 1056 1057 1127 promittat,
1080 1071 1110 1112 se
1125 1066 1203 1114 certo

239 1140 281 1196 die
301 1141 370 1196 sisti.
407 1135 471 1196 too.
496 1137 577 1193 liiunt
596 1142 688 1193 autom
709 1135 860 1192 uadimonia
881 1137 1040 1210 quibusdam
1062 1155 1094 1195 ex
1114 1143 1204 1198 causis

238 1240 315 1298 pura,
337 1223 365 1278 id
381 1223 497 1278 estsine
512 1221 697 1292 satisdatione,
720 1219 880 1293 quibusdam
902 1237 963 1278 eum
985 1223 1178 1297 satisdatione,
1198 1222 1203 1300 Ι

169 1315 228 1366 251.
240 1307 400 1381 quibusdam
416 1305 601 1377 iureiurando,
615 1300 774 1379 quibusdam
788 1307 1026 1378 recuperatoribus
1041 1310 1204 1382 suppositis,

240 1392 268 1447 id
283 1399 335 1460 est,
358 1399 388 1446 ut
411 1392 456 1464 qui
476 1407 531 1446 non
547 1389 668 1458 steterit,
693 1390 715 1444 is
736 1389 862 1462 protinus
884 1407 898 1445 a
919 1392 1156 1464 recuperatoribus
1175 1396 1202 1450 in

240 1490 370 1531 summam
396 1474 543 1530 uadimonii
570 1472 781 1530 condemnetur:
811 1489 897 1547 eaque
924 1476 1031 1550 singula
1058 1475 1204 1552 diiigenter

239 1559 373 1634 praetoris
389 1557 477 1615 edieto
493 1555 691 1632 significantur.
735 1554 804 1615 186.
827 1557 860 1614 Et
881 1559 1016 1632 siquidem
1032 1561 1142 1618 iudicati
1157 1562 1204 1619 de·

240 1644 353 1718 pensiue
376 1651 489 1718 agetur,
510 1643 575 1698 tanti
596 1635 654 1698 ’fiii
675 1642 872 1714 uadimonium,
896 1645 988 1715 quanti
1012 1661 1043 1700 ea
1065 1661 1108 1700 res
1132 1648 1200 1715 erit;

240 1729 264 1784 si
279 1743 346 1784 uero
362 1744 394 1784 ex
410 1729 507 1784 ueteris
523 1729 622 1799 causis,
638 1729 732 1800 quanti
747 1735 822 1783 aeter
837 1729 969 1784 iurauerit
982 1745 1036 1784 non
1052 1729 1204 1788 oaltrmuiae

241 1829 320 1870 eausa
335 1812 474 1886 postulare
490 1811 540 1868 sibi
556 1811 740 1868 uadimonium
754 1811 891 1884 promitti:
915 1828 964 1868 neo
986 1820 1075 1868 tamen
1093 1810 1204 1885 (piaris

240 1915 327 1973 quom
339 1901 435 1970 portis
450 1899 594 1966 dimidiae,
609 1889 677 1972 neo)
692 1895 815 1970 pluribus
831 1912 911 1969 quam
926 1898 1083 1953 sestertium
1099 1912 1117 1954 o
1134 1898 1204 1954 mili·

216 2054 218 2056 .
239 1983 291 2038 bus
312 1979 343 2036 fit
365 1981 562 2038 uadimonium:
587 1983 678 2054 itaque
699 1982 722 2036 si
742 1989 851 2037 eentum
872 1980 974 2044 milium
995 1998 1039 2038 res
1064 1983 1130 2052 erit,
1153 1999 1204 2040 neo

242 2068 352 2124 iudicati
367 2065 516 2142 depensiue
531 2074 640 2142 agetur,
655 2081 710 2121 non
725 2064 787 2140 pius
803 2082 883 2138 quam
898 2067 1054 2121 sestertium
1072 2069 1205 2140 quiuqua-

242 2154 317 2227 ginta
333 2151 436 2208 milium
453 2149 483 2206 iit
498 2151 691 2206 uadimonium.
728 2145 792 2206 187.
810 2149 880 2216 Quas
893 2158 983 2206 autem
999 2167 1129 2224 personas
1145 2151 1204 2208 sine

239 2238 374 2310 permissu
395 2237 528 2310 praetoris
547 2237 649 2308 inpune
668 2236 696 2289 in
715 2236 757 2290 ius
773 2251 873 2292 uocare
888 2250 944 2290 non
960 2251 1122 2308 possumus,
1144 2253 1202 2292 eas·

241 2322 301 2378 dem
313 2337 367 2376 nec
379 2320 534 2374 uadimonio
549 2320 647 2375 inuitas
660 2317 782 2393 obligare
793 2311 902 2375 ’nobis⁸
914 2335 1071 2392 possumus,
1083 2330 1204 2395 praeter·

243 2421 323 2478 quam
339 2405 362 2458 si
376 2410 487 2476 praetor
502 2402 589 2458 aditus
606 2404 752 2475 permittat.
870 2408 871 2412 ’

314 2535 331 2600 ¹)
350 2537 422 2587 Haeo
433 2551 484 2600 pro
499 2537 541 2593 iis,
556 2551 621 2600 quoe
635 2543 712 2585 anteo
726 2539 896 2596 oonieoerom,
913 2537 978 2586 dont
991 2537 1081 2602 Suppl.
1097 2538 1133 2589 St.
1148 2541 1164 2588 l.
1180 2555 1203 2588 o.

241 2606 263 2676 ²)
277 2609 341 2658 Item
355 2609 418 2658 daeo
429 2622 481 2672 pro
496 2614 573 2656 antea
587 2607 660 2656 lectis
678 2610 718 2657 uei
731 2609 846 2672 seriptis.
912 2604 934 2674 8)
950 2607 994 2657 Eo·
1011 2609 1102 2660 odeat.
1118 2611 1158 2659 ed.
1179 2611 1203 2658 in

242 2696 294 2731 eam
311 2679 335 2731 C.
406 2675 427 2743 ⁴)
445 2676 561 2742 Quinque
575 2679 678 2728 litterae
692 2679 746 2728 ituit
758 2681 899 2742 suppletae.
929 2678 1047 2730 Firmani
1060 2679 1149 2744 Suppl.
1164 2679 1202 2729 St.

243 2749 264 2817 ⁶)
279 2751 388 2800 Eomeo
398 2752 431 2812 ᾳ).
439 2750 544 2812 firmato
560 2749 587 2797 V
587 2742 631 2814 'iq'
645 2748 670 2800 0.
722 2747 744 2816 ο)
758 2753 827 2814 nodo
844 2748 871 2798 V
872 2745 899 2798 at·
957 2747 979 2815 ²)
995 2752 1035 2800 irat
1047 2751 1073 2801 C.
1089 2752 1128 2799 iret
1142 2751 1201 2803 edd.

242 2824 318 2872 etiam
328 2837 383 2870 mea
388 2823 467 2885 prior
472 2837 482 2877 ;
489 2821 605 2884 sortasse
615 2821 640 2869 iit
650 2821 668 2869 it
677 2819 741 2887 (pro
751 2821 795 2885 id).
847 2818 868 2886 ⁸)
878 2822 896 2867 n
907 2821 932 2870 C.
944 2844 978 2862 =
989 2837 1035 2870 non
1042 2837 1094 2886 pro
1102 2818 1202 2888 u(obis).

313 2942 338 3015 ξ.
356 2948 414 2997 188.
432 2946 470 3009 Cf.
485 2945 517 2994 L.
533 2961 569 2993 rur
584 2943 650 2994 taho.
665 2946 722 2994 init.
737 2942 1087 3009 (Seto'tt.p.11n)supra§.
1103 2957 1129 2996 to
1143 2944 1204 3010 ibiq.

242 3019 286 3068 eii.
306 3018 381 3066 Adde
396 3017 427 3067 L.
442 3028 463 3068 o.
486 3015 519 3064 L.
535 3029 568 3068 1ο.
585 3018 643 3076 §.m
663 3015 694 3064 L.
710 3025 743 3065 ta.
763 3014 795 3063 D.
810 3014 842 3064 de
860 3017 888 3063 in
907 3017 949 3065 ius
967 3031 1021 3066 voc.
1037 3017 1068 3080 (2,
1082 3013 1115 3081 1).
1136 3016 1167 3064 L.
1183 3025 1203 3066 t.

241 3101 263 3141 e.
280 3088 305 3139 0.
316 3089 372 3138 eod.
383 3087 416 3154 (r,
426 3088 458 3154 a).
513 3084 538 3156 ξ.
550 3088 609 3138 184.
622 3086 660 3150 Of.
671 3097 692 3148 o,
702 3096 750 3137 rer.
766 3085 857 3135 Keller
866 3085 972 3150 Civitpr.
983 3089 1007 3148 §-
1017 3099 1051 3138 m.
1107 3083 1133 3155 ᾖ.
1146 3087 1204 3138 185.

244 3159 282 3224 Cf.
299 3159 379 3209 uuor.
403 3160 435 3208 Ι).
451 3161 496 3224 qui
508 3159 599 3208 sotisd.
614 3163 742 3221 coquntur
756 3158 796 3206 uei
809 3157 897 3206 iurato
908 3159 1070 3222 promittunt,
1090 3159 1130 3207 uei
1143 3172 1206 3207 suae

237 3233 409 3296 promissioni
427 3231 617 3281 committuntur
630 3227 666 3291 (a,
681 3226 713 3290 a).
737 3227 768 3275 L.
785 3226 866 3279 Rubr.
882 3243 904 3278 o.
919 3239 944 3278 21
957 3229 1002 3286 lin.
1023 3228 1124 3278 Oornet.
1141 3227 1205 3292 Nep.

242 3303 322 3353 Attio.
337 3315 358 3354 9.
427 3299 452 3368 ξ.
468 3302 527 3351 186.
550 3299 588 3362 Of.
604 3298 636 3346 L.
650 3311 671 3349 t.
687 3300 710 3360 ἓ.
726 3309 746 3349 5.
767 3298 799 3346 Ι).
817 3300 842 3347 ai
860 3301 918 3363 quis
937 3306 1005 3348 caut.
1021 3299 1055 3360 (it,
1071 3297 1116 3364 11).
1137 3299 1169 3348 L.
1183 3311 1205 3370 tt.

241 3376 265 3436 §-
279 3387 301 3426 1.
321 3375 353 3424 Ι).
368 3375 400 3424 de
414 3387 453 3430 eo,
464 3387 492 3436 p.
507 3385 579 3434 quem
590 3370 613 3433 f.
628 3367 659 3434 (a,
675 3369 719 3433 10).
739 3370 770 3419 L.
782 3379 871 3432 115pr.
888 3370 918 3418 D.
930 3371 962 3420 de
972 3370 1040 3420 verb.
1052 3369 1100 3420 obt.
1116 3367 1205 3436 (15,1).

244 3445 281 3508 Of.
297 3445 356 3494 Lib.
371 3459 451 3494 meum
471 3437 577 3490 ‘Gaius’
595 3456 623 3504 p.
638 3452 686 3492 1³5.
758 3436 784 3508 ξ
806 3443 865 3492 187.
887 3441 925 3504 Cf.
945 3442 968 3504 ξ.
988 3452 1036 3492 181.
1061 3441 1205 3492 L.1...a.

243 3517 275 3565 Ι).
290 3518 317 3564 in
333 3518 375 3564 ius
389 3514 475 3565 vocati
488 3509 519 3576 (a,
533 3511 565 3578 o).
585 3511 617 3562 L.
632 3523 652 3562 e.
673 3513 696 3574 ξ.
711 3524 730 3562 a.
752 3511 783 3560 D.
799 3514 844 3576 qui
857 3513 948 3562 satisd
964 3527 1019 3578 cop.
1035 3510 1072 3578 (t,
1086 3511 1117 3577 o).
