2678 4116
415 245 476 282 om
495 246 599 282 7616717.
616 228 650 284 11.
670 235 811 284 tea-196.
1032 231 1097 296 265

191 381 257 448 198.
282 387 333 442 Per
347 387 554 444 uindicationem
574 389 628 446 hoe
648 389 729 444 modo
751 389 885 462 legamus:
908 405 996 447 71716
1020 391 1096 447 uerbi

129 474 217 548 gratie
228 487 376 528 nomnen
387 477 525 530 sricnvn
536 487 580 529 no
590 488 689 547 enom
703 473 750 530 sed
762 465 818 554 (et)
829 475 851 528 si
863 471 986 530 'alterum
1001 469 1095 532 modo¹

128 556 245 614 uerbum
266 557 449 630 peritomen,
471 557 780 629 6616150671111160,
802 575 887 631 aeque
907 575 956 632 per
976 559 1094 615 uindica-

128 643 232 699 tionem
248 641 371 716 legatum
387 649 443 696 est:
460 643 534 713 item,
549 650 582 697 nt
597 644 681 716 magis
699 646 865 714 visumst,
888 651 914 699 et
930 644 1005 699 etita
1020 643 1094 718 iega-

129 737 188 784 tum
204 717 474 804 17161171’(711176)2
490 741 605 784 6711176
622 727 665 782 uel
681 729 731 784 ita:
749 742 961 796 6161146610,
984 729 1095 784 uetita:

130 825 263 882 oemro,
286 824 373 884 aeque
394 823 444 883 per
465 811 674 867 uindicationem
701 811 821 885 legatum
844 819 895 870 est.
938 808 1004 869 194.
1032 811 1096 868 ideo

130 904 225 953 autem
242 909 292 968 per
302 893 512 950 uindicationem
528 895 645 969 legatum
661 895 822 969 appellatur,
839 898 904 969 qnia
920 903 983 970 post
997 896 1095 953 aditam

129 979 309 1036 hereditatem
324 980 416 1034 statim
429 995 461 1034 61
472 980 530 1034 iure
543 980 685 1046 Quiritium
698 997 742 1035 res
757 980 883 1054 legatarii
896 979 941 1047 iit;
958 989 984 1036 et
999 983 1096 1036 si'eam

130 1080 187 1120 rem
203 1063 354 1138 legatarius
370 1063 414 1119 uel
430 1062 462 1118 ab
478 1063 577 1120 herede
594 1064 638 1120 nei
653 1063 685 1119 ab
702 1065 753 1120 alio
770 1081 953 1138 quocumque,
977 1067 1023 1138 qni
1039 1079 1096 1119 eam

130 1147 267 1223 possidet,
290 1155 383 1222 petat,
405 1147 544 1204 uindicare
559 1147 656 1220 debet,
671 1148 697 1203 id
714 1155 756 1203 est
771 1148 928 1214 intendere,
950 1164 1024 1203 snam
1040 1165 1096 1203 rem

5 1285 18 1327 ,
131 1249 164 1289 ex
179 1235 239 1288 iure
254 1231 399 1300 Quiritium
415 1249 485 1288 esse.
515 1227 577 1288 leo.
594 1232 623 1288 Ιιι
639 1249 671 1288 66
687 1231 747 1288 solo
763 1232 927 1288 dissentiunt
938 1233 1095 1306 prudentes,

6 1334 10 1377 ι
62 1329 120 1380 [188]
132 1317 207 1391 quod
224 1315 339 1372 Sabinus
355 1315 463 1389 quidem
479 1324 506 1372 et
521 1315 628 1372 Cassius
643 1318 780 1390 ceterique
797 1318 884 1372 nostri
906 1326 1096 1392 praeceptores

131 1401 208 1475 qnod
227 1403 265 1456 ita
286 1401 404 1475 legatum
425 1402 477 1472 sit,
499 1401 590 1459 statim
611 1410 674 1475 post
689 1401 784 1457 aditam
806 1401 982 1458 hereditatem
1001 1410 1098 1476 putant

131 1485 194 1541 fieri
209 1484 339 1558 legatarii,
357 1483 464 1542 etiamsi
478 1486 597 1558 ignoret,
613 1485 664 1541 sibi
679 1485 798 1562 legatum
814 1481 901 1557 esse‚³
915 1479 973 1543 eet⁴
988 1494 1096 1561 postea-

131 1585 215 1644 quam
237 1570 327 1625 seierit
346 1578 374 1626 et
395 1565 570 1644 ’epre(ue)rit
592 1564 738 1644 legatum‚⁵
761 1571 872 1644 perinde
888 1589 949 1628 esse
971 1579 1052 1646 atque
1074 1572 1097 1626 si

130 1655 254 1728 legatum
278 1669 333 1709 non
355 1663 442 1726 esset3
464 1653 551 1710 Nerua
570 1644 636 1710 nero
660 1661 687 1710 et
709 1655 840 1712 Proculus
862 1658 1001 1730 ceterique
1022 1657 1097 1712 illins

131 1738 243 1795 scholae
259 1747 384 1794 auctores
399 1755 454 1794 non
470 1739 551 1794 aliter
565 1746 662 1813 putant
677 1756 732 1795 rem
748 1739 874 1813 legatarii
888 1739 957 1808 fieri,
978 1741 1096 1812 quamsi

132 1823 254 1880 uoluerit
268 1839 326 1878 eam
341 1823 374 1878 ad
389 1839 419 1878 se
434 1824 585 1896 pertinere:
608 1823 656 1878 sed
677 1823 757 1879 hodie
773 1840 803 1878 en
821 1825 876 1879 diui
891 1825 930 1878 Pii
946 1823 1074 1878 Antonini
1091 1817 1095 1898 Ι

130 1907 330 1966 constitutione
345 1907 398 1962 hoo
413 1908 497 1979 magis
512 1908 570 1962 inre
586 1907 627 1962 uti
641 1905 800 1970 uidebimur,
824 1907 897 1980 quod
909 1907 1025 1962 Proculo
1041 1906 1097 1979 pia·
1116 1915 1174 1966 104.
1210 1949 1227 1988 ,

131 1993 205 2054 cuit:
220 2007 279 2046 nam
296 2007 357 2047 eum
372 1990 480 2065 legatus
496 1991 592 2047 inisset
604 1989 713 2046 Latinus
728 2008 781 2064 per
798 1991 1007 2047 uindicationem
1023 1991 1097 2047 eolo·

130 2077 202 2147 niae,
220 2073 407 2146 ‘deliberent',
418 2077 515 2150 inquit,
528 2075 711 2143 ‘decuriones‚
725 2092 758 2130 an
771 2077 803 2131 ad
815 2093 844 2132 se
856 2075 942 2130 uelint
954 2077 1098 2148 pertinere,

129 2159 247 2235 proinde
262 2175 293 2216 ae
307 2161 330 2214 si
345 2161 391 2216 nni
406 2159 513 2234 legatus
529 2160 624 2216 esset'.
668 2155 734 2217 196.
759 2161 822 2216 Eae
845 2169 933 2216 autern
955 2159 1033 2215 solae
1054 2175 1098 2215 res

208 2344 228 2412 ¹)
244 2347 365 2400 alterne*
384 2342 436 2396 Vii.
459 2349 604 2396 atterutrum
618 2348 677 2398 edd.
691 2347 739 2413 Bp.
754 2359 775 2400 5.
790 2354 814 2398 et
828 2319 901 2396 Stnd.
929 2347 959 2397 In
977 2347 1002 2396 0.
1014 2348 1100 2412 fuerit

131 2435 235 2486 alterurn
254 2423 278 2485 d'r
343 2431 1099 2501 5557661666764,56166555646431611561541

131 2515 157 2556 et
172 2507 275 2558 sinuato
285 2507 358 2558 modo
368 2509 492 2570 seriptum
503 2507 595 2570 fuisse.
652 2503 674 2572 ³)
689 2522 742 2556 esse
756 2508 880 2556 dimissum
893 2505 918 2556 0.
929 2507 987 2556 edd.
1002 2507 1041 2556 De
1050 2507 1099 2558 hoe

127 2581 284 2644 yloeeemote
295 2577 323 2644 (o
337 2577 385 2644 Bp.
401 2579 439 2629 od.
454 2589 476 2629 5.
500 2580 575 2628 aneia
589 2577 701 2644 iactare)
715 2579 766 2626 vid.
778 2578 866 2642 praef.
931 2573 954 2643 ⁴)
969 2583 993 2626 et
1014 2577 1039 2630 0.
1059 2578 1098 2626 ed.

129 2648 197 2714 Bae
209 2649 325 2712 fortasse
343 2649 440 2698 demum
456 2649 556 2712 foetum
574 2646 721 2715 (66666661),
736 2657 873 2714 postquam
892 2649 1016 2697 dimissum
1032 2650 1099 2697 irre·

126 2727 230 2784 preerat.
296 2716 373 2786 ⁶)Ita
391 2735 461 2769 nane
480 2722 575 2769 eottota
594 2731 619 2782 o,
634 2731 667 2770 61.
692 2735 727 2769 eae
739 2719 801 2784 Bpii
820 2722 852 2782 ej.
867 2721 976 2783 scripsi,
996 2719 1058 2784 quio
1072 2719 1101 2767 id

125 2793 253 2854 proxime
266 2791 370 2840 aceedit
387 2792 423 2840 od
440 2786 492 2839 W.
516 2791 643 2854 repulerit
661 2798 710 2838 tum
724 2791 764 2840 ed.
779 2801 799 2842 6.
823 2792 907 2856 inopie
924 2806 959 2839 ern
977 2789 1100 2854 loquendi

131 2876 198 2917 uem
212 2877 271 2910 nom
285 2869 311 2910 et
324 2869 372 2911 tum
387 2863 426 2911 oie
441 2861 519 2911 tadeo
528 2867 590 2924 poet
604 2875 657 2910 oum
671 2863 694 2923 §-
710 2873 756 2912 178.
772 2868 833 2924 poet
847 2861 868 2909 si
882 2872 904 2922 4,
918 2871 964 2912 155.
980 2873 1001 2922 o,
1016 2873 1035 2910 e.
1051 2871 1099 2912 165.

129 2943 153 2995 4,
169 2943 217 2983 156.
247 2933 306 2984 Via.
322 2934 398 2982 etiam
414 2932 643 2997 1161665661.
659 2934 707 2982 cio.
723 2932 808 2983 Proae.
827 2931 915 2980 XLII.
928 2948 955 2996 p.
971 2943 1018 2983 161.

1212 3049 1226 3080 0

206 3104 231 3178 ξ.
249 3111 307 3160 193.
325 3109 363 3172 Cf.
383 3108 438 3172 Ulp.
453 3120 487 3171 24,
502 3121 523 3160 o.
542 3108 612 3172 Epir.
628 3121 649 3170 4,
663 3120 684 3159 5.
703 3110 726 3170 ξ.
743 3120 762 3158 1.
783 3107 860 3158 Paul.
875 3119 896 3170 o,
911 3120 931 3159 6.
946 3109 969 3170 ξ.
985 3120 1004 3160 6.
1018 3123 1101 3172 supra

131 3194 153 3242 1,
169 3192 217 3232 144.
243 3180 287 3228 Fr.
307 3179 364 3231 Vat.
378 3192 412 3232 47.
428 3191 461 3232 57.
476 3192 510 3232 64.
525 3191 559 3231 eo.
574 3191 608 3232 er,
628 3179 660 3228 L.
670 3190 697 3232 65
706 3195 749 3243 pr.
760 3180 783 3240 ξ.
794 3192 815 3230 1.
834 3179 867 3227 D.
882 3181 914 3228 (te
928 3181 975 3244 lep.
986 3193 1006 3230 1.
1025 3179 1100 3229 Serv.

131 3252 169 3301 ad
184 3251 248 3300 Aen.
264 3261 286 3312 5,
300 3262 347 3302 eon.
412 3247 437 3319 ξ.
455 3253 513 3301 194.
531 3251 569 3314 Cf.
588 3250 699 3314 Tdeopit.
714 3261 735 3313 o,
749 3261 783 3300 20.
803 3252 825 3313 ᾖ.
841 3262 861 3300 n.
881 3249 951 3312 Epit.
967 3261 987 3311 7,
1003 3260 1022 3300 5.
1038 3252 1061 3310 5.
1077 3263 1098 3299 1.

129 3322 165 3371 L.
181 3333 207 3373 69
218 3337 263 3385 pr.
278 3321 311 3370 D.
326 3322 358 3371 o'e
372 3324 421 3387 lep.
437 3334 457 3372 1.
477 3323 600 3370 intendore
610 3317 671 3388 ete]
689 3321 725 3384 Of.
735 3333 756 3383 4,
766 3332 801 3372 41.
857 3316 883 3388 §-
895 3321 954 3370 195.
972 3321 1009 3382 Cf.
1022 3319 1099 3368 Paul.

129 3405 152 3455 a,
168 3404 190 3444 6.
210 3394 233 3454 5.
249 3405 269 3444 7.
289 3392 320 3441 L.
335 3404 370 3444 61.
390 3395 411 3454 ξ.
426 3403 447 3443 6.
467 3393 549 3452 Into.
565 3393 586 3454 ἕ.
601 3405 619 3443 a
646 3392 678 3440 D.
694 3393 787 3456 116169.
804 3403 823 3441 1.
848 3386 997 3456 Nemeaeo]
1015 3388 1051 3451 Cf.
1067 3389 1099 3436 L.

129 3475 165 3517 65.
186 3465 209 3525 ξ.
225 3477 245 3514 1.
269 3463 301 3514 D.
316 3464 372 3513 eod.
388 3463 412 3510 L
434 3474 469 3516 69.
488 3463 520 3512 Ι).
536 3463 568 3512 de
583 3464 658 3514 cond.
673 3464 776 3513 eidem.
791 3461 840 3528 (65,
858 3460 888 3526 1).
913 3461 945 3510 L.
960 3471 994 3511 64.
1020 3459 1051 3506 Ι).
1068 3459 1100 3508 de

125 3535 196 3598 furt.
213 3533 263 3600 (47,
277 3532 311 3600 2).
335 3534 409 3597 infra
423 3535 446 3596 ξ.
462 3545 508 3585 766.
532 3533 601 3596 legat.
617 3562 651 3571 —
666 3529 731 3600 Lat]
748 3533 782 3596 ef.
800 3533 869 3581 Ptin.
886 3547 925 3596 ep.
941 3543 974 3594 1ο,
989 3540 1036 3580 165.

129 3601 156 3674 5.
175 3607 233 3656 196.
254 3605 395 3668 015114.
419 3605 475 3669 Uip.
489 3617 523 3668 44,
538 3618 558 3657 7.
578 3605 648 3670 Epir.
663 3617 684 3668 1,
699 3615 719 3655 5.
739 3605 779 3665 ἐς.
795 3617 815 3653 1.
829 3615 850 3654 o.
