2680 4118
493 183 528 217 uu
547 181 734 218 excussimus.
1025 162 1084 228 765

133 319 163 372 ia
177 317 296 386 potioris
310 313 502 370 nominatione
516 327 573 368 non
590 314 799 383 aequiperatur
813 310 946 368 codicillis
959 310 990 366 ed
1005 318 1089 366 teste·

134 405 254 454 mentum
265 413 320 452 nou
335 396 536 469 pertinentibus
547 412 565 450 a
577 401 666 465 patre
677 394 745 451 dato
757 398 854 465 tutori,
871 409 952 467 quem
964 401 1089 465 praetor¹

134 475 342 553 confirmauit.¹
398 521 401 526 -

197 559 256 620 173.
280 563 407 636 Ulpianus
422 560 455 616 de
471 559 560 618 oiiicio
580 565 715 634 praetoris
729 555 888 618 tutelarie.²
923 558 979 627 Qui
991 563 1020 617 in
1033 577 1087 632 pa·
1095 549 1195 628 „ffiss

135 650 193 704 tria
206 649 359 719 priuilcpio
375 648 472 712 utitur,
496 648 522 702 si
534 648 565 700 in
579 644 661 701 Italia
677 645 840 701 domicilium
855 646 1005 712 constituit,
1022 633 1130 700 iurem
1142 633 1193 670 W·

133 733 268 788 domicilii
282 731 409 786 omnibus
421 732 504 784 etiam
519 731 626 784 tutelae
640 726 796 784 maneribus
812 727 954 784 subiicitur
973 728 1087 799 tamdiu,

133 816 226 870 donec
245 817 274 870 in
293 816 421 885 patriam
442 826 580 868 reuersus
595 813 778 884 priuilepium
797 809 974 883 recuperabit.
1010 805 1086 867 173².

136 887 231 953 ³Item.
261 896 294 954 Si
310 901 348 967 ei,
371 910 454 966 quem
468 897 654 968 mapistratas
668 897 716 951 uel
729 901 816 966 pater
832 899 998 950 testamento
1014 899 1085 950 tuto·

135 997 195 1046 rem
210 981 376 1050 nominauit,
396 978 573 1034 sacerdotium
588 981 711 1052 contigui,
732 980 809 1050 quod
822 995 840 1034 a
855 978 1020 1034 muneribus
1034 993 1086 1034 ea·

135 1072 236 1135 cusat,
259 1072 353 1120 tamen
368 1067 407 1119 ita
423 1063 532 1117 demum
548 1061 660 1118 tutelam
681 1061 824 1134 priuilegio
845 1062 987 1118 sutniacus
1001 1061 1087 1117 decii·

134 1163 208 1204 aare
219 1155 323 1218 potest,
345 1149 371 1202 si
385 1153 452 1201 ante
467 1149 683 1202 nominationem
697 1148 744 1202 uel
761 1153 883 1218 opertum
898 1152 1088 1202 testamentum

135 1231 262 1287 sacerdos
275 1230 376 1301 factus
391 1235 441 1284 est.

197 1308 256 1368 1⁷4.
280 1313 356 1368 item.
387 1305 476 1366 ‘¹Heec
490 1309 523 1366 de
538 1313 693 1368 sacerdotio
708 1313 785 1368 dicta
801 1313 929 1368 similiter
941 1315 1089 1384 pertinent

136 1397 176 1453 acl
185 1397 383 1452 excusationem
394 1397 504 1450 consuli
518 1399 677 1466 ceterisque
688 1397 792 1466 populi
801 1397 925 1454 Romani
938 1399 1088 1469 mopistra·

136 1480 211 1538 liius
226 1484 442 1552 competentem:
464 1479 516 1534 secl
533 1494 590 1550 per
612 1497 717 1536 annum
737 1486 857 1548 tantum,
880 1496 934 1553 quo
951 1481 1010 1553 quis
1026 1495 1088 1536 con·

136 1562 195 1632 sui,
218 1561 262 1620 uel
283 1570 407 1636 praetor,
430 1562 474 1618 uel
497 1564 628 1620 tribunus
640 1565 680 1634 pt.
703 1565 749 1620 uel
770 1569 907 1634 quaestor
927 1567 974 1622 uel
989 1564 1090 1620 aeditis

137 1650 201 1719 erit,
217 1647 342 1704 uocabit.

197 1727 255 1788 lto.
279 1731 354 1787 lteru.
392 1723 535 1803 leudegus
558 1746 607 1786 eos
621 1730 725 1786 iuberi
737 1745 795 1785 non
812 1733 936 1799 oportet,
960 1732 1010 1800 qui
1022 1730 1090 1784 lieet

137 1816 256 1871 eandem
269 1822 360 1871 artem
372 1823 526 1884 exerceant,
542 1829 621 1885 quum
633 1821 710 1885 puter
723 1812 888 1884 factitabat,
905 1816 1001 1868 tamen
1017 1815 1090 1867 eius·

136 1899 198 1952 dem
213 1899 326 1970 callepii
339 1914 395 1954 non
411 1903 485 1964 sunt,
501 1899 600 1966 inquo
616 1903 694 1967 peter
707 1894 872 1968 pupillorum
888 1895 1048 1950 exercebat.

199 1975 258 2035 lte.
281 1979 356 2034 item.
395 1973 489 2034 ⁵Siout
503 1986 592 2032 autom
611 1977 742 2049 defuncti
752 1980 892 2050 ¹collepam
906 1993 962 2034 noa
978 1983 1090 2049 oportet

138 2065 292 2132 excusari,
313 2065 353 2116 ita
368 2077 422 2118 neo
438 2065 499 2117 eius
518 2061 615 2132 tilium.
652 2060 686 2116 Et
700 2063 736 2116 ite
750 2063 898 2132 imperator
912 2069 1006 2118 noster
1026 2077 1090 2117 cum

132 2153 223 2218 patre
238 2148 396 2215 rescripsit.

200 2223 256 2284 itt.
288 2229 364 2289 ltcru.
408 2222 554 2283 ⁶Vetereui
575 2245 592 2283 a
615 2244 799 2302 papauerum
827 2229 922 2285 tutelis
945 2233 1090 2300 perpetuo

137 2317 330 2382 excusantur,
346 2330 364 2368 a
379 2313 494 2368 militum
510 2313 556 2368 uel
568 2319 757 2367 ueteranorum
771 2319 860 2367 sutem
876 2309 997 2368 filiorum
1010 2315 1090 2373 intra

66 2408 126 2458 [eu]
137 2413 244 2453 annum
259 2402 287 2452 et
300 2399 341 2451 ita
356 2403 388 2452 ut
398 2403 465 2467 post
479 2413 535 2452 non
548 2397 616 2464 plus
631 2411 716 2468 quam
732 2411 821 2452 anam
840 2398 1007 2468 suscipiant.
1038 2395 1090 2452 Sed

137 2487 229 2535 utrum
244 2478 323 2534 simul
338 2495 392 2534 uon
406 2479 468 2554 pluo
483 2495 568 2551 quam
583 2495 669 2535 unam
685 2483 857 2550 suscipiant,
873 2495 912 2536 an
926 2479 1012 2536 semel
1026 2485 1089 2536 tan·

210 2653 230 2720 ¹)
246 2656 347 2706 Poterit
361 2657 443 2720 ipitur
457 2657 585 2718 potiorem
604 2649 743 2706 nominare.
763 2657 788 2716 ἓ.
802 2665 849 2706 211.
875 2653 913 2719 Of.
935 2655 991 2707 eat.
1011 2669 1036 2714 1,
1055 2667 1089 2710 tu.

137 2727 210 2791 infru
224 2728 264 2788 ἐξ.
280 2737 326 2778 191.
341 2736 388 2776 111.
403 2733 429 2775 et
440 2725 473 2776 L.
488 2739 508 2776 1.
524 2727 547 2787 ξ,
562 2739 582 2776 1.
606 2725 638 2773 Ι).
657 2727 689 2775 de
708 2727 821 2788 confirm.
841 2732 885 2774 tut.
902 2723 950 2789 (ee,
965 2725 997 2792 e).
1029 2725 1060 2776 tu
1073 2743 1090 2776 a

132 2804 257 2862 praetore
264 2804 334 2846 tector
343 2797 499 2860 dariposoot
508 2795 628 2854 Latinus,
636 2796 723 2846 eodem
732 2797 834 2846 catione
840 2797 972 2858 placuisse
979 2797 1089 2855 uidetur,

136 2883 202 2932 quae
215 2868 309 2930 effecit,
324 2874 352 2915 ut
362 2867 559 2929 fideicommissa
573 2881 667 2930 capere
677 2881 728 2917 non
740 2865 931 2928 prohiberetur.
956 2863 998 2931 (In
1013 2869 1091 2916 uliam

135 2940 286 2988 sententiam
305 2953 362 2988 cum
380 2936 492 3000 Radorf.
512 2935 698 2988 Vormundscic.
714 2935 751 2986 II.
768 2951 796 3000 p.
811 2947 858 2988 111.
875 2936 988 2986 Momms.
1008 2939 1091 2988 locum

136 3005 270 3071 restituit.)
322 3003 343 3071 2)
358 3007 402 3055 Ad
413 3021 515 3056 sensum
528 3009 631 3056 neotitai
640 3022 736 3070 parum
745 3006 891 3056 iuuantibus
900 3006 931 3055 L.
943 3019 975 3058 19.
986 3019 1020 3058 30.
1035 3009 1058 3068 ἓ.
1069 3020 1089 3058 1.

136 3075 169 3127 D.
183 3077 209 3124 lt.
223 3083 241 3127 t.
314 3072 335 3140 8)
352 3075 453 3126 Partim
467 3077 647 3127 Mommsenum
661 3083 763 3126 secutus
781 3079 891 3128 restitui.
922 3077 960 3139 Cf.
976 3077 1088 3127 Momms.

136 3145 221 3196 Inscr.
238 3144 318 3208 Neop.
334 3157 394 3197 soce.
413 3153 438 3195 et
451 3147 494 3196 trio
508 3149 548 3208 ἐς.
565 3159 611 3200 148.
626 3159 672 3199 tto.
692 3147 724 3196 L.
739 3159 773 3198 et.
793 3151 816 3208 ξ.
830 3159 851 3198 e.
877 3147 908 3194 D.
929 3147 961 3196 de
979 3149 1090 3209 receptis

136 3215 167 3279 (4,
182 3213 214 3280 s).
229 3215 260 3264 L.
277 3226 301 3266 11
312 3229 355 3277 pr.
371 3214 403 3262 D.
425 3216 457 3264 de
471 3224 554 3266 uacat.
570 3217 616 3281 (5⁰,
630 3216 661 3280 5).
676 3217 709 3266 L.
723 3227 749 3268 28
759 3231 803 3278 pr.
823 3215 855 3264 L.
869 3227 902 3265 tt.
918 3216 942 3276 §-
957 3227 977 3265 11.
992 3215 1016 3264 lt.
1032 3222 1049 3264 t.

137 3283 158 3349 ⁴)
173 3285 237 3334 Item
251 3286 361 3335 restitui.
386 3285 424 3347 Cf.
439 3287 462 3346 ξ.
474 3297 519 3337 146.
535 3286 567 3336 L.
578 3298 612 3338 to.
632 3287 664 3335 D.
680 3287 712 3335 de
722 3287 800 3335 indic.
812 3284 845 3348 (t,
856 3283 886 3348 1).
898 3311 931 3320 -
941 3284 973 3332 L.
985 3295 1018 3335 tt.
1033 3287 1056 3346 §-
1067 3295 1088 3338 5.

135 3355 167 3404 D.
183 3356 207 3404 t.
223 3362 240 3405 t.
255 3356 291 3405 ad
304 3357 472 3418 municipales
486 3356 596 3406 honores
609 3363 715 3419 spectat.
771 3353 791 3418 ⁶)
807 3354 918 3404 Restitui
932 3354 968 3402 ad
979 3369 1087 3404 sensum.
1181 3359 1184 3368 '

137 3425 175 3480 Cf·
191 3427 214 3486 ἓ.
230 3437 277 3476 141.
352 3422 373 3490 ⁶)
390 3425 513 3485 Restitui,
533 3426 656 3490 quaedam
675 3442 692 3475 a
710 3425 864 3474 Mommseno
883 3430 1022 3483 mutuatus,
1042 3441 1088 3488 ope

135 3493 167 3542 L.
183 3506 250 3557 epo.
265 3497 350 3557 §§.1o.
366 3508 385 3546 1.
401 3507 421 3546 e.
437 3507 457 3548 o.
477 3496 509 3544 D.
525 3496 549 3545 lt.
564 3503 582 3546 t.
597 3495 629 3544 L.
644 3506 664 3544 11.
680 3508 699 3546 1.
717 3495 742 3544 C.
758 3494 789 3544 de
804 3508 892 3544 eacus.
906 3501 984 3548 aeter.
1001 3493 1087 3563 (mot).
