2692 4114
295 232 401 268 nouuuu
420 232 526 268 verram
543 232 641 268 esaon.
661 215 706 270 VI.
728 215 864 270 14.-v1t.
885 222 910 270 3.
1018 215 1081 280 579

128 365 165 420 ita
187 361 238 434 (ut)
266 369 378 434 propter
406 363 519 417 maiores
547 378 637 417 mores
665 369 833 435 praesentem
861 362 953 420 dotem
979 363 1099 434 reddat,.

53 454 242 520 [sesipropter
264 447 382 500 minores
411 461 505 500 senum
533 461 655 501 mensum
680 445 732 501 die.
777 448 805 502 in
828 463 857 503 ea
881 455 986 517 autem,
1014 464 1083 521 quae

128 546 255 604 praesens
277 528 354 584 reddi
377 528 463 596 solet,
493 536 596 585 tantum
619 546 650 586 ex
673 528 806 586 fructibus
827 530 936 586 iubetur
958 531 1082 602 reddere,

128 623 259 687 quantum
280 611 369 668 inilia
392 611 474 684 dote,
497 629 568 686 quae
590 615 704 670 triennio
720 613 856 680 redditur,
879 615 1083 689 ’repraesenta-

128 692 185 756 tio¹
201 697 276 754 iacit.
958 705 962 714 '

183 778 229 841 14.
258 773 461 853 ²Impensarurn
476 782 580 854 species
595 789 660 837 sunt
678 789 750 838 tres:
772 789 819 837 sut
834 783 904 838 enirn
919 781 1084 838 necessariae

129 865 268 936 dicuutur,
290 873 336 921 aut
358 864 455 935 utiles,
478 874 524 920 aut
540 863 733 938 uoluptuosce.
770 861 812 922 15.
836 865 1006 922 Necessariae
1021 872 1085 920 suut

130 949 288 1024 impensae,
308 947 405 1022 quibus
420 964 475 1005 non
491 949 569 1006 iactis
584 949 636 1005 dos
650 949 769 1005 deterior
784 948 875 1004 futura
890 957 949 1020 est,
971 948 1047 1005 uelut
1061 949 1084 1003 si

130 1035 190 1106 quis
212 1034 336 1089 ruinosas
358 1031 436 1088 aedes
459 1033 592 1089 refecerit.
637 1029 679 1090 16.
705 1033 786 1089 Vtiies
807 1041 886 1101 sunt,
910 1031 1008 1105 quibus
1029 1047 1085 1088 non

130 1117 207 1174 iactis
238 1118 344 1190 quidem
375 1116 494 1172 deterior
522 1117 574 1173 dos
602 1133 657 1172 nou
685 1116 782 1188 suerit,
812 1116 890 1174 iactis
918 1124 1007 1172 autem
1029 1115 1085 1171 iru-

129 1203 254 1257 etuosior
269 1199 361 1256 etiecta
377 1208 435 1271 est,
457 1200 543 1256 ueluti
558 1203 581 1256 si
596 1195 694 1273 ’iuir)³
715 1201 806 1257 uineta
821 1208 849 1256 et
864 1200 964 1256 oiiueta
980 1199 1084 1256 iecerit.

128 1281 171 1340 17.
195 1283 385 1356 voluptuosae
413 1293 492 1353 sunt,
522 1284 618 1357 quibus
646 1301 733 1356 neque
756 1284 862 1340 omissis
890 1285 1010 1340 deterior
1035 1282 1087 1339 dos

131 1360 255 1436 ’inerit⁴¹
276 1381 365 1438 neque
387 1365 463 1422 iactis
485 1367 653 1424 fructuosior
671 1368 764 1424 eiieeta
779 1377 836 1436 est;
861 1369 936 1441 quod
952 1368 1043 1424 euenit
1057 1368 1086 1422 in

131 1449 277 1505 uiridiariis
293 1457 320 1504 et
336 1449 449 1522 picturis
465 1451 646 1524 similibusque
662 1451 753 1508 rebus.
769 1470 788 1509 s
800 1469 818 1508 2
832 1446 869 1508 *⁵

133 1569 211 1635 6'1¹1‘1'.
226 1591 283 1635 vlt.
308 1591 352 1632 Du
367 1591 438 1634 lvnu
454 1593 659 1636 nouautouvu
673 1594 769 1636 INTER
782 1596 881 1638 vitavit
895 1597 935 1638 ΕΤ
948 1594 1085 1639 VXOREM.

193 1675 217 1739 1.
242 1671 335 1736 ⁷Inter
357 1680 443 1735 uirum
459 1688 487 1736 et
501 1696 613 1736 uxorem
628 1679 737 1736 donatio
758 1696 813 1736 non
829 1680 915 1750 ualet,
938 1682 989 1735 nisi
1004 1682 1086 1736 certis

131 1781 164 1820 eu
179 1765 283 1836 causis,
298 1764 325 1820 id
340 1771 383 1820 est
398 1766 492 1819 mortis
509 1780 599 1832 cnusn
615 1763 727 1818 diuortii
741 1778 836 1833 eausa,
857 1763 929 1818 serui
945 1764 1086 1818 manumit-

131 1847 204 1904 tendi
221 1849 317 1922 gratia.
352 1846 409 1904 Hoc
424 1847 538 1918 aunplius
552 1845 743 1919 principalibus
759 1839 1007 1917 conistitutionihus
1021 1862 1084 1902 eon·
1099 1851 1186 1919 193bsi

130 1947 237 1986 cessum
259 1939 302 1986 est
321 1929 427 1984 mulieri
443 1929 470 1984 in
485 1930 538 1984 hoe
553 1930 654 1983 donare
676 1931 737 1984 uiro
759 1945 824 1997 suo,
844 1937 874 1983 ut
889 1930 912 1983 is
927 1927 959 1984 ab
973 1930 1085 2002 impera·

131 2022 192 2068 tore
207 2013 262 2068 lato
277 2013 356 2068 clauo
372 2012 415 2066 uei
432 2027 503 2082 equo
519 2011 625 2084 publico
642 2011 756 2066 similius
771 2012 875 2067 honore
890 2012 1049 2070 honoretur.

194 2090 223 2152 2.
247 2089 294 2149 sSi
311 2095 421 2148 'marito
438 2089 527 2150 uxori
544 2095 656 2149 diuortii
670 2111 750 2151 causa
765 2111 810 2151 nes
826 2097 975 2166 amonesii,
995 2111 1084 2152 rerum

131 2194 242 2252 quoque
257 2186 406 2233 amotarum
422 2179 526 2233 actione
542 2178 686 2235 tenebitur.

194 2259 222 2320 3.
246 2260 275 2316 Si
291 2261 402 2316 maritus
418 2277 468 2334 pro
489 2261 601 2316 muliere
621 2278 651 2318 se
667 2261 828 2334 obligauerit
849 2261 892 2318 uei
908 2263 934 2318 in
950 2278 1006 2318 rem
1026 2264 1085 2317 eius

131 2345 300 2419 inpenderit,
318 2344 437 2400 diuortio
453 2343 525 2401 sacto
541 2362 573 2400 eo
587 2348 695 2402 nomine
711 2362 808 2403 cauere
823 2344 874 2402 sibi
889 2346 960 2402 soiet
975 2345 1085 2420 stipula·

131 2431 204 2485 tione
222 2427 372 2484 tribunicia.
382 2421 406 2460 ¹⁰

205 2575 225 2643 1)
239 2578 376 2642 repensntio
390 2577 502 2641 (suetum
520 2594 554 2628 eac
568 2581 714 2642 reinseutatio
733 2583 834 2631 ratione
853 2584 981 2646 sequentis
999 2596 1084 2645 repen·

131 2663 211 2698 sarum
221 2663 273 2712 pro
288 2647 464 2714 Impeusarurn)
483 2649 541 2699 Vnt.
552 2651 591 2699 ed.
602 2649 650 2716 39.
703 2647 724 2716 ¹)
739 2651 783 2701 Ad
795 2653 834 2713 ἐξ.
851 2665 945 2704 14-1‘1.
961 2653 995 2716 ef.
1006 2652 1038 2705 L.
1050 2665 1084 2704 te.

130 2720 163 2768 D.
178 2721 210 2768 de
224 2718 292 2768 verb.
307 2721 374 2783 atyn.
389 2718 437 2783 (oo,
457 2718 501 2782 uo).
528 2719 575 2770 Tit.
591 2720 623 2769 D.
639 2721 671 2770 de
685 2722 789 2784 irrepens.
808 2724 836 2770 in
856 2738 899 2772 res
917 2723 968 2773 dot.
989 2721 1037 2787 (to,
1053 2722 1083 2788 1).

130 2789 162 2838 L.
178 2806 220 2838 un.
235 2791 259 2851 ξ.
274 2799 294 2840 o.
317 2789 341 2838 0.
357 2790 389 2839 de
402 2792 444 2840 rei
457 2805 534 2841 necor.
549 2798 599 2840 act.
615 2789 646 2856 (5,
661 2791 705 2856 12).
785 2788 949 2856 ⁸)Suppleoi.
974 2793 1085 2842 Excidit

130 2860 161 2910 ob
179 2875 286 2924 sequena
304 2861 391 2909 uineta.
422 2860 460 2924 Of.
480 2871 505 2920 o,
524 2872 544 2911 2.
564 2869 614 2911 not.
630 2874 663 2912 12.
691 2861 730 2911 De
749 2866 864 2926 coempto
885 2863 936 2913 Cic.
957 2879 1047 2929 cyrae.
1063 2875 1083 2913 2.

130 2932 168 2992 ἐξ.
182 2943 216 2982 48.
232 2941 266 2982 ot.
285 2930 399 2993 Appiae.
414 2932 445 2980 de
460 2930 482 2979 b.
494 2944 591 2990 c.1,1a.
643 2929 663 2997 4)
679 2933 746 2981 tieret
766 2932 824 2982 Vat.
838 2932 886 2999 129.
898 2934 937 2986 ed.
990 2931 1011 2999 ὁ)
1026 2934 1084 2984 Duo

130 3008 227 3050 tontum
241 3001 389 3050 desiderari
403 3002 535 3060 uidentur,
555 3003 657 3067 qnando
676 3002 706 3053 ob
721 3005 847 3067 inmensas
866 3005 976 3054 retineri
990 3007 1084 3068 possit,
1108 3019 1109 3022 ’

130 3072 244 3133 definitio
259 3077 283 3120 et
296 3073 465 3122 retentionem
480 3072 510 3122 ob
524 3088 566 3122 res
579 3074 690 3123 donatos
704 3079 728 3122 et
742 3074 772 3124 ob
787 3089 830 3124 res
840 3081 937 3125 arnotas
946 3077 1082 3138 expositio.

131 3138 151 3204 θ)
171 3141 295 3204 Ulpianus
310 3143 337 3190 in
351 3141 403 3199 dtis,
423 3158 488 3206 quoe
506 3151 660 3206 sequuntur,
680 3159 730 3194 non
745 3147 872 3208 proprias
890 3148 1012 3194 materias
1030 3152 1084 3194 tra·

130 3219 213 3261 etasse
230 3212 277 3260 sed
294 3214 426 3261 materiam
445 3213 476 3261 de
495 3214 553 3263 dote
572 3215 607 3262 od
622 3215 698 3276 finem
712 3217 870 3277 perducisse
884 3216 1018 3278 putandus
1038 3222 1084 3272 est,

130 3283 228 3331 addens
249 3282 285 3330 ad
305 3284 474 3332 retentionem
496 3284 548 3342 ius,
570 3298 635 3348 quoe
658 3286 685 3332 in
708 3287 819 3350 sinyutis
842 3301 930 3334 earum
952 3285 1084 3347 speciebus

125 3360 265 3415 praeterea
279 3353 346 3401 scitu
360 3353 441 3418 diana
454 3361 537 3403 erant,
589 3352 610 3420 7)
627 3355 664 3417 Of.
681 3355 756 3404 Pani.
771 3368 792 3414 2,
806 3367 839 3406 ta.
855 3357 894 3416 ἐξ.
910 3367 929 3404 1.
945 3366 965 3402 2.
981 3367 1000 3405 n.
1020 3353 1052 3402 L.
1063 3367 1083 3404 1.

129 3434 296 3473 2114242.
316 3422 347 3471 D.
363 3423 395 3472 de
409 3425 468 3473 don.
484 3427 529 3473 int.
545 3427 593 3476 vir.
609 3423 653 3491 (24,
669 3426 700 3488 1).
726 3425 758 3474 L.
773 3436 806 3475 21.
822 3436 855 3476 22.
882 3424 907 3472 θ.
922 3425 977 3474 eod.
993 3421 1024 3489 (5,
1040 3423 1083 3488 12).

131 3490 152 3557 ⁸)
168 3493 205 3555 Cf.
221 3495 259 3542 tit.
278 3493 310 3540 Ι).
326 3508 378 3544 rer.
394 3502 468 3545 emet.
484 3493 529 3560 (25,
544 3497 573 3559 2).
652 3493 673 3560 ⁹)
689 3497 788 3544 maritus
802 3493 865 3557 (pro
880 3495 965 3542 marito
980 3510 1016 3543 uc.
1032 3495 1083 3544 oid.

131 3561 297 3626 11111313.)
317 3563 375 3612 Vnt.
390 3566 447 3615 edd.
515 3563 547 3630 lo)
563 3566 643 3624 Puta,
664 3565 781 3614 tribunos
795 3568 833 3628 pl.
848 3581 865 3614 a
883 3566 984 3614 maritis
1003 3565 1084 3615 dotem
