2692 4114
222 183 287 249 554
510 199 576 238 arun
593 199 689 242 ravum
707 199 777 236 sanc.
797 179 830 234 V.
849 186 892 234 25.

286 328 315 390 4.
348 323 462 399 ¹iuder,
490 331 537 404 qui
566 337 659 386 contra
681 345 769 386 sacres
793 329 942 402 principum
965 331 1175 390 constitutiones

223 423 353 472 contrane
368 416 410 470 ins
425 412 578 488 pubiicum,
601 412 673 487 quod
689 412 758 486 apati
774 429 803 470 se
818 414 960 470 recitatum
976 421 1031 485 est,
1053 431 1175 488 pronun·

224 502 284 571 tiat,
298 501 326 557 in
341 498 454 556 insulam
469 498 635 571 deportatur.
672 494 699 559 ὅ.
723 490 792 564 ²Qui
813 499 946 561 rationes.
969 505 1040 570 acta,
1058 497 1174 572 iibeiios,

223 583 312 640 aihum
329 584 509 657 propositum,
521 583 687 651 testationes,
702 582 850 651 cautiones,
866 581 1056 655 chirographa,
1072 584 1173 656 episto·
1219 623 1223 629 -

223 667 262 724 ias
277 669 365 724 sciens
380 665 443 722 doio
458 665 526 721 maio
541 667 568 721 in
584 664 705 722 fraudem
721 664 833 722 alicuius
849 663 996 735 deleuerit,
1019 669 1174 741 mutauerit,

222 751 379 822 subiecerit,
402 743 623 823 subscripserit,3
645 750 727 820 quiue
741 764 786 804 aes
808 750 989 820 insursuerit,
1012 749 1174 824 ’inargenta-

223 829 320 906 uerit,⁴
335 836 426 908 quiue,
442 849 503 890 cum
517 842 660 906 argentum
674 832 719 888 uei
734 849 830 888 aurum
852 827 1018 906 ’coqueret,⁵
1041 849 1086 890 aea
1101 843 1175 891 stan·

223 935 322 976 numus
344 910 511 989 subruerint
533 916 595 973 iaisi
616 932 703 990 poena
718 924 869 974 coercetur.
914 911 944 974 6.
968 907 1249 990 ⁷Amplissimustassr

222 1003 291 1060 ordo
306 1003 437 1073 decreuit,
453 1017 498 1057 eas
513 1000 630 1069 tabulas,
648 1015 714 1072 quae
730 999 829 1072 publici
845 999 888 1058 uel
904 1002 1002 1074 priuati
1018 1007 1173 1060 contractus

221 1089 385 1161 scripturam
397 1086 547 1156 continent,
558 1083 682 1140 adiribitis
693 1083 810 1140 testibus
822 1084 858 1140 ita
870 1085 981 1158 signari,
992 1093 1022 1140 ut
1033 1087 1060 1140 in
1073 1101 1173 1142 summa

220 1172 350 1244 marginis
373 1169 406 1226 ad
429 1167 540 1224 mediam
562 1176 665 1242 partem
688 1167 841 1240 perforatae
856 1167 954 1241 triplici
969 1169 1024 1224 lino
1040 1171 1174 1226 constriu-

222 1263 338 1328 gantur,
354 1261 436 1326 atque
450 1245 620 1325 ’impositae⁸
635 1267 716 1324 supra
730 1252 816 1308 linum
832 1267 909 1310 cerae
928 1253 1004 1325 signa
1020 1253 1174 1327 impriman-

223 1346 286 1407 tur,
308 1346 339 1392 ut
361 1334 498 1392 ’exteriori
522 1337 671 1408 scripturae
693 1335 772 1392 iidem
794 1336 909 1392 interior
930 1328 1044 1392 seruet⁹
1090 1337 1175 1394 Aliter

222 1420 329 1477 tabulae
344 1419 463 1493 prolatae
477 1419 545 1476 uiiril
560 1420 687 1476 momenti
703 1418 811 1476 habent.

396 1497 442 1578 [L.
460 1501 509 1562 38.
525 1502 554 1573 S.
570 1503 599 1560 6.
622 1503 657 1560 Ι).
673 1503 709 1562 de
721 1506 823 1574 poenis
838 1498 902 1577 (48,
920 1496 999 1582 19).]

288 1582 344 1644 ¹⁰7..
359 1580 434 1654 ¹¹Qui
449 1587 505 1642 uiui
518 1594 706 1644 testamentum
717 1588 865 1660 aperuerit,
876 1588 1041 1659 recitauerit,
1054 1589 1174 1662 resigna·

222 1673 304 1743 uerit,
319 1687 407 1746 poena
422 1669 491 1743 iegis
507 1669 644 1726 Corneliae
660 1679 782 1726 tenetur:
803 1680 830 1726 et
845 1669 1004 1744 plerumque
1019 1679 1065 1729 aut
1087 1671 1174 1728 humi·

223 1757 304 1812 liores
320 1756 349 1812 in
364 1753 502 1812 metalium
517 1753 691 1819 demirantur,
707 1762 754 1810 aut
768 1755 940 1814 honestiores
955 1757 982 1810 iu
997 1755 1112 1812 insulam
1127 1754 1174 1811 de·

220 1847 374 1915 portantur.
408 1836 437 1896 8.
454 1837 482 1894 Si
495 1839 556 1912 quis
567 1839 784 1896 'instrumentum
796 1830 881 1896 iitis¹²
893 1855 957 1896 snae
969 1855 985 1894 a
995 1847 1174 1913 procuratore

220 1941 271 1980 suo
293 1923 338 1982 uei
360 1923 501 1995 cognitore
523 1921 676 1980 aduersario
692 1921 828 1995 proditum
850 1938 910 1978 esse
932 1925 1095 1994 conuicerit,
1119 1931 1173 1980 tam

220 2016 382 2083 procurator
404 2022 484 2080 quam
507 2007 649 2080 coguitor,
672 2007 695 2062 si
717 2005 874 2066 humiliores
889 2013 968 2077 sunt,
992 2008 1019 2064 in
1035 2001 1172 2064 metallum

219 2093 395 2160 damnentur3
419 2092 442 2146 si
464 2090 650 2159 honestiores,
673 2089 796 2163 adempta
818 2088 924 2146 dimidia
946 2099 1022 2164 parte
1038 2089 1172 2148 bonorum

221 2178 423 2250 inperpetuum
444 2173 610 2248 relegantur.
653 2170 683 2231 e.
705 2173 886 2232 Instrumenta
907 2189 989 2246 penes
1005 2191 1035 2232 se
1050 2174 1172 2249 deposita

220 2261 382 2334 quicumque
398 2258 477 2315 aiteri
491 2257 576 2314 altero
592 2256 702 2316 absente
717 2256 863 2314 reddiderit
879 2257 924 2313 uei
939 2257 1095 2314 aduersario
1109 2274 1172 2332 pro·

175 2331 188 2354 “
219 2343 335 2414 diderit,
350 2359 399 2416 pro
415 2357 546 2414 personae
561 2343 618 2397 eius
634 2341 793 2397 condicione
809 2349 855 2396 aut
870 2341 898 2396 in
913 2341 1051 2397 metalium
1067 2342 1173 2398 damna·

294 2550 313 2617 ¹)
330 2551 368 2616 Cf.
383 2551 415 2601 L.
430 2565 450 2603 1.
465 2555 488 2615 ξ.
502 2565 523 2605 s.
542 2553 575 2602 1).
590 2553 614 2602 l.
629 2560 647 2603 t.
703 2547 725 2617 ²)
741 2551 778 2616 Of.
792 2553 825 2602 L.
840 2565 906 2616 tpr.
921 2553 953 2602 L.
967 2564 993 2604 ss
1003 2568 1047 2616 pr.
1066 2554 1099 2602 D.
1114 2553 1138 2602 Ιι.
1154 2559 1171 2604 l.

219 2621 243 2690 ⁸)
259 2623 335 2674 Falso
350 2624 450 2672 nomine
463 2626 502 2673 uel
516 2623 559 2673 die
573 2630 598 2672 et
611 2625 722 2674 consule.
774 2619 796 2688 ⁶)
812 2622 855 2672 od.
866 2634 899 2674 st.
915 2624 1171 2685 argentsueritceterz',

219 2694 277 2745 edd.
303 2693 341 2756 Of.
363 2692 431 2742 Plin.
453 2693 484 2742 N.
499 2693 533 2741 H.
549 2705 582 2751 st,
597 2704 618 2751 s,
632 2705 652 2745 u.
718 2691 739 2758 ὕ)
760 2693 885 2750 θοννεωί;
902 2701 1002 2756 poneret
1023 2693 1083 2744 auu.
1103 2695 1171 2753 edd„

218 2765 267 2815 sed
278 2764 326 2814 ios
341 2771 366 2813 el
379 2779 457 2829 aegre
471 2765 503 2814 ele
513 2765 622 2828 pignori
631 2763 752 2826 ponendo
767 2765 931 2829 intelligitur,
945 2765 1007 2814 etsi
1021 2765 1048 2813 in
1059 2765 1171 2830 pignore

219 2835 306 2885 dando
320 2849 364 2884 aes
374 2849 426 2897 pro
436 2849 502 2884 auro
511 2833 658 2893 subiicitur,
669 2835 809 2884 certissime
818 2849 869 2884 nors
880 2834 947 2898 salsi
955 2833 1002 2884 sed
1010 2836 1171 2885 stellionatus

219 2907 316 2956 crimea
330 2906 503 2955 committitur.
526 2904 559 2956 L.
574 2918 594 2955 a.
609 2906 632 2966 ξ.
648 2917 667 2956 s.
683 2905 715 2955 L.
730 2915 755 2956 so
766 2920 809 2968 pr.
830 2905 862 2954 D.
877 2906 909 2954 cle
918 2905 992 2970 pipo.
1008 2912 1058 2956 act.
1074 2903 1123 2971 (ts,
1138 2904 1169 2970 a)

218 2975 251 3026 L.
261 2987 282 3027 s.
297 2976 320 3038 β.
331 2987 351 3025 1.
370 2976 403 3024 D.
413 2977 523 3025 stellion.
534 2973 579 3040 (tt,
589 2975 634 3040 so).
658 2976 697 3025 De
711 2990 777 3025 auro
788 2976 918 3040 coquendo
933 2975 967 3039 cf.
980 2975 1049 3024 Plin.
1060 2987 1094 3034 ss,
1105 2987 1170 3034 s,1s.

220 3043 241 3110 ⁶)
261 3045 292 3096 Ill
305 3059 350 3095 aes
369 3052 579 3104 carmelitarum
593 3054 701 3112 argento
716 3047 908 3096 admisceretur.
974 3042 994 3110 ²)
1010 3046 1048 3109 Of.
1067 3044 1170 3098 Sueten.

220 3116 282 3166 Ner.
297 3127 330 3168 rt.
395 3112 416 3183 Β)
431 3116 476 3166 Eae
489 3115 613 3166 Salmasii
626 3119 659 3180 ej.
676 3116 812 3180 impositum
827 3115 877 3181 (uel
891 3115 1015 3181 imposito)
1036 3116 1098 3166 cla.
1112 3116 1171 3165 edd.

220 3187 258 3252 Os.
274 3187 305 3237 L.
320 3198 354 3239 ss.
368 3189 392 3249 ξ.
407 3199 427 3238 s.
452 3187 484 3237 D.
500 3189 544 3252 gui
558 3195 653 3238 testam.
666 3188 722 3250 sacr
736 3185 784 3252 (ss.
800 3184 830 3252 t).
895 3184 996 3253 ⁰)Vid.
1013 3186 1170 3249 Zeilscltr.s.

216 3258 303 3324 perci.
319 3258 391 3310 IiW.
414 3257 477 3308 XII.
493 3274 521 3322 p.
536 3269 582 3310 seo.
607 3258 736 3306 exteriores
755 3257 887 3320 scripturae
906 3256 977 3306 fldem
996 3258 1106 3307 interiori
1119 3271 1171 3306 ser·

218 3337 274 3379 cent
289 3329 350 3379 cad.
366 3329 423 3379 edd.
477 3325 509 3395 ¹⁰)
523 3331 563 3391 ἐξ.
579 3339 646 3379 n-s.
661 3334 752 3376 estant
766 3328 842 3377 etiarn
856 3330 884 3378 irs
898 3327 930 3377 L.
941 3338 975 3379 ue.
995 3329 1035 3389 55.
1050 3339 1119 3380 't-s.
1138 3327 1171 3376 Ι).

218 3398 456 3466 ἀεροεηίε(48,19).
507 3396 538 3462 ¹¹)
555 3398 593 3462 Cf.
604 3397 636 3446 L.
648 3410 666 3448 1.
682 3400 706 3460 ξ.
716 3408 736 3448 s.
757 3397 852 3448 Ilici.
905 3393 938 3463 ¹¹)
953 3395 1067 3464 aanor
1084 3399 1173 3448 instru-

218 3479 296 3518 rnents
310 3470 419 3520 utilitatis
434 3469 469 3534 (el
479 3476 571 3533 postea
586 3467 690 3534 prodita)
708 3468 768 3519 odd.
784 3469 855 3528 edd„
874 3468 944 3534 quod
961 3483 995 3518 ere
1014 3469 1172 3518 instrumento

217 3553 240 3587 m
255 3540 303 3588 iitis
313 3541 446 3603 prodiisse
461 3540 571 3588 uidetur.
635 3561 639 3570 ·
