2678 4116
232 235 305 300 200.
528 249 590 286 cm
606 250 707 286 insum.
725 232 747 284 I.
767 237 909 286 113-115.

236 401 320 465 sunt,
336 410 391 450 non
406 386 569 467 leguntnnz¹
593 409 624 448 ac
644 408 679 448 ne
700 392 752 465 ipsi
775 390 884 464 quidem
907 391 965 446 sine
981 391 1203 452 confarreatione

239 478 421 536 sacerdotium
436 475 534 534 habere
550 485 674 550 possunt.
700 473 761 532 113.
776 475 952 549 Coemptione
968 493 1035 532 uero
1050 479 1078 534 in
1093 494 1203 538 manuni

235 564 403 620 conueniunt
426 579 475 636 per
496 561 730 634 mancipationem,
746 563 778 618 id
796 566 840 616 est
853 577 903 634 per
925 561 1056 633 quandam
1072 563 1203 638 imagina-

236 649 305 705 riam
327 647 525 716 uenditionem:
548 644 619 700 ’nam
642 644 767 702 adhibitis
789 662 845 701 non
867 649 959 701 minus
980 663 1061 720 qnam
1081 665 1107 703 n.
1125 653 1202 706 testi·

235 731 286 788 bus
299 731 403 788 ciuibus
414 730 541 788 Romanis
553 729 711 803 puberibus,
723 731 788 786 item
802 728 972 803 ’libripende
987 747 1047 786 asse
1059 733 1125 788 emit
1140 750 1203 790 eum

234 816 349 889 (medior
361 823 389 874 et
400 815 434 888 is)
446 807 611 884 mulierem,²
622 816 699 870 cuius
713 816 740 870 in
751 830 859 870 manum
870 817 1008 871 conuenit.
1033 812 1097 874 114.
1108 816 1204 876 Potest

234 911 324 958 autem
341 902 539 974 coemptionem
554 899 642 955 iacere
657 899 756 954 mulien
771 915 826 954 non
846 898 935 954 solum
951 916 1012 956 cum
1027 903 1125 958 marito
1141 919 1201 974 sno,

235 986 379 1042 sedetiam
402 992 624 1048 comestionem
649 983 753 1040 scilicet
776 991 823 1038 aut
844 984 1007 1040 matrimonii
1030 1002 1110 1042 cause
1133 987 1203 1044 iacta

235 1071 373 1144 coemptio
388 1070 498 1139 dicitur,
514 1077 561 1124 aut
572 1066 699 1140 fiduciee3
716 1083 792 1140 quae
808 1067 878 1122 enim
891 1085 952 1124 cnm
965 1069 1065 1128 marito
1076 1087 1126 1126 suo
1139 1071 1204 1128 iacit

235 1156 446 1229 coemptionem,
468 1151 521 1225 (ut)
537 1155 610 1226 apud
623 1169 685 1210 eum
701 1151 770 1208 filiae
784 1151 846 1208 loco
862 1153 909 1223 sit,
924 1152 1024 1210 dicitur
1038 1157 1202 1212 matrimonii

236 1256 317 1296 causa
332 1239 429 1296 iecisse
445 1241 659 1311 coemptionem
676 1253 744 1308 qnae
766 1252 833 1292 uero
856 1236 968 1292 alterins
988 1240 1026 1294 rei
1041 1255 1121 1294 causa
1136 1239 1202 1296 iecit

236 1325 434 1396 coemptionem
447 1332 566 1378 autcum
577 1323 637 1378 niro
652 1337 703 1378 suo
719 1330 765 1376 aut
780 1337 841 1378 cum
856 1330 995 1394 extraneo,
1011 1322 1086 1380 uelut
1099 1323 1201 1380 tutelae

237 1407 382 1464 euitandas
398 1421 488 1477 cansa,
511 1406 610 1462 dicitur
632 1404 745 1462 fiduciae
767 1422 847 1462 causa
869 1405 967 1464 iecisse
989 1409 1199 1482 coemptionem.

234 1487 296 1550 115.
313 1489 392 1558 Quod
407 1499 450 1546 est
466 1489 531 1546 tale:
547 1492 571 1546 si
587 1507 639 1564 qua
655 1491 722 1546 uelit
737 1507 807 1563 qnos
823 1489 903 1546 babet
919 1499 1025 1548 tutores
1039 1485 1203 1566 ’deponere³

236 1583 265 1634 et
286 1575 369 1632 alium
390 1575 521 1644 nancisci,
551 1574 604 1631 illis
626 1575 764 1631 tutoribus
790 1573 979 1650 (auctoribus)
1002 1579 1203 1650 coemptionem

238 1661 317 1728 iacit;
334 1659 430 1716 deinde
441 1677 456 1716 a
467 1661 699 1734 coemptionatore
714 1662 893 1734 remancipata
905 1661 938 1732 ei,
955 1663 999 1718 cui
1010 1663 1069 1735 ipsa
1082 1662 1158 1728 uelit,
1175 1671 1203 1718 et

182 1751 224 1802 30.
237 1744 270 1802 ab
291 1761 324 1800 eo
348 1741 489 1817 uindicta}
509 1746 672 1802 manumissa
693 1745 788 1819 incipit
809 1761 870 1801 eum
893 1745 990 1802 babere
1011 1753 1144 1819 tutorem,
1161 1742 1203 1822 (a)

310 1911 330 1980 1)
346 1915 484 1983 spiameatis
504 1911 683 1984 nationleignnt'
708 1913 767 1973 V⁸i;
788 1918 877 1966 littera
896 1932 910 1965 ο
930 1932 983 1980 pro
1007 1932 1018 1965 s
1039 1918 1139 1981 scriptu
1163 1919 1204 1966 oet

236 1989 304 2037 lectu
319 1989 435 2046 uidetur,
449 1989 536 2051 itaque
551 1995 610 2037 onte
625 1988 665 2052 qni
680 1991 806 2038 omissum.
867 1983 897 2054 12)
911 1986 958 2038 Sic
971 1989 1086 2052 formato
1100 1991 1204 2052 supple·

235 2065 319 2108 mento
334 2059 476 2108 omnimodo
486 2061 634 2109 necessario
644 2060 801 2123 sipnifieaoi,
816 2059 961 2116 librarium,
976 2075 1032 2108 com
1045 2075 1067 2108 o.
1079 2059 1203 2108 mulierem

235 2145 328 2180 errore
343 2129 383 2178 bis
396 2131 522 2193 scriptum
531 2137 647 2192 putaret,
660 2130 801 2179 secumdum
814 2133 896 2180 scium
915 2137 942 2178 ut
958 2132 1014 2179 sine
1029 2131 1092 2179 uitio
1106 2145 1203 2178 emurc-

235 2208 288 2250 tum
302 2201 480 2264 descripsisse.
514 2199 567 2248 Nec
586 2203 664 2249 aliter
683 2203 765 2250 locum
781 2202 973 2252 comosissimum
991 2208 1062 2250 recte
1080 2202 1204 2250 constitui

232 2287 311 2335 posse
325 2273 454 2332 emistimo,
470 2273 497 2318 im
512 2285 561 2334 quc
576 2277 659 2320 tumen
674 2287 696 2320 n.
708 2285 771 2332 asse,
786 2273 855 2336 quod
864 2279 1005 2335 praeterea
1019 2287 1032 2320 a
1047 2279 1162 2322 motatum
1176 2273 1204 2319 im

235 2341 427 2391 decemimus
447 2343 588 2398 inuenitur,
607 2341 711 2390 dubium
730 2349 775 2391 est.
811 2343 926 2392 Ceterum
946 2345 1023 2392 etiam
1041 2345 1162 2392 maritum
1176 2345 1203 2391 in

236 2413 376 2469 coemtione
385 2427 402 2460 a
412 2413 519 2460 muliere
533 2414 609 2474 quasi
618 2419 708 2462 emtum
717 2427 780 2473 esse,
794 2421 916 2464 unctores
928 2421 989 2462 sumt
998 2420 1107 2478 praeter
1121 2415 1204 2477 msam

236 2483 408 2545 coemtionem,
428 2497 503 2546 quum
517 2483 610 2531 mulier
625 2499 681 2532 cum
695 2485 788 2535 marito
804 2486 896 2548 facere
913 2485 1019 2543 dicitur,
1038 2484 1126 2534 Varro
1141 2491 1203 2534 teste

238 2553 323 2602 Nonio
338 2565 372 2614 12,
386 2564 420 2605 so.
439 2567 460 2602 s.
475 2569 498 2601 o.
520 2552 661 2612 Nocentes,
675 2553 747 2606 Sem.
763 2556 799 2604 ad
812 2555 877 2604 Aen.
892 2569 913 2618 4,
928 2567 975 2606 tos.
990 2567 1037 2606 ate.
1057 2557 1093 2604 ad
1109 2555 1202 2620 Georp.

236 2636 257 2685 1,
271 2635 305 2674 81.
325 2623 421 2674 Isidos.
437 2625 504 2688 origi.
520 2634 541 2684 t,
556 2636 590 2685 24,
604 2637 638 2676 26.
668 2625 755 2690 Neque
769 2625 852 2676 obstat
870 2629 988 2676 emtionis
1001 2641 1061 2684 oum,
1081 2642 1146 2690 quae
1161 2624 1204 2691 (ab

236 2685 305 2761 ἐμοῦ
320 2693 403 2759 dicta)
422 2694 490 2744 nitu
503 2696 577 2744 uliud
590 2698 734 2762 significat,
753 2713 828 2762 qnam
846 2699 904 2747 iure
922 2700 1010 2762 utiquo
1024 2713 1097 2748 suum
1110 2697 1203 2760 facere

236 2767 266 2814 id
279 2766 348 2830 quod
361 2767 463 2824 emitur,
477 2765 521 2816 bic
535 2781 608 2816 suum
622 2770 742 2818 maritum
756 2776 781 2818 et
791 2775 893 2832 patrem
907 2770 1035 2832 familiae,
1055 2769 1099 2832 qui
1112 2769 1164 2816 ium
1178 2773 1203 2816 et

236 2837 295 2886 dots
312 2837 375 2886 datu
390 2839 471 2887 umori
484 2839 525 2886 rei
539 2840 650 2888 ursariae
665 2841 767 2889 actione
781 2839 946 2904 obligabatur
950 2857 961 2897 ,·
975 2856 1034 2889 mam
1047 2847 1073 2888 et
1083 2839 1203 2902 familiae

235 2913 317 2956 emtor
331 2923 381 2958 non
396 2914 447 2957 tum
461 2923 594 2972 respuam
609 2911 696 2972 fictum
715 2911 797 2973 ipsam
816 2913 947 2962 testatoris
961 2925 1101 2974 personum
1115 2925 1204 2960 rerum

235 2978 365 3028 dominum
387 2986 413 3028 et
430 2994 479 3028 sna
501 2981 662 3044 superiorem
686 2983 760 3045 quasi
780 2997 853 3030 suam
869 2983 938 3047 facit
955 2981 1055 3046 sibique
1073 2982 1203 3046 adiunpit.

236 3048 430 3112 libripendaemit
445 3064 499 3099 eum
513 3051 637 3100 mulierem
658 3047 702 3099 VEt
716 3079 750 3088 -·
764 3053 898 3115 libripende
913 3053 970 3101 emit
986 3054 1010 3101 is
1023 3053 1148 3102 mulierem
1163 3051 1203 3103 ed.

235 3117 311 3168 Stud.
378 3115 399 3185 ⁸)
414 3119 460 3170 Sic
474 3121 514 3170 ed.
529 3120 603 3170 stou.
618 3137 735 3185 reponere
752 3122 778 3172 G.
793 3123 850 3172 edd.
865 3125 943 3172 etium
957 3138 1035 3172 meuc.

307 3257 333 3330 ὃ.
351 3263 410 3312 113.
428 3261 466 3324 Of.
484 3261 536 3311 Cic.
553 3264 569 3312 i.
586 3279 608 3312 c.
623 3263 655 3312 de
670 3271 736 3313 orat.
752 3276 773 3325 1,
788 3275 822 3326 66,
837 3276 883 3316 sat.
907 3263 981 3313 Sero.
992 3265 1028 3314 ud
1037 3263 1104 3314 Aen.
1118 3275 1141 3326 4,
1156 3275 1204 3316 161.

235 3343 283 3384 111.
303 3334 340 3382 ud
356 3333 449 3397 Geury.
469 3344 538 3395 1,11.
564 3333 629 3384 Non.
645 3345 679 3396 11,
694 3346 728 3386 so.
752 3333 842 3387 Boetb.
862 3337 878 3384 l.
899 3352 921 3386 c.
945 3334 1042 3386 Isidos.
1065 3333 1109 3385 Or.
1128 3345 1150 3396 s,
1169 3345 1204 3386 16.

235 3406 260 3465 ξ.
279 3415 313 3456 16.
340 3403 471 3454 adhibitis.
483 3441 507 3473 .,
519 3402 683 3472 ,libripendei
698 3427 732 3448 ==
748 3405 880 3455 hiscine.
897 3417 923 3469 6,
937 3417 971 3458 ss.
988 3422 1015 3469 p.
1033 3418 1073 3458 616
1097 3405 1205 3457 Putscb.

231 3491 260 3538 p.
276 3486 316 3526 282
335 3475 425 3524 Hertz.
503 3471 528 3544 ξ.
545 3477 604 3526 114.
626 3476 665 3539 Of.
687 3477 739 3526 Cic.
755 3492 807 3539 pro
827 3477 897 3526 Mur.
917 3488 950 3528 11.
974 3477 1065 3527 Boetk.
1083 3484 1109 3526 et
1129 3475 1204 3526 Sero.

236 3547 446 3610 6166166666.
466 3556 488 3608 e,
502 3557 536 3598 ss.
560 3547 635 3610 iufra
654 3559 737 3610 1,166.
757 3559 778 3610 a,
793 3557 840 3599 166.
908 3543 934 3616 ξ.
952 3549 1010 3598 115.
1033 3547 1071 3611 Cf.
1093 3547 1161 3597 Fest.
1182 3564 1205 3596 o.

237 3615 450 3680 Remancipatam
460 3632 489 3679 p.
505 3629 559 3674 sits
574 3618 648 3681 infra
662 3620 686 3680 ᾖ.
702 3629 749 3670 166.
