2672 4112
442 254 478 288 nn
496 254 608 290 nnernvs
626 255 704 289 umen
721 257 740 290 1.
1031 249 1071 307 35

104 382 227 452 dubium,
244 383 311 454 quin
323 381 358 450 is,
374 382 419 454 qui
431 379 550 436 liberalis
565 378 735 453 benignusne
749 381 857 452 dicitur,
873 381 1003 452 officium,
1018 400 1073 440 non

104 467 224 523 fructum
240 472 387 538 sequatur;
405 481 472 538 ergo
486 465 551 520 item
566 465 668 520 iustitia
681 465 749 520 nihil
760 467 863 538 expetit
873 468 994 538 praemii,
1006 466 1073 523 nihil

103 551 200 623 pretii:
224 565 276 622 per
300 565 329 604 se
351 549 437 622 igitur
460 549 603 621 expetitur.
635 547 782 621 eademque
805 551 924 606 omnium
939 551 1072 607 uirtutum

105 651 186 690 causa
208 640 293 704 atquc
314 633 449 688 sententia
470 640 520 686 est.
556 627 604 689 49.
626 638 707 704 atque
729 634 808 688 etiam
829 635 852 688 si
872 633 1072 705 emolumentis,

104 735 160 773 uon
175 724 276 788 suapte
294 711 347 789 (ui)
363 717 451 771 uirtus
467 716 612 788 expetitur,
630 731 682 770 una
697 717 748 772 erit
762 718 866 787 uirtus,
888 733 956 790 quae
971 717 1073 774 malitia

104 802 259 857 rectissime
275 799 397 867 dicetur;
413 807 444 854 ut
459 801 529 854 enim
545 801 659 871 quisque
675 816 796 855 maxume
811 800 843 854 ad
858 816 938 856 suum
954 817 1072 858 commo·

105 885 172 940 dum
193 883 279 940 refert
300 899 485 956 quaecumque
501 884 568 956 agit,
588 885 625 938 ita
640 885 748 938 minime
759 890 802 938 est
813 885 855 940 uir
866 883 965 956 bonus,
980 893 1012 940 ut
1027 887 1073 959 qui

106 969 239 1024 uirtutem
268 968 388 1040 praemio
412 967 575 1036 metiuntur,
598 966 699 1022 nullam
721 968 853 1022 uirtutem
873 969 926 1023 nisi
948 969 1073 1024 malitiam

105 1059 219 1125 putent:
243 1049 288 1105 ubi
311 1053 382 1106 euim
404 1048 551 1120 beneficus,
573 1052 596 1105 si
618 1066 697 1106 nemo
719 1051 829 1106 alterius
851 1067 931 1108 causa
958 1051 1073 1125 benigne
1162 1114 1170 1127 Ι

21 1159 22 1162 “
107 1135 191 1192 faciti
212 1133 259 1188 uhi
274 1143 379 1208 gratus,
396 1135 418 1189 si
433 1150 488 1189 nou
503 1149 564 1190 eum
579 1136 668 1207 ipsum
684 1143 798 1190 cernunt
813 1137 896 1208 grati,
919 1137 984 1208 quoi
1004 1136 1073 1190 refe·

20 1217 21 1222 ’
106 1225 173 1274 runt
188 1217 321 1292 gratiam?
343 1217 390 1273 ubi
405 1217 451 1273 illa
465 1225 555 1273 sancta
574 1219 702 1282 amicitia,
723 1220 746 1272 si
767 1235 822 1273 uon
839 1219 896 1291 ipse
911 1219 1011 1274 amicus
1025 1234 1075 1292 per

107 1318 138 1358 se
160 1309 266 1356 amatur
287 1309 347 1356 toto
369 1309 491 1374 pectore,
515 1309 546 1356 ut
568 1301 682 1357 dicitur?
704 1303 750 1374 qui
771 1303 850 1358 etiam
865 1301 1031 1358 deserendus
1047 1309 1074 1358 et

20 1429 28 1448 .
109 1384 268 1442 abiciendus
289 1392 330 1440 est
350 1384 499 1457 desperatis
521 1385 709 1440 emolumentis
734 1391 761 1439 et
775 1385 923 1441 fructibus:
939 1402 993 1459 quo
1010 1386 1074 1459 quid

108 1475 208 1542 potest
223 1467 275 1523 dici
288 1469 445 1523 immanius?
468 1468 541 1540 quod
556 1470 579 1524 si
594 1469 707 1524 amicitia
723 1485 814 1541 perse
830 1468 943 1526 colenda
960 1477 1013 1540 est,
1029 1486 1073 1525 so·

107 1553 196 1608 cletas
218 1567 326 1623 quoque
346 1552 483 1607 homiuum
503 1559 530 1606 et
552 1552 699 1625 aequalitas
720 1561 746 1607 et
766 1553 869 1609 iustitia
883 1569 933 1626 per
947 1570 976 1609 se
992 1569 1072 1626 expe·

20 1695 21 1706 ,
109 1635 204 1692 tenda:
226 1634 299 1706 quod
319 1636 347 1690 ni
361 1636 400 1690 ita
415 1643 467 1706 est,
490 1637 600 1690 omrrino
615 1636 718 1691 iustitia
733 1635 806 1692 nulla
823 1644 880 1705 est;
902 1636 928 1692 id
948 1639 1018 1692 enim
1033 1639 1074 1692 in·

107 1719 288 1776 iustissimum
303 1721 392 1791 ipsum
407 1727 460 1790 est,
474 1719 591 1774 iustitiae
605 1719 755 1775 mercedem
770 1736 907 1792 quaerere.
934 1721 998 1776 lllll.
1025 1716 1073 1778 50.

109 1803 174 1876 quid
189 1817 256 1858 uero
272 1801 306 1858 de
320 1802 460 1872 modestia,
478 1801 543 1874 quid
559 1801 592 1857 dc
606 1805 794 1875 temperantia,
810 1803 919 1876 quidde
931 1806 1073 1860 continen-

110 1888 155 1957 tia,
178 1886 245 1959 quid
267 1885 301 1940 de
323 1887 494 1957 uerecundia,
516 1886 620 1959 pudore
642 1886 824 1959 pudicitiaque
847 1887 988 1942 dicemus?
1007 1887 1073 1942 infa-

20 1965 21 1968 ’
108 1973 213 2026 miaeue
227 1977 303 2038 metu
317 1985 374 2025 non
389 1986 448 2026 esse
463 1969 611 2042 petulantis
627 1986 659 2024 an
674 1970 765 2042 legum
786 1977 813 2024 et
832 1969 1012 2024 iudiciorum?
1033 1971 1073 2026 in·

110 2061 241 2110 nocentes
256 2069 324 2127 ergo
340 2062 369 2108 ct
382 2054 528 2110 uerecundi
544 2060 618 2124 suut,
634 2060 665 2108 ut
679 2051 747 2108 bene
763 2052 880 2122 audiant,
896 2061 924 2108 et
939 2061 970 2108 ut
983 2069 1073 2110 rumo-

110 2154 170 2193 rem
183 2137 283 2192 bonum
298 2137 443 2210 colligant,
460 2136 639 2206 erubescunt,
659 2136 743 2208 pudet
764 2137 843 2191 etiam
858 2135 934 2208 loqui
949 2135 981 2191 de
996 2136 1073 2210 pudi-

110 2223 187 2277 citia:
201 2229 230 2276 at
244 2237 287 2277 me
302 2221 417 2278 istorum
435 2221 658 2294 philosophorum
674 2219 770 2293 pudet,
786 2223 832 2292 qui
848 2219 932 2274 ullum
947 2220 1074 2276 iudicium

110 2307 190 2361 uitari
213 2305 266 2359 nisi
287 2307 354 2361 uitio
375 2307 437 2379 ipso
458 2306 544 2361 uitato
563 2300 683 2378 putant¹
717 2299 760 2360 51.
782 2303 846 2376 quid
867 2304 956 2359 enim?
976 2321 1074 2378 possu-

111 2405 244 2458 muscos,
260 2389 307 2460 qui
322 2406 338 2444 a
352 2395 449 2462 stupro
464 2395 591 2444 arcentur
605 2387 729 2444 infamiae
744 2395 828 2458 metu,
844 2387 957 2462 pudicos
973 2388 1072 2452 dicere,

111 2488 197 2544 quom
211 2473 266 2544 ipsa
281 2472 389 2528 infamia
404 2480 518 2546 propter
531 2473 570 2527 rei
585 2471 782 2544 turpitudinem
797 2473 997 2543 consequatur?
1012 2488 1073 2528 nam

111 2555 180 2627 quid
200 2563 244 2610 aut
264 2555 366 2612 laudari
387 2558 441 2612 rite
460 2563 506 2610 aut
526 2557 674 2628 uituperari
695 2562 796 2628 potest,
819 2556 843 2610 si
859 2555 890 2610 ab
906 2557 964 2611 eius
979 2562 1073 2612 natura

109 2640 266 2710 recesseris,
289 2639 362 2712 quod
385 2647 431 2695 aut
452 2638 614 2695 laudandum
633 2647 680 2694 aut
701 2638 906 2711 uituperandum
922 2639 1018 2712 putes?
1041 2656 1073 2694 an

110 2725 235 2798 corporis
256 2725 422 2797 prauitates,
450 2724 473 2779 si
496 2731 577 2779 eruut
597 2723 785 2797 perinsignes‚
814 2720 952 2777 habebunt
974 2722 1074 2795 aliquid

111 2806 280 2878 offensionis,
301 2808 382 2863 animi
396 2805 553 2863 deformitas
568 2822 624 2862 non
639 2805 756 2873 habebit,
780 2806 856 2860 cuius
879 2806 1019 2878 turpitudo
1041 2823 1073 2861 es

109 2892 176 2964 ipsis
191 2891 267 2946 uitiis
282 2891 407 2946 facillime
422 2891 524 2964 percipi
539 2890 650 2963 potest?
673 2888 737 2962 quid
753 2890 823 2944 enim
835 2888 941 2944 foedius
953 2891 1072 2952 auaritia,

110 2975 175 3048 quid
194 2976 330 3030 inmanius
348 2974 467 3045 libidine,
490 2973 553 3046 quid
573 2974 755 3046 contemptius
776 2972 928 3043 timiditate,
949 2973 1013 3046 quid
1029 2971 1073 3027 ab·

109 3059 207 3116 iectius
225 3057 351 3114 tarditate
366 3067 394 3114 et
412 3058 528 3114 stultitia
550 3057 601 3113 dici
624 3057 734 3131 potest?
757 3056 820 3128 quid
843 3057 926 3130 ergo?
948 3073 1005 3126 eos,
1028 3059 1074 3130 qui

110 3143 229 3217 siugulis
245 3143 320 3198 uitiis
335 3142 472 3198 excellunt
486 3149 532 3197 aut
547 3143 625 3197 etiam
641 3139 773 3214 pluribus,
790 3148 903 3214 propter
918 3139 1011 3196 damna
1027 3149 1074 3195 aut

110 3227 272 3283 detrimenta
284 3233 330 3281 aut
341 3228 476 3282 cruciatus
488 3225 593 3297 aliquos
605 3226 718 3280 miseros
731 3240 790 3279 esse
802 3223 913 3280 dicimus
921 3239 953 3278 au
961 3233 1074 3298 propter

184 3423 204 3482 ¹)
225 3425 266 3488 qui
285 3424 354 3490 illum
365 3423 441 3489 (illum
455 3421 491 3488 B)
509 3423 623 3472 iudicium
641 3423 718 3471 uitare
732 3422 779 3471 nisi
793 3422 851 3472 uitio
865 3422 918 3486 ipso
932 3427 1023 3468 mutatu
1037 3417 1073 3484 (Α

112 3504 220 3546 rutatum
234 3502 371 3552 commut
385 3493 420 3559 B)
433 3501 517 3558 putant
526 3492 577 3541 AB
589 3494 629 3556 qui
638 3495 760 3542 neminem
769 3493 841 3542 ullum
852 3491 964 3540 iudicium
974 3489 1073 3538 multare

113 3566 158 3616 uisi
172 3567 234 3616 uitio
248 3567 303 3629 ipso
317 3562 422 3614 notatum
436 3571 520 3628 putant
529 3564 567 3613 ed.
580 3564 610 3612 V.

826 3646 863 3699 3*
