2672 4112
235 243 276 302 20
578 249 605 283 Μ.
624 247 734 284 ‘eveum
753 246 853 282 moeno.

295 371 324 432 3.
347 374 385 431 Α.
411 375 471 431 Nou
491 373 584 430 dubito
604 373 630 429 id
652 372 774 447 quidem3
796 373 844 429 sed
865 373 931 429 haec
951 374 999 428 iam
1016 368 1092 448 (non)
1109 389 1141 429 ex
1156 381 1193 444 te,

233 459 341 530 Quinte,
358 474 469 532 quaero,
490 474 585 513 uerum
601 473 633 512 en
647 458 707 529 ipso
722 461 811 528 poeta,
828 458 902 512 tuine
918 473 1013 512 uersus
1029 457 1097 512 hauc
1112 473 1194 530 qucr-

233 559 294 600 cum
309 543 440 614 seuerint,
456 559 489 597 au
503 543 540 596 ita
554 541 655 610 factum
670 539 702 595 de
718 538 809 610 llario,
826 548 856 595 ut
871 540 976 610 scribis,
992 541 1136 612 acceperis.

295 625 428 682 Murcus,
456 623 636 698 Respondebo
654 621 708 678 'ubi
730 623 863 696 equidem,
885 623 933 679 sed
955 639 1011 678 non
1032 632 1093 678 ante
1116 641 1194 696 quarn
1236 687 1243 701 Ι
1334 651 1335 678 t

233 710 297 766 mihi
307 717 339 764 tu
353 711 411 782 ipse
422 707 605 782 responderis,
623 707 720 778 Attice,
737 715 829 762 certeu
842 701 917 778 (non)
928 707 1038 780 longua
1054 707 1109 762 tuis
1124 707 1195 763 aedi·

232 792 283 848 hus
306 791 472 848 inambulans
493 799 557 866 post
578 806 716 847 excessum
738 807 816 846 suum
838 789 968 846 Romulus
989 789 1104 846 Proculo
1127 790 1195 846 lulio

232 875 329 931 dixerit
351 892 380 931 se
391 867 480 933 ¹deum
500 890 561 931 esse
576 883 604 930 et
619 873 758 941 Quirinum
773 875 865 930 uocari
880 874 1065 948 templumque
1083 874 1134 930 sibi
1149 874 1195 930 de·

233 959 316 1016 dicari
331 959 358 1014 in
373 975 405 1014 eo
421 959 482 1016 loco
499 959 619 1028 iusserit,
635 965 663 1013 et
677 973 807 1014 uerumne
819 960 864 1029 sit,
880 967 911 1014 ut
923 959 1033 1014 Athenis
1045 973 1101 1014 non
1112 957 1196 1030 louge

231 1043 296 1099 item
317 1049 393 1098 atua
408 1043 452 1098 ille
474 1043 582 1114 antiqua
602 1041 682 1098 domo
699 1041 846 1115 Orithyiam
862 1041 958 1116 Aquilo
979 1041 1136 1110 sustulerim
1156 1043 1196 1096 sic

233 1127 304 1181 euim
320 1135 361 1181 est
377 1126 513 1182 traditum.

294 1207 325 1266 4.
349 1209 383 1265 Α.
406 1209 541 1276 Quorsum
556 1208 663 1264 tandem
679 1217 725 1264 aut
740 1225 788 1264 cur
802 1210 838 1264 ita
853 1209 978 1281 quaeris?

295 1291 337 1348 M.
360 1293 430 1348 Nihil
445 1309 521 1365 saue,
536 1294 588 1348 nisi
599 1309 633 1347 ne
645 1293 722 1347 nimis
734 1292 879 1366 diligenter
890 1292 1010 1365 inquiras
1027 1293 1055 1348 in
1068 1308 1108 1363 ea,
1126 1307 1195 1366 quae

234 1379 288 1432 istu
305 1375 386 1432 modo
402 1377 545 1432 memoriae
560 1377 614 1432 sint
630 1375 746 1449 prodita.

295 1460 330 1515 Α.
354 1461 437 1532 Atqui
452 1459 535 1514 multa
555 1468 720 1532 quaeruntur
735 1461 763 1515 in
778 1459 868 1528 Mario,
894 1457 989 1515 fictane
1004 1475 1037 1514 an
1052 1474 1116 1516 uera
1130 1459 1195 1527 sint,

234 1551 261 1598 et
276 1559 291 1597 a
305 1558 361 1598 non
375 1541 466 1612 nullis,
490 1542 562 1615 quod
583 1551 611 1598 et
625 1545 653 1598 in
667 1546 769 1598 recenti
784 1543 910 1598 memoria
926 1544 994 1598 etin
1010 1543 1131 1615 Arpinati
1146 1541 1195 1598 ho·

234 1628 306 1682 mine
321 1641 440 1697 uersere,
457 1627 557 1684 uetitas
573 1643 588 1680 a
604 1634 632 1680 te
645 1626 809 1698 postulatur.

296 1709 336 1769 M.
361 1707 394 1764 lit
416 1725 458 1764 me
480 1709 590 1766 hercule
613 1725 665 1782 ego
689 1725 730 1764 me
753 1711 832 1782 cupio
854 1726 909 1764 non
926 1709 1079 1776 mendacem
1094 1709 1195 1781 putari,

233 1792 281 1847 sed
297 1800 386 1848 tamen
403 1789 479 1864 (non)
496 1793 563 1848 nulli
578 1793 638 1863 isti,
661 1792 720 1847 Tite
736 1802 845 1864 noster,
866 1793 966 1848 iaciunt
987 1793 1124 1865 imperite,
1148 1795 1196 1864 qui

233 1878 260 1931 iu
275 1879 329 1934 isto
344 1876 465 1949 periculo
480 1891 537 1934 nou
552 1884 583 1930 ut
596 1873 635 1949 (a)
652 1881 747 1949 poeta,
768 1877 815 1932 sed
831 1884 861 1932 ut
875 1884 976 1932 ateste
991 1876 1132 1932 ueritatem
1148 1891 1195 1930 ex-

232 1961 323 2032 igant3
339 1975 389 2016 nec
404 1959 508 2032 dubito,
525 1961 590 2032 quin
601 1959 670 2016 idem
682 1968 710 2016 et
721 1975 782 2016 cum
793 1959 888 2033 Egeria
898 1959 1071 2015 conlocutum
1082 1957 1195 2014 Numam

233 2050 260 2098 ct
276 2042 307 2098 ab
322 2044 410 2116 aquila
425 2043 570 2116 Tarquinio
586 2045 688 2118 apicem
702 2045 848 2116 inpositum
863 2051 970 2116 putent.

295 2123 322 2185 5.
345 2126 377 2193 Q.
399 2126 532 2199 Intellego
547 2136 586 2196 te,
602 2127 693 2194 irater,
709 2127 772 2182 alias
786 2129 813 2182 in
828 2127 942 2182 historia
956 2127 1032 2198 leges
1048 2125 1196 2182 obseruan-

233 2210 279 2264 das
294 2220 400 2282 putare,
417 2209 480 2264 alias
495 2212 523 2264 in
538 2216 671 2282 poemate.

296 2292 338 2349 M.
362 2291 466 2364 Quippe
481 2309 542 2349 cum
556 2294 584 2348 in
600 2292 644 2348 illa
661 2287 774 2369 (omniu)
790 2293 986 2363 munitatem,
1001 2289 1109 2362 Quinte,
1125 2291 1198 2348 rele-

233 2383 337 2451 rautur,
352 2376 380 2430 in
395 2375 448 2431 hoc
463 2375 495 2430 ad
511 2375 717 2432 delectationem
732 2377 872 2449 pleraque:
896 2391 1057 2449 quamquam
1076 2383 1104 2430 et
1124 2376 1197 2448 apud

234 2458 412 2528 Herodotum,
429 2467 532 2530 patrem
547 2459 686 2527 historiae,
703 2467 731 2515 et
745 2459 815 2534 apud
826 2460 1029 2532 'lineopompum
1040 2467 1105 2514 sunt
1116 2461 1197 2516 inuu-

233 2541 373 2597 merabiles
389 2541 503 2598 fabulae.
675 2606 677 2609 ¹

296 2624 338 2680 ll.
351 2625 384 2682 Α.
408 2624 499 2680 Teneo
515 2641 592 2699 quam
609 2627 731 2699 optabam
748 2627 914 2682 occasionem
930 2642 1018 2698 neque
1034 2627 1166 2687 omittam.

296 2707 336 2768 M.
360 2706 445 2774 Quam
459 2709 577 2781 taudem,
592 2709 669 2766 Tite?

297 2793 332 2846 Α.
355 2791 513 2848 Postulatur
528 2810 543 2849 a
558 2795 651 2849 teiam
666 2793 712 2849 diu
733 2793 778 2848 uel
800 2792 936 2864 flagitatur
957 2793 1049 2865 potius
1064 2793 1196 2858 historia3

234 2876 273 2930 sic
288 2876 357 2930 enim
372 2883 476 2947 putant,
492 2884 520 2932 te
534 2875 606 2932 illam
622 2884 754 2932 tractante
769 2874 839 2931 ellici
853 2891 942 2948 posse,
959 2877 1031 2930 utin
1047 2877 1100 2931 hoc
1114 2878 1198 2932 etiam

234 2973 334 3030 genere
350 2957 474 3015 Graeciae
489 2961 555 3016 nihil
571 2959 707 3015 cedamus.
737 2967 818 3031 atque
834 2967 864 3014 ut
879 2957 978 3030 audias,
995 2958 1058 3032 quid
1072 2975 1125 3030 ego
1136 2961 1198 3033 ipse

234 3041 357 3111 sentiam,
374 3058 430 3098 non
445 3043 532 3098 solum
548 3044 613 3098 mihi
628 3042 728 3098 uideris
744 3057 839 3096 eorum
853 3041 960 3112 studiis,
976 3042 1022 3114 qui
1036 3042 1137 3099 litteris
1149 3043 1198 3099 de·

233 3124 377 3200 lectantur,
399 3126 446 3182 sed
468 3129 548 3182 etiam
568 3127 669 3200 patriae
690 3124 788 3180 dehere
807 3124 859 3180 huc
879 3140 990 3196 munus,
1010 3132 1042 3180 ut
1062 3143 1102 3196 ea,
1127 3143 1198 3200 quae

233 3206 310 3262 salua
324 3225 373 3280 per
388 3218 416 3265 te
431 3217 482 3280 est,
497 3227 547 3283 per
563 3219 590 3264 te
605 3207 720 3262 cundem
735 3209 771 3262 sit
783 3215 895 3274 ornata;
911 3206 986 3263 alrest
998 3210 1068 3264 enim
1080 3210 1212 3266 historia·

231 3291 331 3346 litteris
352 3295 465 3365 nostris,
489 3301 519 3348 ut
541 3299 569 3348 et
590 3292 649 3362 ipse
670 3289 800 3362 intellego
820 3298 847 3345 et
869 3307 901 3345 eu
916 3299 943 3345 te
958 3307 1088 3366 persaepe
1104 3293 1197 3350 audio.

231 3382 312 3447 potes
324 3384 413 3432 autem
424 3383 455 3430 tu
465 3376 589 3448 proiecto
601 3373 666 3427 satis
678 3372 765 3428 iacere
776 3375 803 3428 in
815 3389 855 3442 ea,
871 3375 971 3447 quippe
988 3391 1048 3430 cum
1065 3378 1102 3432 sit
1114 3394 1198 3450 opus,

234 3466 263 3513 ut
287 3459 335 3514 tihi
358 3459 465 3532 quidem
488 3456 574 3512 uideri
597 3455 682 3527 solet,
711 3471 793 3510 unum
821 3456 874 3511 hoc
902 3459 1049 3512 oratorium
1072 3463 1197 3518 maxime.

232 3536 259 3597 6.
283 3557 362 3612 quarn
378 3541 484 3597 obrem
500 3537 658 3611 adgredere,
680 3555 851 3611 quaesumus,
871 3547 899 3594 et
913 3556 989 3595 sume
1004 3541 1037 3596 ad
1053 3543 1123 3599 hanc
1138 3561 1200 3602 rem
