2678 4116
230 203 291 269 180
530 217 592 253 asu
610 218 710 256 msere.
728 199 749 252 I.
768 199 892 252 tub-34.

231 360 269 438 (et
283 365 319 419 da
337 357 343 438 Ι
361 365 423 434 filia
439 351 609 438 annicula)¹
629 358 699 414 diota
722 358 923 432 intellegemus.
952 350 1016 414 82¹³.
1032 359 1196 415 Praeterea

230 464 270 505 ea
283 451 346 521 iope
370 447 485 503 Visellio
507 452 565 501 tam
580 448 705 500 maiores
725 459 812 516 quam
832 445 957 498 minares
970 449 1041 492 xxx
1053 461 1198 500 annorum
1260 504 1263 508 ,

229 535 396 589 manumissi
418 537 445 587 ei
465 529 563 586 Latini
585 529 663 601 faeti
680 531 726 586 ius
750 527 901 595 Quiritium
922 519 1149 600 adipiscuntur‚²
1170 528 1198 583 id

231 625 275 673 est
289 614 359 672 fiunt
373 617 448 672 uiues
463 614 584 683 Romani,
608 614 632 668 si
646 613 746 669 Romae
767 615 839 668 inter
854 611 952 684 uigiles
973 628 1021 668 sex
1036 615 1113 668 annis
1128 613 1198 668 mili·

231 702 362 757 tauerint.
395 707 490 774 postea
512 697 612 755 dieitur
631 697 812 752 laetum-esse
827 705 936 752 senatus
951 696 1119 768 consultum,
1142 713 1197 770 quo

233 785 295 841 deta
309 795 352 842 est
366 785 421 840 illis
435 784 530 840 ciuitas
546 783 674 853 Romana,
690 785 713 837 si
731 783 877 837 triennium
891 780 1001 838 militiae
1016 781 1196 856 expleuerint.
1208 791 1262 844 110⁹}

231 864 294 926 82⁰.
309 869 376 926 ltem
391 869 480 924 edicto
496 859 596 946 (diui)³
611 865 717 922 Claudii
728 865 815 922 Latini
830 867 872 920 ius
888 863 1034 932 Quiritium
1048 881 1199 922 consecun-

233 963 288 1026 tur,
304 954 328 1008 si
342 969 439 1009 nauem
454 954 583 1008 marinum
606 949 827 1021 aedifioauerint‚
851 966 921 1024 quae
943 967 999 1006 non
1014 951 1103 1006 minus
1119 967 1199 1024 quum

196 1094 201 1106 ,
232 1039 325 1094 decem
340 1038 413 1093 milia
429 1037 583 1094 modiorum
596 1035 737 1109 frumeuti
752 1036 855 1109 capiat,
878 1051 962 1108 eaque
977 1037 1055 1090 nauis
1071 1035 1116 1091 uel
1132 1050 1200 1108 quae

232 1124 260 1178 in
283 1123 342 1178 aius
364 1122 456 1179 locum
481 1120 629 1177 substituta
651 1123 703 1190 sit,
726 1137 782 1177 sea
804 1121 882 1174 annis
904 1120 1070 1176 frumentum
1089 1120 1201 1176 Romam

232 1208 394 1281 portauerit.
427 1203 478 1263 38.
494 1206 635 1262 Praeterea
650 1225 669 1262 a
685 1206 808 1272 Nereine
824 1207 1004 1260 constitutum
1024 1211 1067 1260 est
1082 1197 1200 1272 ediato⁴‚

233 1300 275 1362 ut,
291 1291 314 1346 si
329 1291 449 1353 latinus,
467 1292 514 1364 qui
530 1290 721 1364 patrimonium
737 1290 892 1345 sestertium
905 1289 1057 1347 camillum
1076 1287 1199 1362 plurisue

233 1374 354 1445 habebit,
377 1377 404 1430 in
426 1374 493 1430 urbe
516 1374 599 1430 lloma
621 1374 733 1431 domum
755 1371 952 1444 aedificamen,
975 1376 1002 1429 in
1025 1366 1123 1447 quam5
1143 1389 1200 1428 non

234 1461 323 1514 minus
339 1473 422 1532 quam
437 1467 540 1532 partem
563 1459 699 1514 dimidiam
721 1458 882 1533 patrimonii
900 1460 943 1513 sui
964 1459 1136 1532 impenderit,
1158 1459 1202 1512 ius

235 1544 377 1611 Quiritium
400 1553 593 1616 consequatur.
632 1541 680 1603 8⁴2
697 1543 816 1617 lienique
839 1535 968 1618 (diuus)³
990 1543 1120 1600 Traianus
1138 1559 1203 1598 eon·

309 1674 329 1742 ¹)
349 1677 394 1726 Ea
412 1677 502 1741 Suppl.
522 1677 558 1729 St.
577 1679 617 1728 ed.
636 1691 656 1729 2.
672 1695 700 1742 p.
720 1677 801 1728 XXI.
840 1677 955 1728 Ceterum
979 1680 1006 1727 in
1025 1695 1047 1726 o.
1068 1689 1135 1728 1-5.
1150 1678 1202 1725 iam

236 1749 295 1798 edd.
312 1751 397 1811 prior.
416 1751 567 1799 sententiam
581 1751 756 1814 perfeceram.
794 1749 855 1798 ciuis
879 1749 991 1799 Romana
1010 1776 1044 1786 -
1064 1749 1115 1813 ipse
1139 1748 1203 1796 lilius

236 1820 307 1869 cuius
322 1847 355 1856 —
371 1820 443 1870 debet
457 1835 553 1870 eausam
567 1822 679 1885 prebere,
693 1827 720 1870 ut
732 1820 790 1870 edd.
806 1847 838 1855 -
858 1817 929 1879 Quae
940 1828 1083 1885 sequuntur
1097 1821 1136 1882 ἐξ.
1151 1813 1202 1869 sib.

235 1894 282 1943 ⁸2⁰.
297 1901 331 1943 so.
346 1903 380 1942 oa.
395 1893 432 1942 ad
445 1907 524 1956 usque
535 1893 613 1956 finem
622 1905 674 1956 pe
694 1892 724 1941 V.
735 1905 854 1957 mapnum
863 1907 898 1940 ex
912 1889 957 1940 Vsu
970 1898 1130 1957 aupmentum
1143 1905 1203 1940 sen·

235 1978 303 2022 sere,
318 1965 387 2028 quod
400 1963 510 2014 abiectis
524 1965 566 2022 iis,
586 1979 651 2029 quae
671 1966 699 2014 in
715 1963 773 2013 edd.
790 1975 809 2013 1.
825 1974 845 2012 i.
861 1972 1014 2014 aomaoentus
1028 1979 1108 2024 eram,
1127 1963 1205 2011 etiam

237 2050 294 2084 aum
303 2035 524 2085 emendationibus
533 2034 647 2094 Studdi,
653 2035 749 2100 paucis
759 2041 866 2093 tantum,
877 2051 942 2099 quae
952 2036 1076 2095 indicaui,
1087 2034 1205 2096 exeeptis

237 2107 276 2154 ael
290 2109 403 2165 mutatis,
418 2107 480 2156 leuia
494 2107 533 2156 ed.
552 2102 598 2174 [4.]
614 2108 722 2156 inserui.
797 2100 817 2169 ²)
831 2105 907 2156 Haeo
926 2107 962 2156 ad
978 2106 1130 2156 sententiam
1149 2106 1205 2168 ipse

236 2179 361 2240 supplevi.
419 2173 441 2242 8)
456 2175 564 2226 Addidi.
621 2174 644 2242 ⁴)
659 2177 691 2225 In
711 2173 756 2226 V·t
774 2183 888 2226 natatum
906 2177 991 2240 fuisse
1007 2183 1070 2241 puto
1086 2191 1140 2238 oon,
1154 2183 1205 2224 tum

237 2255 262 2296 et
276 2255 320 2296 est.
351 2247 500 2297 Odsellenus
518 2248 619 2311 quidem
634 2249 736 2297 initium
751 2249 830 2297 liuius
843 2249 880 2310 §.i
893 2250 930 2298 ita
944 2247 1131 2298 restituendum
1146 2261 1204 2296 aen·

237 2319 305 2366 suit:
320 2315 391 2383 ‘ispe
405 2318 477 2366 Iulia
491 2325 595 2368 cautum
608 2325 654 2376 est,
669 2326 698 2368 ut
707 2319 828 2379 Latinus,
842 2321 867 2368 si
881 2321 908 2368 ia
919 2319 1081 2383 perficiendo
1096 2317 1205 2367 uedillaio

239 2387 335 2437 Romae
349 2403 397 2437 non
411 2386 501 2437 minus’
517 2396 565 2438 ete.
580 2404 616 2438 em
629 2389 661 2438 I1.
672 2401 719 2441 me.
735 2392 768 2442 D.
779 2391 810 2440 de
822 2389 890 2440 verb.
900 2391 990 2456 sipnis.
1002 2389 1074 2455 (Ulp.
1085 2388 1128 2438 lib.
1140 2402 1160 2441 τ.
1171 2389 1208 2438 ad

238 2461 255 2507 l.
266 2457 317 2507 Iul.
327 2465 353 2508 et
363 2459 449 2524 Pap).
476 2459 567 2509 Cetera
577 2467 638 2510 tuna
648 2463 768 2526 eprepie;
781 2463 828 2512 sed
837 2463 869 2511 de
883 2464 938 2527 lepe
949 2461 1019 2510 Iulia
1029 2477 1077 2511 nea
1087 2467 1205 2524 apparet,

238 2544 290 2594 qua
304 2531 406 2579 ratione
421 2545 452 2578 ea
462 2530 494 2579 de
508 2529 556 2580 liae
567 2530 723 2581 Latinorum
733 2533 864 2596 beneflcio,
880 2535 924 2598 qui
937 2539 989 2582 tum
999 2533 1111 2582 nondum
1121 2538 1206 2593 erant,

148 2625 152 2635 ·
239 2601 375 2665 quiequam
385 2608 488 2650 cautum
498 2616 552 2650 esse
558 2604 683 2665 potuerit,
694 2611 719 2652 et
728 2604 759 2652 L.
771 2616 805 2656 64.
821 2605 853 2652 D.
864 2607 911 2654 sal.
922 2611 996 2652 matr.
1008 2602 1052 2668 (24,
1063 2599 1086 2668 u)
1096 2603 1207 2651 manime

239 2673 263 2733 ἕ.
279 2683 299 2723 t.
314 2672 434 2730 ostendit,
455 2673 519 2736 quid
537 2674 564 2720 in
583 2689 664 2722 eausa
675 2675 768 2738 fuerit,
788 2682 816 2724 ut
834 2672 960 2738 Ulpianus
978 2675 1027 2725 loa
1046 2673 1112 2723 libro
1126 2673 1159 2721 de
1174 2675 1207 2721 li-

240 2742 321 2791 bertis
335 2741 465 2792 dotalibus
475 2743 581 2792 Latinis
595 2747 635 2793 uel
646 2746 720 2808 faeta
735 2747 825 2795 mariti
835 2748 875 2794 ael
883 2761 930 2795 suo
944 2747 1003 2794 iure
1017 2746 1145 2795 ciuitatem
1158 2745 1206 2792 aci-

240 2814 307 2876 eptis
320 2820 469 2876 exponeret.
503 2813 648 2864 Praeterea
662 2833 719 2866 eum
736 2816 816 2866 Gaius
831 2818 948 2866 ordinem
968 2817 1091 2880 temporie
1103 2821 1209 2865 secutus

239 2899 296 2934 esse
311 2884 438 2944 uideatur,
461 2900 512 2935 non
527 2885 624 2945 dubita,
643 2903 678 2937 eae
696 2887 777 2937 Tacit.
793 2887 826 2937 A.
842 2898 876 2949 15,
890 2899 924 2938 4³.
940 2889 976 2937 ad
989 2901 1013 2936 a.
1029 2898 1062 2938 so.
1093 2883 1209 2935 ‘addidit

235 2956 356 3019 praemia
362 2971 414 3020 pro
425 2958 548 3021 cuiusque
556 2958 649 3007 ordine
660 2967 685 3008 et
694 2961 735 3008 rei
742 2960 887 3023 familiaris
898 2955 991 3022 copiis’
1003 2957 1116 3008 Neronis
1123 2959 1208 3006 edicto

239 3026 289 3076 ltoa
309 3025 457 3090 beneficium
475 3028 635 3078 adscribere.
661 3029 726 3079 Nam
748 3029 926 3094 Vespasianus
944 3032 998 3080 alia
1012 3029 1111 3080 sanxit.
1137 3027 1207 3078 Suet.

246 3097 323 3160 Vesp.
333 3109 354 3149 a.
373 3098 434 3148 Leaa
445 3097 517 3148 Ilua.
527 3099 591 3149 Mal.
599 3111 633 3150 oi.
652 3099 706 3150 Sed
714 3107 740 3150 et
748 3108 854 3150 senatus
864 3117 910 3151 nee
924 3099 1030 3151 Tacitus
1039 3101 1152 3149 meminit
1162 3114 1209 3148 aee

240 3170 297 3218 eius
303 3176 395 3232 partes
404 3171 432 3218 in
439 3183 469 3219 re
477 3173 532 3236 lepe
541 3187 593 3221 non
604 3174 743 3221 constituta
750 3172 867 3222 solebant
874 3187 937 3223 esse.
972 3167 993 3237 ⁵)
1003 3185 1049 3236 quo
1063 3166 1164 3234 V⁸¹qua
1175 3171 1207 3233 ej.

240 3238 314 3288 Stud.
338 3239 393 3289 Sed
404 3241 485 3291 Gaius
494 3241 583 3292 dicere
592 3243 658 3291 solet
667 3243 814 3306 impendere
822 3245 849 3292 in
857 3243 966 3308 aliquid.
978 3241 1027 3292 Kr.
1035 3243 1075 3292 ed.
1084 3255 1105 3293 2.
1116 3249 1145 3290 ut
1153 3256 1209 3291 nos.

297 3361 387 3433 §.dili
400 3367 439 3429 Cf.
450 3364 600 3429 Ulpud-
609 3363 1030 3419 Orelli-HenzenInsar.III.oifii.
1088 3367 1158 3417 ΜΟ.
1171 3365 1209 3429 Of.

248 3435 304 3499 Ulp.
315 3448 336 3496 o,
346 3449 367 3488 o.
386 3435 457 3485 Suet.
468 3436 558 3485 Claud.
568 3448 601 3487 ιε.
620 3434 747 3488 Scaeuola
758 3438 782 3487 L
791 3451 811 3490 3.
831 3438 864 3488 D.
873 3440 905 3488 de
914 3445 997 3488 uasat.
1007 3436 1074 3503 (omo
1088 3474 1093 3486 .
1115 3436 1179 3487 Noa.
1190 3447 1209 3487 8.

247 3504 371 3557 Theudae.
382 3506 420 3555 II.
462 3502 487 3574 fi.
500 3508 542 3556 33.
555 3506 593 3568 Cf.
604 3506 659 3571 Uip.
670 3521 692 3569 o,
703 3521 722 3561 1.
738 3509 770 3558 L.
781 3521 828 3561 roo.
844 3510 876 3558 D.
883 3511 914 3559 de
920 3509 1062 3574 aerisipn.
1074 3507 1118 3573 (oo,
1125 3506 1209 3573 16).—

247 3575 539 3634 reassumendum.
553 3577 629 3642 Vesp.
640 3592 660 3632 s.
698 3576 724 3647 §-
733 3583 775 3631 oi.
789 3581 827 3644 Of.
840 3579 896 3644 Uip.
906 3593 927 3638 s,
938 3595 958 3631 1.
975 3580 1019 3630 Pr.
1035 3579 1211 3631 Vennenses.
