2680 4112
255 251 313 309 116
604 257 626 293 c.
645 256 740 292 nrnrvs
758 255 859 292 oarrro.

253 387 346 442 Ateius
360 387 388 441 in
404 385 596 442 commentario
612 383 645 438 sle
660 381 763 440 iudiciis
775 381 889 456 puhlicis
900 381 972 438 hello
984 381 1101 438 Poenico
1112 383 1211 456 primo,

253 467 333 525 l‘altio
355 467 447 526 Licino
470 478 498 525 et
521 466 632 524 Otacilio
655 466 751 522 Crasso
774 465 939 530 consulibus.
962 495 1000 506 --
1022 465 1090 522 Gell.
1114 467 1164 538 10,
1182 467 1210 528 6.

316 633 346 694 3.
369 636 422 692 Sed
450 635 523 710 quod
549 636 586 691 ait
615 630 663 708 (so.
687 633 789 706 Varro),
817 633 1081 690 senatusconsultum
1104 633 1210 690 duobus
1322 695 1323 708 ¹

254 719 340 776 modis
355 717 414 776 fieri
428 721 527 792 solere,
543 727 589 775 ant
604 719 763 792 conquisitis
778 719 918 774 sententiis
940 725 987 774 aut
1006 734 1054 792 per
1069 717 1261 782 discessio-[sn

254 820 326 875 nem,
341 821 436 878 parum
452 804 597 860 conuenire
614 803 721 858 uidetur
735 819 795 858 cum
812 819 853 872 eo,
877 801 950 874 qnod
966 803 1058 858 Ateius
1074 801 1167 875 Capito
1184 805 1212 858 in

255 889 435 944 coniectaneis
458 889 588 961 scriptum
603 886 722 960 reliquit.
745 886 810 942 Nam
825 887 852 942 in
868 885 936 942 libro
953 877 1063 942 'llllll1
1091 885 1212 942 Tubero·

254 988 315 1027 nem
335 971 424 1028 dicere
446 973 491 1042 ait,
513 970 617 1026 nullum
637 970 902 1026 senatusconsultum
918 968 975 1026 lieri
991 986 1072 1043 posse
1087 987 1142 1026 non
1158 970 1213 1026 dis·

254 1057 377 1111 cessione
392 1055 472 1125 iacta,
488 1057 549 1128 quia
570 1056 596 1109 in
617 1053 740 1110 omnihus
756 1053 1011 1123 senatusconsultis,
1031 1055 1111 1109 etiam
1126 1056 1154 1108 in
1169 1055 1212 1125 iis,

254 1155 322 1212 quae
343 1155 392 1212 per
410 1139 567 1196 relationem
583 1135 689 1208 fierent,
704 1137 833 1194 discessio
849 1145 921 1194 esset
936 1139 1095 1194 necessaria.
1129 1137 1213 1210 idque

253 1223 312 1296 ipse
327 1223 419 1296 Capito
435 1239 530 1278 uerum
545 1238 604 1279 esse
619 1220 796 1277 1111111111.-
812 1220 878 1278 Geli.
897 1220 946 1292 14,
964 1221 993 1278 7.
1010 1221 1058 1292 SS.
1076 1221 1124 1277 12.
1142 1221 1190 1278 13.

316 1303 347 1362 4.
369 1305 402 1362 Μ.
426 1314 514 1362 autem
537 1306 620 1362 Varro
643 1307 670 1362 in
693 1312 789 1378 quarto
809 1305 1009 1378 epistulicarum
1025 1307 1213 1377 quaestionum

255 1397 283 1444 et
299 1390 392 1446 Ateius
409 1389 501 1462 Capito
517 1391 544 1444 in
559 1391 796 1446 coniectaneorum
812 1382 918 1446 ’Vllll.¹
935 1389 976 1444 ius
999 1405 1059 1444 esse
1073 1388 1212 1462 praelecto

255 1469 306 1546 (so.
322 1473 382 1530 urbi
397 1471 548 1528 Latinarum
564 1489 643 1528 causa
658 1469 764 1546 relicto)
781 1482 903 1549 senatum
915 1473 1030 1530 habendi
1041 1471 1151 1542 dicunt3
1165 1473 1212 1528 de·
1236 1528 1239 1534 ,

254 1573 307 1629 que
327 1572 358 1612 ea
378 1573 408 1612 re
423 1556 567 1612 adsensum
581 1572 640 1612 esse
655 1555 748 1629 Capito
764 1553 948 1628 (Varrolnem
965 1556 1101 1615 Tuberoni
1117 1567 1212 1614 contra

253 1639 413 1696 sententiam
429 1640 497 1696 lunii
513 1639 612 1696 refert:
629 1637 702 1696 ‘nem
717 1648 744 1696 et
756 1639 894 1712 tribunis',
910 1642 1005 1714 inquit,
1024 1639 1119 1714 ‘plebis
1133 1657 1211 1696 sena·

254 1733 298 1780 tus
319 1722 433 1782 habendi
451 1725 492 1780 ius
515 1731 586 1794 erat,
610 1739 768 1796 quamquam
798 1732 936 1780 senatores
959 1741 1014 1780 non
1036 1732 1127 1780 essent
1150 1732 1212 1783 ante

254 1809 371 1864 Atinium
387 1806 580 1880 plebiscitnm'.
598 1837 636 1848 ·-
653 1807 720 1862 Geli.
740 1806 788 1878 14,
804 1807 832 1864 8.
850 1808 878 1879 S.
895 1807 923 1864 2.

316 1887 344 1948 5.
367 1889 433 1964 legi
451 1891 518 1948 adeo
534 1907 621 1965 nuper
637 1891 665 1946 in
677 1890 812 1963 Capitonis
825 1893 895 1948 Ateii
911 1892 1089 1948 coniectaneis
1100 1897 1212 1948 senatus

254 1976 393 2048 decretum
414 1984 493 2032 uetus
513 1975 542 2032 C.
560 1975 658 2032 Fannio
678 1982 705 2030 et
726 1975 759 2030 ll.
776 1974 879 2032 Valerio
896 1974 1016 2032 Messalla
1035 1967 1213 2032 consulibus²

254 2060 364 2129 lactum,
382 2061 409 2116 in
426 2077 481 2133 quo
500 2059 625 2116 iubentur
642 2059 776 2132 principes
789 2060 917 2128 ciuitatis,
933 2060 979 2133 qui
989 2054 1061 2114 ludis
1075 2058 1214 2132 Megalen·

254 2143 328 2202 sibus
347 2145 458 2215 antiquo
478 2145 534 2206 ritu
554 2144 718 2212 mutuarent,
734 2142 761 2197 id
777 2150 819 2198 est
836 2150 929 2198 mutua
946 2143 1016 2200 inter
1025 2159 1085 2198 sese
1096 2141 1213 2198 dominia

254 2229 399 2300 agitarent,
416 2229 505 2282 iurare
520 2227 590 2298 apud
611 2225 738 2282 consules
755 2226 844 2282 uerbis
864 2227 1012 2299 conceptis,
1028 2242 1084 2282 non
1099 2225 1212 2299 amplius

254 2313 282 2365 in
297 2309 419 2383 singulas
434 2325 513 2366 cenas
532 2314 656 2382 sumptus
678 2325 738 2365 esse
755 2309 885 2381 facturos,
902 2326 981 2384 quam
998 2319 1129 2365 centenos
1140 2309 1212 2366 uice·

156 2397 160 2403 '
254 2409 359 2466 nosque
381 2393 449 2448 aeris
470 2400 579 2464 praeter
592 2391 653 2448 olus
669 2401 696 2448 et
711 2392 752 2448 lar
767 2402 794 2448 et
810 2395 911 2465 uinum,
934 2408 1021 2466 neque
1039 2395 1103 2448 uino
1120 2393 1212 2448 alieni-

255 2493 334 2550 gena,
350 2475 398 2531 sed
413 2477 515 2548 patriae
530 2491 639 2547 usuros,
655 2492 743 2550 neque
758 2479 862 2550 argenti
872 2479 899 2534 in
909 2476 1035 2534 conuiuio
1047 2475 1109 2550 plus
1120 2476 1212 2550 pondo

255 2577 333 2634 quam
349 2559 430 2615 libras
445 2567 553 2616 centum
568 2558 710 2617 inlaturos.
726 2587 768 2600 —·
784 2559 849 2619 Gall.
865 2561 894 2632 2,
911 2560 961 2618 24.
978 2559 1006 2632 S.
1024 2559 1052 2616 2.

255 2675 455 2684 -μ---ᾱ-ι-

327 2731 347 2798 ²)
361 2730 421 2797 (col)
435 2731 496 2780 llllll
506 2731 545 2782 ed.
556 2731 645 2783 Hertz.
656 2730 773 2782 CCLVllll
787 2731 837 2797 (cel
846 2732 1007 2782 ducentesimo
1017 2730 1214 2796 quinquagesimo

254 2805 326 2868 nono)
341 2803 400 2854 edd.
414 2803 581 2866 antiquiores.
604 2800 678 2864 Quod
686 2805 818 2866 quominus
827 2805 990 2862 retineamus,
1005 2805 1032 2852 in
1041 2804 1097 2852 sola
1111 2802 1214 2866 quidem

254 2875 355 2924 numeri
368 2873 543 2938 mapnitndiae
553 2873 643 2924 horam
652 2872 777 2922 librorum
791 2875 862 2922 nulla
876 2873 978 2922 videtur
992 2888 1046 2922 esse
1061 2872 1213 2935 difficultas.

256 2945 482 2994 Coniectaneorum
491 2945 558 2992 enim
567 2944 763 3006 eadempoterat
772 2944 996 3008 essesipnificatim
1007 2943 1213 3008 aillipestorum,

254 3017 282 3064 in
297 3030 362 3079 qnae
372 3016 490 3078 plerique
498 3015 545 3063 alii
555 3014 625 3073 ttort,
635 3015 689 3064 suis
699 3015 782 3063 titulis
796 3015 922 3079 insipniti,
933 3015 1135 3072 coniicerentnr,
1145 3014 1214 3063 sicat

254 3092 279 3134 et
297 3085 362 3134 liber
381 3083 457 3134 VIII.
477 3091 535 3134 erat
548 3085 579 3134 de
590 3083 704 3148 publicis
723 3085 829 3134 indiciis
848 3083 971 3149 (namt).
1003 3084 1041 3147 Cf.
1057 3099 1122 3133 nam
1139 3095 1158 3134 o.
1175 3082 1212 3134 M.

254 3155 365 3206 Antistii
378 3155 515 3206 Labeonis.
544 3154 579 3204 Et
593 3162 713 3219 quantam
726 3157 863 3218 scripserit
881 3153 973 3204 Ateius
994 3154 1083 3217 Capito
1102 3153 1214 3204 dicensi-

254 3227 343 3276 modae
352 3227 577 3283 doctrinae‚etiam
587 3241 621 3275 eac
627 3226 710 3274 Plinii
720 3225 978 3275 indr'eibnslibrorcm
983 3226 1134 3274 existimare
1145 3226 1212 3273 licet.

254 3295 307 3346 Sed
317 3304 387 3347 reete
401 3297 490 3346 doeait
503 3296 636 3357 Hermiae,
651 3293 705 3344 CCL
718 3302 804 3344 natam
818 3311 872 3344 esse
884 3311 918 3344 em
929 3295 964 3344 col
973 3293 1012 3360 (at
1025 3301 1063 3344 est
1078 3296 1104 3342 in
1119 3296 1214 3358 optimo

254 3367 320 3419 libra
335 3366 404 3433 mc),
419 3382 467 3430 qao
482 3369 539 3432 quis
548 3368 750 3432 significaverat,
761 3367 857 3414 rectius
869 3366 983 3428 fortasse
998 3367 1216 3414 collectaneorum

254 3439 309 3489 dici
318 3438 398 3488 libros
408 3436 453 3503 (cf.
469 3438 556 3500 Gaia,
567 3445 592 3489 15
603 3434 670 3500 fin),
679 3451 725 3485 nea
738 3439 830 3486 collato
839 3451 904 3484 nom.
918 3447 951 3486 18.
960 3434 1136 3494 dubitandam,
1152 3437 1215 3500 puin

254 3507 334 3573 (qaod
352 3507 512 3558 Merclrlinas
530 3506 604 3572 cidit)
623 3507 666 3555 hie
685 3505 774 3554 VIIII
784 3508 1006 3556 coniectaneornm
1025 3505 1090 3555 liber
1102 3508 1216 3569 proprie

254 3581 395 3643 inscriptas
405 3579 490 3641 fcerit
503 3579 534 3629 de
549 3578 635 3641 officio
649 3579 787 3627 senatorio.
819 3573 840 3642 ²)
855 3592 878 3626 a.
895 3593 918 3625 n.
933 3588 980 3628 aaa.
