2680 4112
610 215 634 251 11.
654 213 764 250 cmctvs.

462 398 504 454 lie
527 397 650 456 oiiioio
673 397 929 456 iurisconsulti.

277 498 305 560 8.
328 499 497 572 ‘Nuneupetn
516 500 629 572 pecunia
649 498 711 568 est’,
732 505 763 554 ut
784 499 821 554 eit
833 497 940 554 cincius
953 499 983 554 in
997 498 1017 554 i.
1035 498 1067 553 ii.
1084 497 1118 554 de
1134 499 1179 554 oi·

215 583 275 642 ficio
303 582 505 646 iurisconsulti,
534 580 656 640 ‘nomine
678 575 841 654 conceptn,¹
871 581 1026 638 nominibus
1056 583 1177 655 propriis

215 669 397 743 pronuntiata.
433 663 518 722 “cnm
540 681 637 722 nexum
659 665 739 721 saciet
760 666 993 739 mancipiumque,
1017 667 1058 722 uti
1080 665 1177 738 lingue

214 753 401 824 nuncupauit,
415 751 453 806 ite
467 751 509 805 ius
524 748 609 805 esto”
627 748 653 804 id
670 757 720 818 est,
734 750 776 806 uti
791 750 936 806 nominarit
950 747 1097 805 locutusne
1113 750 1178 820 erit,

214 837 252 892 ite
270 836 313 890 ius
333 842 401 892 osto.
431 840 496 890 uoto
516 841 668 906 nuncupata
688 832 830 903 dicuntur,
852 848 921 906 quoe
936 832 1078 894 consules,
1099 849 1179 905 prae·

214 927 300 990 tores,
315 919 418 976 cumin
432 917 599 990 prouinciam
614 913 831 988 proficiscuntur,
848 915 966 984 iaciunt3
983 931 1015 971 ee
1029 917 1058 972 in
1072 915 1179 970 tabulas

215 1001 400 1074 praesentibus
420 1000 512 1056 multis
533 997 712 1056 referuntur?
749 1005 777 1054 at
799 999 895 1056 Sentre
917 1007 971 1056 etc.
990 1027 1025 1040 -
1051 998 1126 1056 liest.
1150 1017 1178 1054 v.

214 1084 370 1159 Nuncupote
385 1101 412 1158 p.
431 1083 501 1141 173.

277 1164 305 1227 9.
327 1162 429 1232 ²Snnt,
454 1168 500 1240 qui
520 1175 549 1225 et
568 1165 719 1222 inferiores
738 1166 798 1222 dici
815 1171 922 1236 petoni
943 1168 1088 1235 colonias,
1107 1182 1179 1238 quae

214 1260 279 1308 sunt
292 1253 433 1308 deductae
443 1251 515 1306 eiua
529 1251 629 1322 Lonpo
643 1253 672 1304 in
688 1249 806 1306 Priscos
819 1247 938 1318 Latium,
956 1265 1031 1321 quas
1049 1250 1175 1321 Tarqui·
1184 1261 1243 1308 [21]

214 1339 280 1392 nius
297 1350 355 1392 rece
375 1334 515 1406 subegerit
533 1332 680 1390 secundum
699 1348 780 1388 more
800 1349 858 1390 non
876 1335 960 1405 ionpe
974 1333 1050 1388 inira
1064 1331 1179 1388 Romam

215 1418 244 1472 in
265 1417 431 1474 ciuitatibus
449 1416 634 1479 latinorum
655 1431 758 1488 eosque
780 1419 881 1472 noetis
903 1419 1076 1486 appellatos,
1101 1419 1182 1488 quod

215 1515 264 1556 eos
278 1514 336 1556 rex
349 1506 458 1572 praeter
469 1501 625 1572 opinionem
639 1500 722 1554 breui
730 1503 901 1569 pacouisset
915 1501 1126 1572 soneuissetque
1141 1516 1181 1556 ce

215 1599 279 1638 cum
297 1586 332 1638 iis
344 1582 450 1654 pacisci
465 1583 600 1654 potuisset
613 1585 724 1638 nomine
739 1601 757 1638 a
778 1597 812 1638 re
827 1584 908 1652 dcto,
931 1590 963 1638 ui
978 1586 1020 1638 uit
1034 1582 1144 1639 Cincius
1157 1583 1182 1640 Ι.

214 1665 246 1722 ΙΙ.
262 1665 295 1720 de
310 1665 407 1738 officio
422 1665 623 1722 iurisconsulti.
639 1692 679 1706 -
695 1664 767 1720 i'est.
781 1683 804 1718 v.
822 1665 945 1724 Sonates
959 1682 987 1738 p.
1004 1665 1076 1722 321.

276 1744 322 1806 10.
344 1747 432 1804 Subici
448 1751 520 1805 ories
534 1751 654 1824 dieitur,
669 1752 720 1822 qui
731 1766 787 1820 pro
802 1753 898 1805 occiso
916 1751 1020 1817 datur,
1045 1749 1120 1822 qnod
1136 1747 1180 1820 iii,

214 1838 245 1887 ut
264 1833 301 1888 uit
321 1830 426 1888 Cincius
445 1835 476 1888 in
496 1834 569 1889 libro
585 1871 592 1886 .
609 1871 617 1889 .
634 1874 641 1888 .
657 1835 692 1888 de
712 1831 811 1903 officio
825 1832 1029 1912 iurisconsulti,
1052 1831 1180 1904 exemplo

215 1916 434 1986 Atheniensium,
450 1917 531 1988 opud
544 1931 615 1988 qnos
629 1915 753 1989 expiandi
768 1916 855 1989 gretie
870 1916 939 1972 eries
951 1917 1072 1988 inipitnr
1083 1915 1120 1971 ab
1132 1930 1178 1984 eo,

215 2002 265 2069 qni
282 2003 389 2055 inuitus
403 1998 495 2056 scelus
510 1998 631 2068 admisit,
652 2014 754 2072 poenae
774 2000 941 2072 pendendae
955 2001 1029 2056 ioco.
1048 2029 1088 2038 -
1105 1997 1182 2060 Fest.

214 2098 238 2140 v.
254 2075 345 2138 Aries³
359 2099 387 2155 p.
400 2079 471 2138 347.

553 2229 834 2304 Mystngogicon.

276 2325 315 2384 11.
344 2327 478 2382 'irientem
505 2329 613 2383 tertium
635 2329 725 2400 pondo
745 2345 873 2387 coronam
894 2348 1002 2388 auream
1018 2332 1130 2390 dedisse
1149 2351 1183 2390 se

214 2409 271 2467 ioui
286 2409 402 2480 donum,
423 2411 530 2483 scripsit
545 2411 573 2465 Τ.
587 2409 727 2476 Quinctius
743 2409 897 2487 dict(aior),
912 2432 996 2489 quom
1010 2431 1061 2490 per
1076 2433 1183 2474 nouem

214 2493 271 2548 dies
293 2491 406 2547 totidem
428 2490 508 2547 urbes
530 2501 558 2548 et
580 2493 708 2550 decimam
723 2495 869 2552 Praeneste
891 2501 1017 2572 cepisset.
1049 2499 1077 2554 id
1093 2502 1184 2576 signi-

215 2573 295 2632 ficare
316 2575 353 2629 eit
367 2572 473 2630 Cincius
494 2577 523 2630 in
538 2575 742 2650 Mystngogieon
757 2578 775 2637 l.
792 2579 823 2636 il.
844 2580 911 2636 dues
931 2581 1014 2638 libres
1033 2582 1129 2659 pondo
1152 2593 1184 2640 et

215 2659 352 2712 trientem.
366 2685 407 2698 ·-
422 2655 493 2712 Fest.
509 2674 534 2710 v.
551 2658 687 2716 Trientem
702 2678 729 2733 p.
747 2661 818 2718 363.

556 2807 597 2863 De
618 2825 654 2864 re
676 2809 834 2866 militari.
914 2875 919 2883 ,

278 2900 324 2961 13.
346 2903 500 2960 Cincius'in
523 2905 591 2963 iibro
614 2909 696 2964 tertio
719 2908 752 2964 de
775 2926 805 2966 re
819 2911 929 2970 militari
945 2914 1068 2974 fecialem
1082 2917 1184 2992 populi

215 2987 327 3043 Romani
341 2986 441 3043 bellum
455 2989 619 3046 indicentem
632 2990 755 3047 hostibus
770 2993 910 3068 telumque
925 2999 953 3052 in
969 3015 1068 3070 agrum
1084 3015 1184 3056 eorum

216 3070 355 3125 iacientem
371 3071 412 3125 his
435 3070 524 3128 uerbis
547 3075 586 3128 nti
608 3075 730 3147 scripsit:
752 3075 850 3140 ‘cnon
872 3095 1013 3139 rorvnvs
1036 3097 1185 3142 numu·

289 3227 309 3296 ¹)
322 3229 425 3295 Scripsi
439 3233 562 3284 Zeitsenr.
574 3237 597 3298 f.
610 3236 695 3300 peren.
712 3235 783 3286 RW.
798 3237 847 3287 xii.
859 3255 887 3302 p.
903 3253 952 3293 sss.
985 3241 1024 3307 Cf.
1042 3241 1142 3294 ‘neoni
1156 3247 1184 3296 d.

218 3298 329 3350 Nemum'
342 3317 369 3364 p.
384 3314 418 3352 se.
433 3305 527 3354 nomine
541 3314 606 3354 certe
623 3305 682 3355 Ood.
697 3308 825 3369 nominate,
840 3318 906 3360 certo
925 3311 1013 3362 Ursin.
1030 3316 1064 3376 ej.
1091 3311 1114 3380 ²)
1131 3315 1185 3365 Re-

215 3373 290 3420 siitui
304 3371 363 3434 fere
383 3368 477 3422 ‘ineant
493 3375 518 3423 d.
536 3372 645 3424 Nexum'
658 3390 686 3437 p.
701 3386 748 3426 sss.
787 3374 808 3444 ⁸)
829 3378 868 3436 Of.
889 3382 964 3443 infra
979 3383 1017 3432 M.
1034 3383 1185 3435 Antistium

216 3439 360 3560 ssab⁶9⁷²fdm
368 3452 388 3493 o.
399 3450 424 3492 et
433 3443 475 3493 lid.
486 3459 565 3493 meum
575 3442 658 3493 ‘Sere
673 3443 750 3494 tuti!
758 3461 786 3508 p.
796 3457 844 3498 sio.
862 3447 1048 3518 Osendrnippen
1058 3455 1125 3504 iiber
1133 3457 1186 3506 dus

242 3524 325 3560 amen
346 3524 438 3575 .p.18.
770 3550 774 3558 ·
