2696 4120
494 281 665 322 es11msr1r,
686 265 732 318 lV.
751 270 793 322 tt.
1063 267 1126 332 373

161 420 215 502 [esa
225 443 282 498 quo
294 427 404 481 scilicet
415 429 553 495 apparet,
566 427 592 480 si
603 429 662 480 toto
674 426 771 480 decem
784 428 919 482 sestertia
932 426 962 482 ia
974 441 1035 483 rem
1048 431 1126 484 taam

160 525 249 568 uersa
259 509 385 582 fuerint,
401 515 460 565 tota
476 510 574 564 decem
590 513 723 565 sestertia
742 509 843 566 Titium
855 515 995 584 consequi
1003 527 1093 583 posse
1100 505 1125 587 ,·]

160 598 229 652 ticet
244 597 318 651 enim
334 611 394 651 aaa
409 600 453 650 est
467 597 554 664 actio,
576 609 634 666 qua
649 595 685 649 de
697 597 813 665 peculio
828 597 920 668 deque
936 610 983 665 eo,
1006 598 1084 666 quod
1096 600 1126 652 in

161 695 221 736 rem
228 677 238 751 (
240 670 354 757 patris)
360 668 530 757 domini(ue)
543 692 660 746 uersam
672 681 720 749 sit,
733 681 839 752 amiur,
853 686 946 736 tamen
958 681 1126 740 aaastaoet

162 766 412 822 condemnationes
417 787 427 826 ‚·
438 765 536 835 itaque
545 763 644 832 index,
659 765 741 834 apud
750 779 834 836 quem
847 779 882 820 ea
895 767 1124 839 actioneayitur,

162 856 228 906 cate
243 850 387 920 dispicere
402 849 488 916 solet,
505 864 543 903 aa
561 850 591 903 in
607 862 667 902 rem
688 845 809 919 (patris)
824 839 994 927 domini(ae)
1008 865 1126 906 uersum

161 937 207 1003 sit,
222 949 277 990 nec
293 935 380 988 aiiter
394 933 434 987 od
446 933 555 1003 peculii
568 935 793 989 aestimationem
810 936 925 1004 transit,
941 951 1026 1006 quam
1038 937 1064 990 si
1075 940 1126 990 aat

161 1019 231 1075 otiu
245 1021 275 1074 ia
290 1032 352 1072 rem
364 1008 486 1092 (patris)
498 1007 667 1094 domini(ae)
679 1032 797 1074 uersam
806 1019 992 1092 intelteaatar
1006 1024 1126 1074 autnon

162 1110 264 1160 totum:
280 1119 345 1158 cum
360 1107 456 1158 autem
471 1105 633 1174 quaeritur,
655 1105 839 1174 quantumin
856 1105 973 1174 peculio
991 1103 1037 1171 sit,
1059 1107 1127 1157 ante

161 1182 329 1262 delducitur,
357 1185 431 1260 quod
459 1187 529 1258 patri
554 1184 701 1242 dominoco
728 1187 829 1259 quique
851 1189 879 1242 in
903 1187 962 1242 eius
989 1193 1125 1260 potestate
1135 1191 1194 1241 216.

161 1273 208 1343 sit,
224 1287 238 1326 a
255 1268 310 1326 filia
325 1285 442 1326 seruoue
458 1269 584 1339 debetur,
607 1278 634 1325 et
650 1269 724 1343 quod
739 1279 881 1344 superest,
904 1271 958 1327 hoc
972 1271 1061 1326 solum
1076 1287 1123 1344 pe·
1138 1260 1155 1296 ²·
1170 1267 1188 1297 ⁸·

162 1355 262 1411 eutium
281 1371 341 1410 esse
360 1354 545 1429 intellegitur3
569 1354 711 1427 aliquando
734 1363 823 1412 tamen
841 1355 883 1426 id,
906 1355 980 1430 quod
1001 1357 1026 1412 ei
1046 1353 1127 1411 debet

164 1437 236 1494 filius
252 1453 395 1509 seruusuc,
420 1441 467 1512 qui
482 1439 510 1494 in
525 1445 662 1512 potestate
678 1441 761 1510 patris
777 1439 914 1496 dominius
929 1442 979 1511 sit,
1002 1456 1058 1496 non
1080 1439 1126 1496 dc·

163 1522 273 1579 ducitur
293 1537 324 1578 ex
350 1523 470 1596 peculio,
494 1523 571 1579 uelut
592 1525 616 1578 si
637 1525 675 1595 is,
699 1525 742 1580 cui
765 1523 863 1597 debet,
884 1526 913 1581 in
935 1525 1017 1581 huius
1039 1525 1125 1599 ipsius

160 1606 269 1682 peculio
285 1609 330 1663 sit.
366 1601 414 1664 ⁷4.
438 1607 563 1664 Ceterum
586 1607 696 1664 dubium
719 1625 774 1665 non
797 1617 852 1681 est,
877 1611 1056 1684 quinatis,
1079 1608 1126 1682 qui

160 1693 238 1748 iussu
261 1691 347 1766 patris
370 1691 506 1748 dominius
528 1693 680 1764 contraxit,
703 1694 802 1766 cuique
824 1693 961 1752 institoria
984 1692 1029 1749 uci
1051 1709 1127 1748 exer·

162 1778 255 1834 citoria
270 1775 387 1832 iormula
403 1777 544 1850 competit,
560 1777 593 1833 de
608 1776 714 1850 peculio
730 1785 777 1833 aut
791 1777 862 1833 dein
875 1793 932 1833 rem
948 1793 1030 1832 uerso
1043 1793 1127 1850 agere

160 1862 263 1936 possit3
279 1860 327 1916 sed
343 1876 423 1916 nemo
439 1868 492 1916 tam
507 1860 609 1917 stultus
625 1861 687 1932 erit,
707 1871 738 1916 ut
753 1863 799 1934 qui
814 1862 903 1934 aliqua
917 1860 1026 1916 illarum
1042 1861 1125 1916 actio-

161 1946 291 2002 numsiue
303 1944 387 2002 dubio
398 1944 514 2000 solidum
521 1946 654 2019 consequi
666 1946 764 2019 possit,
775 1938 843 2001 ’uel¹
855 1947 884 2002 in
895 1943 1084 2002 difficultatem
1097 1961 1127 2000 se

163 2029 277 2086 deducat
291 2029 434 2104 probandi,
451 2029 548 2086 habere
563 2030 699 2104 peculium
714 2046 787 2100 eum,
803 2046 863 2086 cum
879 2046 934 2103 quo
950 2030 1125 2099 contraxerit,

162 2130 249 2188 exque
264 2131 296 2171 eo
312 2113 420 2189 peculio
442 2130 524 2188 posse
540 2113 591 2170 sibi
606 2116 670 2170 satis
686 2113 756 2186 fieri,
778 2114 822 2170 uei
837 2114 874 2184 id,
898 2113 971 2186 quod
987 2114 1127 2187 persequi·

161 2207 217 2270 tur,
232 2201 259 2255 in
275 2215 332 2254 rem
348 2199 433 2273 patris
449 2199 585 2256 dominius
601 2215 710 2255 uersum
726 2215 796 2254 esse.
826 2198 851 2254 is
872 2214 999 2272 quoque,
1020 2199 1064 2254 cui
1080 2199 1127 2253 tri·

161 2283 269 2340 butoria
284 2283 356 2340 actio
371 2283 504 2356 conpetit,
527 2282 560 2339 de
583 2283 690 2357 peculio
713 2283 757 2339 uel
779 2283 812 2340 dc
834 2285 860 2339 in
876 2299 933 2339 rem
949 2299 1030 2338 uerso
1047 2298 1127 2356 agere

162 2376 270 2442 potest3
291 2367 339 2424 sed
361 2367 424 2423 huic
443 2383 507 2423 sane
528 2367 689 2442 plerumque
705 2367 823 2442 expedit,
845 2369 894 2424 hac
908 2369 1001 2442 potius
1017 2368 1126 2424 actione

57 2445 58 2448 ¹
91 2451 473 2525 12⁹11utiquamtribmorn3
489 2468 551 2507 nam
566 2453 594 2508 in
610 2451 753 2508 tributoria
769 2454 827 2509 sius
843 2452 927 2508 solius
943 2451 1042 2527 peculii
1057 2453 1126 2508 ratio

164 2536 291 2606 habetur,
305 2535 378 2608 quod
393 2538 421 2592 in
436 2537 478 2592 his
495 2537 629 2593 mercibus
644 2546 700 2602 est,
722 2537 749 2593 in
768 2536 866 2611 quibus
881 2538 1039 2610 negotiatur
1053 2534 1126 2592 filius

165 2635 315 2690 seruusue,
336 2621 463 2696 quodque
486 2620 549 2677 inde
569 2630 706 2694 receptum
721 2623 789 2691 erit,
811 2627 837 2678 at
852 2623 880 2678 in
895 2623 1001 2678 actione
1017 2619 1127 2694 peculii,

166 2703 266 2762 totius:
282 2712 309 2760 et
324 2714 416 2778 potest
431 2706 546 2779 quisque
561 2706 642 2762 tertia
658 2705 729 2762 iorte
744 2713 791 2762 aut
811 2715 905 2779 quarta
920 2706 964 2761 uel
980 2707 1061 2762 etiam
1076 2705 1127 2760 mi·

163 2805 231 2845 nore
247 2796 323 2862 parte
338 2789 437 2864 peculii
452 2791 598 2864 negotiari,
614 2791 756 2846 maximam*
769 2807 835 2846 uero
857 2798 959 2864 partem
982 2789 1083 2864 peculii
1099 2789 1128 2844 iu

163 2873 222 2930 aliis
236 2873 319 2930 rebus
335 2873 450 2943 habere;
472 2874 556 2948 longe
571 2875 657 2948 magis
675 2875 699 2930 si
720 2881 811 2948 potest
828 2874 978 2948 adprobari,
1001 2874 1038 2930 'id
1053 2873 1128 2948 quod

163 2956 285 3029 (dederit
300 2957 359 3032 qai)
375 2953 535 3028 contraxit,²
555 2960 581 3014 in
596 2975 654 3015 rem
673 2960 759 3032 patris
779 2959 916 3015 dominiue
931 2975 1040 3015 uersum
1057 2973 1128 3027 esse,

164 3041 196 3098 ad
217 3043 287 3100 hanc
307 3043 442 3098 actionem
463 3044 578 3099 transire
599 3042 694 3112 tehen
716 3059 790 3113 nam,
814 3051 845 3099 ut
866 3060 947 3118 supra
968 3043 1099 3115 diximus,
1121 3036 1125 3120 Ι

163 3125 254 3182 cadem
271 3126 386 3182 formula
401 3135 428 3184 et
443 3127 476 3183 de
491 3127 599 3202 peculio
615 3136 643 3183 et
658 3127 733 3183 dein
749 3145 807 3184 rem
823 3144 903 3184 uerso
921 3129 1021 3202 agitur.
1145 3130 1203 3184 217.

237 3247 257 3316 ¹)
276 3267 292 3300 u
311 3252 385 3301 addit
406 3251 436 3311 0,
461 3253 530 3316 qaod
547 3259 681 3316 acceptum
699 3274 732 3295 =
752 3253 790 3302 uci
813 3254 875 3302 licet
892 3253 921 3302 id
939 3253 1004 3302 Inst.
1023 3258 1049 3300 et
1071 3251 1129 3302 edd,

163 3324 297 3388 iyaorsat,
313 3323 386 3385 ferri
400 3329 500 3386 potest;
519 3339 578 3373 nara
596 3339 644 3373 usa
661 3325 718 3382 fori
736 3331 835 3374 mature
849 3325 881 3373 de
895 3323 1001 3386 peculio
1015 3329 1040 3370 et
1054 3321 1086 3369 de
1100 3323 1129 3370 ia

163 3409 217 3443 rem
227 3408 302 3442 uerso
312 3395 389 3442 etiam
394 3409 447 3457 pro
457 3393 557 3444 duabus
566 3394 713 3446 actionibus
722 3396 809 3458 accipi
819 3401 924 3458 coeptae
934 3407 988 3442 esse
998 3391 1128 3450 videntur,

163 3478 213 3530 quo
227 3471 346 3527 spectant
360 3464 439 3514 uerba
454 3465 482 3513 dc
496 3466 591 3528 peculio
606 3473 647 3514 aut
661 3466 690 3514 de
705 3465 729 3514 in
743 3479 795 3514 rem
809 3479 889 3526 uerso,
904 3477 988 3526 agere,
1003 3469 1129 3512 attamen

163 3537 248 3585 altera
263 3537 372 3584 alteram
387 3543 554 3586 consumeret.
620 3532 641 3602 ¹)
657 3537 682 3586 id
696 3533 840 3604 qicontraxit
858 3530 910 3584 Vii.
929 3533 1061 3598 Suppieoi.

234 3637 260 3710 ς.
277 3642 319 3692 aa.
341 3642 379 3706 cs.
395 3637 454 3706 ses.
474 3641 496 3692 J.
512 3642 545 3692 a.
565 3644 588 3704 s.
603 3654 638 3707 rs.
