2696 4120
430 207 491 276 eur
510 241 613 278 rssrrr.
631 223 680 278 111.
698 229 808 281 35-37.
1043 227 1106 294 293

137 384 661 456 lmwhmmwmmmm
708 386 1105 462 mmmwmmmm

139 475 216 525 recte
228 467 314 540 faeta
329 473 499 524 testamento
514 469 637 525 heredes
652 473 777 528 instituti
791 477 865 540 sont,
882 473 933 528 dat
947 473 1105 529 secondum

138 555 257 610 tabulas
276 553 416 610 bonoram
434 557 658 624 possessionem:
680 558 746 611 item
769 556 805 611 ah
827 549 966 632 initestato
988 556 1103 614 heredes
1117 555 1173 608 134.

140 654 207 694 suos
230 646 258 694 et
280 643 398 710 agnatos
421 636 454 693 ad
482 637 619 694 honorum
641 642 843 712 possessionem
867 649 957 696 uocat.
1006 639 1105 713 quihus

139 722 247 780 casibus
264 719 423 777 heneficium
439 721 497 777 eins
512 723 540 778 in
555 738 588 778 eo
604 723 665 778 saio
689 723 798 781 uidetur
820 723 936 800 aliquam
960 725 1105 782 utilitatem

140 806 251 878 hahere,
266 815 298 877 nt
312 807 346 876 is,
363 807 409 878 qni
425 807 463 861 ita
478 805 611 862 honorum
627 811 828 881 possessionem
848 811 926 883 petit,
949 810 1105 883 interdicto,

139 892 217 948 cuius
240 891 402 964 principium
425 899 466 946 est
496 907 623 955 ovonvnr
648 908 814 965 annorvm,
837 895 876 949 nti
898 895 1000 966 possit,
1028 895 1105 950 onius

139 975 277 1032 interdicti
301 991 371 1048 qaae
394 976 429 1030 sit
452 975 570 1047 utilitas,
600 993 650 1032 sno
673 977 734 1034 loco
757 994 958 1052 proponemus:
985 977 1106 1052 alioquin

139 1069 244 1116 remota
266 1075 377 1132 quoque
400 1057 532 1115 honorum
556 1063 731 1134 possessione
761 1062 793 1117 ad
817 1079 864 1117 eos
886 1061 1021 1117 hereditas
1044 1079 1106 1135 per·

140 1147 210 1202 tinet
231 1146 290 1200 iure
312 1142 397 1200 ciniii.

204 1225 253 1285 35.
269 1227 393 1285 Ceterum
405 1243 486 1302 saepe
498 1227 659 1302 quibusdam
669 1231 705 1285 ita
718 1229 797 1285 datur
808 1229 943 1286 bonorum
956 1231 1105 1303 possessio,

140 1322 172 1370 ut
187 1315 221 1386 is,
236 1315 279 1369 cni
294 1312 356 1368 data
371 1314 418 1384 sit,
434 1308 516 1388 (non)
532 1315 653 1386 optineat
668 1313 864 1382 hereditatem
887 1332 955 1389 quae
971 1314 1106 1372 honorum

139 1399 280 1471 possessio
296 1397 394 1454 dicitnr
409 1397 468 1453 sine
489 1415 529 1458 re.
571 1393 619 1458 86.
635 1398 700 1454 Nam
716 1401 739 1454 si
755 1398 831 1456 uerbi
852 1403 939 1474 gratia
959 1401 1018 1456 inre
1032 1399 1104 1458 iacto

141 1489 305 1538 testamento
320 1483 401 1538 heres
415 1483 559 1540 institutus
570 1485 689 1540 creuerit
704 1484 892 1556 hereditatem,
907 1484 955 1540 sed
971 1483 1105 1541 bonorum

139 1568 341 1641 possessionem
370 1567 518 1624 secundnm
548 1566 650 1623 tabulas
682 1570 835 1626 testamenti
858 1578 952 1642 petere
974 1569 1105 1642 noluerit,

139 1660 288 1708 contentus
303 1667 353 1721 eo,
376 1651 449 1725 qnod
465 1653 523 1708 inre
538 1652 610 1708 ciuili
631 1652 711 1709 heres
734 1655 786 1725 sit,
810 1653 984 1709 nihilominus
1007 1656 1035 1725 ii,
1058 1656 1106 1727 qui

138 1736 216 1792 nullo
240 1735 312 1792 iacto
335 1743 498 1792 testamento
520 1736 551 1792 ad
576 1739 696 1793 intestati
719 1739 788 1794 bona
811 1747 961 1809 uocantur,
988 1746 1106 1811 possunt

138 1831 234 1896 petere
256 1819 390 1876 bonorum
406 1821 624 1894 possessionem3
648 1821 695 1876 sed
711 1824 769 1878 sine
788 1838 818 1878 re
834 1823 866 1877 ad
889 1838 937 1877 eos
959 1822 1105 1878 ’bonorum

136 1897 303 1978 possessia¹
326 1907 458 1978 pertinet,
481 1921 542 1961 enm
563 1914 728 1961 testamento
744 1908 862 1978 scriptus
883 1907 964 1961 heres
979 1908 1105 1962 euincere

140 1990 315 2046 hereditatem
339 1991 436 2062 possit.
480 1985 527 2046 87.
550 1988 623 2045 idem
646 1991 713 2046 iuris
733 1999 794 2060 est,
817 1991 840 2046 si
861 1991 991 2046 intestato
1013 1989 1104 2063 aliquo

139 2084 249 2130 mortno
273 2090 338 2129 suns
361 2075 442 2130 heres
465 2075 585 2130 noluerit
607 2082 701 2148 petere
724 2075 869 2130 danorum
890 2076 1105 2148 possessionem,

139 2166 288 2215 contentus
302 2161 427 2232 lepttimo
441 2163 523 2216 iure:
545 2158 622 2214 'nom
645 2153 692 2214 et²
714 2166 816 2233 agnato
839 2159 968 2232 competit
995 2157 1105 2232 quidem

137 2242 273 2299 bonorum
289 2245 428 2316 possessio
436 2236 460 2316 ,³
480 2242 527 2300 sed
543 2245 602 2298 sine
624 2260 665 2314 re,
688 2245 751 2317 quia
767 2243 856 2300 eninci
871 2243 1008 2300 hereditas
1024 2260 1038 2299 a
1054 2258 1104 2300 suo

138 2397 271 2446 cesserint.
303 2395 368 2444 Nam
382 2397 406 2444 si
420 2397 521 2446 alienus
531 2403 665 2458 postumus
674 2396 750 2445 heres
761 2396 848 2459 faerit
861 2397 1004 2456 institutas,
1017 2411 1105 2460 qnam-

138 2470 180 2518 ais
198 2467 366 2516 hereditatem
385 2467 442 2516 iore
456 2467 532 2516 ciuili
546 2467 622 2515 adire
637 2482 688 2516 non
703 2473 817 2530 poterat,
838 2483 895 2516 eam
910 2468 1037 2517 institutio
1052 2482 1105 2517 nan

138 2537 241 2588 ualebat
255 2534 288 2604 (s,
299 2548 346 2587 ets.
356 2536 424 2604 est),
438 2537 583 2587 honorario
598 2544 681 2586 tamen
696 2539 754 2587 iare
764 2537 887 2588 donorum
897 2553 1034 2602 possessor
1048 2537 1104 2602 efli-

138 2609 265 2667 aiebatur,
279 2608 402 2657 uidelicet
411 2625 467 2658 eam
481 2623 498 2657 a
508 2616 634 2672 praetore
648 2605 847 2667 adionobotar'‚
858 2610 955 2672 paneis
966 2610 1070 2658 mutatis
1079 2615 1105 2658 et

137 2683 197 2744 ipsa
211 2681 266 2729 sint
282 2678 397 2738 Gaiana,
417 2686 546 2729 attamen
569 2678 649 2728 Gaias
668 2687 745 2729 antea
764 2679 785 2728 b.
801 2681 990 2744 passessionem
1007 2695 1041 2728 esc
1054 2677 1103 2728 SC.

141 2751 303 2801 Tertulliano
317 2750 430 2800 madan
439 2765 493 2814 pra
507 2752 623 2814 eceempio
640 2752 785 2816 impupnati
798 2752 866 2799 iaris
880 2753 974 2800 veteris
983 2751 1104 2814 posuisse

137 2823 258 2872 videatur
273 2819 319 2888 (ef.
338 2821 418 2871 Gloss.
438 2821 562 2872 Taenari
571 2837 614 2884 pr.
629 2821 683 2884 I.s,
695 2833 707 2873 9
722 2829 747 2871 et
757 2829 807 2872 not.
821 2822 858 2871 ad
866 2823 890 2883 ξ.
900 2821 961 2887 ³8⁸.)
976 2829 1001 2870 et
1010 2822 1104 2871 deinde

132 2894 302 2957 persenserit:
321 2888 457 2958 ‘Alioquin
476 2895 517 2942 ias
536 2892 593 2942 bon.
609 2889 696 2956 poss.’
716 2899 762 2944 ete.
799 2892 855 2942 Iam
877 2909 934 2942 eam
952 2894 999 2942 illa
1018 2893 1104 2943 decem

137 2965 246 3014 circiter
260 2963 378 3026 efficiant
391 2979 482 3014 versos
498 2963 523 3015 0.
544 2963 618 3022 Ver„
633 2971 757 3027 apparet,
779 2963 871 3012 Gaiam
884 2965 970 3013 statim
984 2971 1046 3027 post
1059 2962 1103 3012 ab·

135 3037 245 3086 solutam
259 3033 321 3084 scat
339 3033 494 3085 Tertulliani
507 3036 701 3098 expositionem,
718 3050 783 3099 quae
798 3036 900 3084 initiam
909 3049 1008 3099 qaoque
1018 3051 1045 3098 p.
1056 3045 1102 3086 tes.

136 3107 285 3170 occupavit,
306 3106 342 3154 ad
359 3106 427 3157 hane
439 3108 587 3172 peneralem
606 3106 805 3169 disputationem
819 3105 851 3155 de
866 3105 989 3156 bonoram
999 3120 1102 3170 posses·

135 3179 209 3228 sione
223 3179 370 3227 transiisse.
449 3173 470 3243 ¹)
485 3177 606 3226 hereditas
622 3177 648 3228 0.
674 3176 766 3226 dicerit
780 3178 807 3226 in
822 3177 964 3242 archetypo
979 3178 1002 3226 h.
1018 3192 1041 3240 p.
1057 3175 1103 3242 (ε

31 3244 34 3250 ’
135 3249 254 3298 honorum
268 3248 413 3314 possessio),
428 3263 494 3313 qaae
509 3255 570 3298 nota
580 3247 645 3297 abiit
657 3250 684 3297 in
694 3250 801 3298 similem
811 3248 854 3299 h't.
882 3247 974 3312 Itaque
985 3263 1054 3298 nane
1063 3249 1103 3296 sio

135 3321 240 3384 scripsi.
306 3316 388 3386 ²)an
402 3319 495 3370 Hailw.
512 3321 545 3382 ej.
574 3318 710 3368 Fortasse:
723 3321 831 3369 scilieet.
897 3315 919 3383 8)
937 3318 1013 3376 Nata,
1028 3318 1103 3366 alind

135 3405 182 3441 saa
200 3391 303 3449 herede,
322 3391 397 3440 aliod
410 3391 576 3454 proximiore
595 3397 690 3456 opnota
710 3391 837 3440 eristente
856 3391 924 3438 ioris
939 3389 1038 3451 saisse;
1057 3389 1103 3436 illa

136 3459 200 3511 oasa
209 3461 357 3512 ‘vocabatur
371 3476 388 3510 a
398 3469 523 3526 praetore
529 3462 669 3525 promimus
678 3467 791 3527 apnatas
801 3457 881 3510 ‘unde
892 3455 1020 3524 lepitimi',
1035 3459 1104 3506 inter

208 3599 253 3672 §3-
268 3604 382 3654 ss-at.
405 3603 441 3667 Os.
461 3603 516 3667 Uip.
531 3614 566 3665 se,
581 3614 614 3654 1o.
635 3614 669 3666 es,
683 3615 704 3654 o.
724 3613 758 3665 so,
772 3615 785 3654 s
799 3617 880 3664 snpra
895 3613 916 3664 a,
931 3611 977 3654 14⁸.
993 3601 1054 3652 151⁸.
