2678 4116
241 216 301 280 196
552 229 613 264 can
630 231 726 268 marta.
744 214 765 266 I.
785 218 894 266 tta-96.

239 390 373 448 praegnas
393 390 426 428 ex
443 373 681 428 senatusconsulto
698 373 842 429 Claudiano
864 371 960 428 aneilla
980 371 1050 428 iacta
1066 373 1101 428 sit
1116 372 1152 428 ob
1167 372 1206 446 id,

240 457 313 532 quod
329 456 416 514 alieno
433 473 515 512 seruo
531 457 618 512 inuito
641 465 669 512 et
692 457 869 514 denuntiante
891 455 1001 512 domino
1025 457 1083 512 eius
1108 453 1206 532 (coiit),

240 541 386 615 conplures
407 545 583 614 distinguunt
611 551 643 597 et
667 543 839 612 existimant,
869 543 891 596 si
920 541 1027 614 quidem
1062 557 1095 596 ex
1127 542 1206 598 iustis

240 627 342 700 nuptiis
355 633 503 699 conceptus
515 627 561 695 sit,
573 627 658 681 ciuem
665 625 815 682 Romanurn
823 641 855 680 ex
869 641 900 680 ca
908 626 993 695 nasci,
1006 627 1029 680 si
1041 641 1107 681 uero
1119 625 1205 699 uolgo

240 719 390 784 conceptus
401 712 447 780 sit,
466 725 584 766 seruam
601 711 674 766 nasci
693 711 760 778 eius,
777 712 854 766 cuius
873 717 957 764 mater
975 709 1045 766 iacta
1064 717 1137 766 esset
1158 727 1205 766 an-

237 795 310 852 cilla.
345 791 395 852 92.
408 795 563 867 Peregrina
578 811 688 868 quoque
704 797 727 850 si
742 795 829 868 uulgo
844 795 1009 867 conceperit,
1025 793 1122 850 deinde
1138 796 1206 850 cinis

239 881 359 937 Romana
373 871 462 952 'saeta
477 895 550 934 nunc
567 873 674 952 ¹pariat,
691 881 777 934 ciuem
793 877 941 935 Romanum
958 879 1043 950 parit3
1059 879 1083 933 si
1094 895 1160 934 nero
1173 895 1207 934 en

187 978 228 1030 25,
238 965 384 1040 peregrino
399 956 403 1041 l
415 963 646 1037 secundumleges
655 975 799 1036 moresque
807 965 1158 1036 peregrinorumconcepit‚
1170 965 1207 1018 ita

242 1049 350 1106 uidetur
361 1065 393 1104 er
406 1049 656 1119 senatusconsulto,
674 1049 747 1122 quod
762 1057 872 1103 auctore
884 1048 948 1102 diuo
961 1046 1094 1103 Hadriano
1107 1047 1207 1103 lactum

239 1142 292 1206 est,
312 1133 400 1210 ciuem
421 1133 570 1189 Romanurn
591 1148 702 1205 parere,
724 1135 747 1188 si
769 1141 797 1188 et
816 1135 887 1206 patri
904 1133 963 1188 eius
979 1133 1073 1188 ciuitas
1088 1125 1207 1187 Romana

238 1212 390 1274 donetur.²

304 1297 354 1358 93.
368 1301 399 1358 st
414 1303 577 1374 peregrinus
598 1299 649 1356 sibi
670 1300 818 1374 liberisque
838 1302 894 1370 suis
911 1302 1045 1357 ciuitatem
1060 1301 1205 1356 Romanam

244 1386 362 1460 petierit,
385 1401 441 1440 non
464 1385 542 1440 aliter
558 1383 606 1440 filii
627 1389 655 1441 in
675 1394 812 1459 potestate
833 1387 892 1440 eius
913 1383 996 1456 liunt,
1018 1401 1096 1458 quam
1117 1385 1139 1438 si
1154 1385 1205 1438 im·

241 1475 352 1544 perator
367 1485 414 1524 eos
429 1471 456 1524 in
473 1477 636 1542 potestatem
652 1469 804 1544 redegerit:
821 1469 894 1543 quod
915 1470 951 1525 ita
971 1469 1078 1525 demum
1094 1471 1116 1524 is
1133 1469 1207 1538 lacit,

243 1556 266 1610 si
282 1569 361 1608 causa
384 1555 494 1627 cognita
509 1554 703 1626 aestimauerit,
727 1555 779 1610 hoc
801 1553 863 1610 filiis
886 1554 1026 1627 expedire:
1050 1552 1207 1628 diligentius

240 1646 330 1694 autem
353 1640 527 1710 exactiusque
551 1653 657 1693 causam
681 1641 824 1712 cognoscit
847 1639 881 1694 de
905 1637 1090 1711 impuberibus
1114 1636 1208 1692 absen-

241 1723 381 1796 tibusque:
405 1730 433 1777 et
456 1723 520 1778 haec
541 1723 578 1778 ita
599 1722 688 1779 edicto
710 1723 768 1778 diui
783 1723 907 1778 Hadriani
927 1721 1126 1796 significantur.
1157 1717 1208 1778 94.

240 1808 307 1864 ltem
323 1809 346 1862 si
367 1808 427 1880 quis
443 1823 503 1862 cum
519 1822 604 1862 uxore
626 1815 793 1883 praegnante
815 1809 926 1864 ciuitate
949 1805 1065 1862 llonrana
1090 1807 1208 1862 donatus

173 1889 175 1892 ’
241 1895 285 1962 sit,
303 1892 426 1966 quamuis
442 1892 476 1962 is,
492 1892 539 1965 qui
553 1893 684 1964 nascitur,
701 1901 828 1966 utsupra
844 1891 907 1964 dixi,
923 1893 990 1948 ciuis
1010 1891 1145 1947 Romanus
1162 1892 1207 1960 sit,

243 1987 332 2032 tamen
352 1978 381 2032 iu
402 1983 539 2048 potestate
559 1981 645 2049 patris
666 1993 721 2033 non
748 1975 793 2034 fit:
822 1976 904 2049 idque
932 1975 1131 2050 subscriptione
1153 1975 1210 2029 diui

243 2053 439 2117 'sanctissimi3
455 2061 579 2116 Hadriani
595 2060 774 2135 significatur.
803 2077 855 2134 qua
867 2061 900 2116 de
912 2077 991 2116 causa
1002 2062 1047 2133 qui
1060 2060 1209 2132 intellegit,

242 2161 355 2202 uxorem
370 2161 447 2202 suam
463 2161 522 2200 esse
538 2154 728 2220 praegnatem,
745 2146 808 2200 dum
821 2146 958 2202 ciuitatem
974 2145 1023 2200 sibi
1039 2153 1066 2200 et
1082 2145 1160 2200 uxori
1176 2143 1209 2197 ab

241 2233 405 2304 imperatore
420 2231 497 2302 petit,
520 2229 601 2284 simul
617 2229 650 2284 ab
666 2230 762 2285 eodem
783 2238 876 2304 petere
898 2229 988 2301 debet,
1012 2239 1042 2284 ut
1064 2245 1138 2299 eum,
1161 2229 1209 2302 qui
1333 2295 1334 2300 ἵ

241 2323 320 2370 natus
337 2315 399 2384 erit,
414 2315 442 2368 in
457 2320 595 2384 potestate
611 2330 660 2368 sua
676 2313 781 2371 habeat.
812 2310 860 2370 95.
876 2314 933 2369 Alia
949 2331 1027 2370 causa
1043 2321 1207 2384 estensem,
1225 2333 1292 2386 [124]
1332 2309 1334 2332 ³

242 2399 288 2470 qui
304 2395 384 2452 ’latii
403 2389 482 2451 iure⁴
501 2413 562 2452 cum
585 2395 676 2453 liberis
696 2400 753 2454 suis
774 2399 806 2454 ad
822 2399 961 2455 ciuitatem
976 2399 1124 2455 Romanam
1146 2413 1207 2470 per·

244 2481 372 2551 ueniunt3
396 2495 458 2534 nam
473 2481 571 2536 horum
586 2483 614 2536 in
633 2490 770 2556 potestate
786 2481 856 2540 fiunt
871 2482 956 2543 liberi.
989 2478 1040 2540 99.
1057 2477 1149 2549 ⁵Quod
1165 2485 1209 2538 ius

316 2611 336 2680 ¹)
357 2610 401 2664 Vnt
417 2622 479 2678 post
495 2617 575 2665 triam
594 2617 740 2667 litterarum
757 2619 881 2681 spatium,
904 2624 960 2667 tunc
983 2617 1078 2667 bebere
1097 2619 1208 2667 videtur.

244 2686 334 2735 Fuerit
353 2687 413 2736 lacta
427 2686 465 2736 ir‘c.
531 2681 612 2751 ²)an
635 2684 687 2742 V'i.
719 2688 826 2738 Rectius
844 2705 905 2738 aero
922 2704 975 2752 pro
994 2689 1067 2738 donet
1084 2690 1212 2751 scriptam

240 2757 312 2821 foret
330 2757 416 2806 donata
436 2760 474 2808 sit.
541 2754 594 2823 ³)s
618 2756 670 2808 Vii.
690 2760 724 2822 cf.
745 2771 765 2822 1,
785 2771 818 2812 tt.
884 2756 906 2825 ⁴)
922 2757 968 2809 Sic
986 2761 1145 2810 nuncetiam
1164 2754 1214 2806 Vsa

242 2827 321 2876 Latini
342 2835 397 2878 sunt
415 2837 440 2878 et
457 2829 515 2878 edd.
542 2829 580 2892 Of.
595 2830 627 2880 de
645 2831 693 2880 boe
712 2837 737 2879 et
755 2831 787 2880 de
805 2837 859 2880 tota
873 2846 903 2878 re
913 2837 975 2893 post
989 2830 1106 2896 Madvig.
1121 2845 1211 2893 opusc.

238 2913 267 2961 p.
282 2907 329 2950 aaa.
348 2899 392 2952 lib.
411 2907 527 2950 noemam
547 2897 652 2950 ‘Gaiae'
671 2917 697 2964 p.
717 2913 730 2952 9
752 2916 804 2965 seq.
824 2908 850 2951 et
873 2900 994 2964 Radorsti
1012 2903 1079 2966 disp.
1099 2903 1159 2952 crit.
1178 2901 1212 2950 de

243 2970 340 3018 maiore
359 2985 399 3020 ac.
418 2973 479 3021 mia.
495 2971 583 3022 Latio.
597 2971 686 3022 Berol.
701 2983 761 3024 1500.
826 2969 848 3038 ⁶)
864 2971 937 3022 Nam.
952 2974 980 3034 §i
993 2973 1052 3022 edd.
1067 2985 1088 3023 1.
1099 2984 1120 3024 1.
1135 2973 1212 3022 omia-

195 3085 202 3098 ,
240 3053 298 3088 eam
311 3039 464 3104 iteponere
476 3045 587 3106 placuit.

243 3163 276 3212 L.
291 3175 312 3216 5.
331 3166 370 3227 ἐξ.
386 3176 406 3214 a.
427 3178 447 3218 0.
467 3166 500 3214 L.
516 3167 606 3218 18.·I).
621 3167 815 3218 destatabom.
836 3164 867 3234 (1,
883 3165 916 3231 4).
944 3167 977 3217 L.
992 3178 1012 3218 t.
1049 3165 1074 3216 0.
1090 3167 1213 3230 depaen.

243 3232 335 3300 (911).
399 3233 426 3305 §-
442 3239 484 3288 92.
502 3236 540 3300 Of.
556 3237 595 3300 55.
611 3249 645 3290 aa
660 3249 695 3289 ee.
758 3234 784 3306 ξ.
800 3239 843 3289 93.
860 3237 897 3301 Of.
913 3249 935 3300 9,
949 3239 1010 3289 resi.
1028 3249 1050 3301 9,
1064 3248 1099 3289 so.
1111 3238 1213 3288 datiae.

244 3317 278 3368 15,
294 3320 314 3358 t.
334 3309 356 3368 ξ.
373 3319 393 3358 a.
414 3307 483 3356 Ptin.
503 3323 542 3371 ep.
563 3319 600 3369 10,
619 3320 640 3359 tt.
661 3307 760 3374 Paaeg.
779 3321 813 3360 at.
832 3323 915 3372 capra
933 3310 957 3370 §-
972 3319 1005 3360 55.
1071 3304 1096 3376 ξ.
1112 3311 1155 3360 et.
1172 3308 1213 3372 Cf.

243 3379 268 3438 ἓ.
283 3389 316 3429 aa.
381 3373 408 3446 ᾖ.
423 3379 465 3430 90.
482 3378 549 3436 Quod
560 3376 609 3445 ius]
627 3379 666 3443 Cf.
679 3379 774 3430 Ancon.
787 3381 814 3428 in
830 3379 882 3428 Cic.
895 3379 985 3430 Pison.
996 3395 1025 3443 p.
1035 3392 1055 3431 a.
1071 3379 1141 3430 Bait.
1159 3378 1213 3429 Cic.

244 3448 459 3511 adAttie.s,11.
479 3451 502 3511 ξ.
519 3461 538 3500 a.
558 3448 628 3501 Saet.
639 3450 707 3516 Aap.
718 3463 752 3503 aa.
771 3449 898 3512 Straton,
913 3463 933 3500 1.
949 3453 972 3512 ς.
989 3463 1021 3502 19.
1033 3467 1061 3514 p.
1073 3463 1121 3502 199.
1138 3450 1215 3500 Ptin.

247 3519 278 3568 N.
294 3519 328 3570 H.
344 3517 448 3586 9,9().
469 3521 509 3582 ἓξ.
525 3530 607 3572 1990.
623 3532 657 3574 aa.
672 3533 705 3572 91.
721 3533 755 3573 eo.
771 3519 906 3586 onoma).
926 3523 949 3583 5.
961 3533 1007 3572 199.
1032 3521 1113 3571 Tacta
1129 3521 1162 3570 A.
1178 3533 1215 3584 15,

243 3599 278 3639 01.
298 3589 333 3638 Η.
349 3601 370 3652 a,
384 3601 418 3642 05.
441 3591 510 3640 Pan.
526 3601 621 3658 paneg.
640 3605 675 3645 nt.
690 3605 725 3644 00.
744 3591 878 3655 Spartica.
893 3592 979 3641 Hadr.
999 3603 1033 3643 20.
1057 3591 1214 3644 orationib.
