<?xml version="1.0" encoding="UTF-8"?>
<!DOCTYPE html PUBLIC "-//W3C//DTD XHTML 1.0 Transitional//EN"
    "http://www.w3.org/TR/xhtml1/DTD/xhtml1-transitional.dtd">
<html xmlns="http://www.w3.org/1999/xhtml" xml:lang="en" lang="en">
 <head>
  <title>
</title>
<meta http-equiv="Content-Type" content="text/html;charset=utf-8" />
  <meta name='ocr-system' content='tesseract 3.04.00' />
  <meta name='ocr-capabilities' content='ocr_page ocr_carea ocr_par ocr_line ocrx_word'/>
</head>
<body>
  <div class='ocr_page' id='page_1' title='image "./ivrisprvdentiae00huscgoog_0884.png"; bbox 0 0 2694 4110; ppageno 0'>
   <div class='ocr_carea' id='block_1_1' title="bbox 257 197 1062 271">
    <p class='ocr_par' dir='ltr' id='par_1_1' title="bbox 257 197 1062 271">
     <span class='ocr_line' id='line_1_1' title="bbox 257 197 1062 271; baseline -0.01 -11"><span class='ocrx_word' id='word_1_1' title='bbox 257 205 318 271; x_wconf 81' lang='lat'>858</span> <span class='ocrx_word' id='word_1_2' title='bbox 408 222 464 258; x_wconf 76' lang='lat' dir='ltr'>vce.</span> <span class='ocrx_word' id='word_1_3' title='bbox 480 221 583 257; x_wconf 84' lang='lat' dir='ltr'>cvrven.</span> <span class='ocrx_word' id='word_1_4' title='bbox 598 217 685 255; x_wconf 79' lang='lat' dir='ltr'>rvaac.</span> <span class='ocrx_word' id='word_1_5' title='bbox 701 217 889 254; x_wconf 80' lang='lat' dir='ltr'>eonevnrarro.</span> <span class='ocrx_word' id='word_1_6' title='bbox 905 197 950 254; x_wconf 84' lang='lat' dir='ltr'>tx.</span> <span class='ocrx_word' id='word_1_7' title='bbox 966 203 1062 254; x_wconf 83' lang='lat'>9-14.</span> 
     </span>
    </p>
   </div>
   <div class='ocr_carea' id='block_1_2' title="bbox 299 347 1284 3094">
    <p class='ocr_par' dir='ltr' id='par_1_2' title="bbox 299 347 1218 658">
     <span class='ocr_line' id='line_1_2' title="bbox 300 347 1218 422; baseline -0.005 -13"><span class='ocrx_word' id='word_1_8' title='bbox 300 352 497 409; x_wconf 89' lang='lat' dir='ltr'>demnatlonem</span> <span class='ocrx_word' id='word_1_9' title='bbox 512 348 634 419; x_wconf 72' lang='lat' dir='ltr'>deducit,</span> <span class='ocrx_word' id='word_1_10' title='bbox 651 349 732 404; x_wconf 90' lang='lat' dir='ltr'>minui</span> <span class='ocrx_word' id='word_1_11' title='bbox 746 356 825 422; x_wconf 90' lang='lat' dir='ltr'>pacto</span> <span class='ocrx_word' id='word_1_12' title='bbox 841 363 896 404; x_wconf 92' lang='lat' dir='ltr'>non</span> <span class='ocrx_word' id='word_1_13' title='bbox 912 349 1015 420; x_wconf 88' lang='lat' dir='ltr'>potuit:</span> <span class='ocrx_word' id='word_1_14' title='bbox 1032 363 1062 404; x_wconf 94' lang='lat' dir='ltr'>ac</span> <span class='ocrx_word' id='word_1_15' title='bbox 1075 347 1218 422; x_wconf 88' lang='lat' dir='ltr'>’propter-</span> 
     </span>
     <span class='ocr_line' id='line_1_3' title="bbox 299 429 1218 504; baseline -0.004 -12"><span class='ocrx_word' id='word_1_16' title='bbox 299 429 346 492; x_wconf 89' lang='lat' dir='ltr'>ea¹</span> <span class='ocrx_word' id='word_1_17' title='bbox 370 433 475 490; x_wconf 89' lang='lat' dir='ltr'>sublata</span> <span class='ocrx_word' id='word_1_18' title='bbox 496 434 620 490; x_wconf 76' lang='lat' dir='ltr'>cautione</span> <span class='ocrx_word' id='word_1_19' title='bbox 641 431 844 502; x_wconf 72' lang='lat' dir='ltr'>transactionis,</span> <span class='ocrx_word' id='word_1_20' title='bbox 868 445 935 504; x_wconf 88' lang='lat' dir='ltr'>quae</span> <span class='ocrx_word' id='word_1_21' title='bbox 957 429 1032 486; x_wconf 92' lang='lat' dir='ltr'>nullo</span> <span class='ocrx_word' id='word_1_22' title='bbox 1048 433 1105 488; x_wconf 91' lang='lat' dir='ltr'>iure</span> <span class='ocrx_word' id='word_1_23' title='bbox 1127 434 1218 488; x_wconf 88' lang='lat' dir='ltr'>inter·</span> 
     </span>
     <span class='ocr_line' id='line_1_4' title="bbox 299 503 1216 592; baseline -0.002 -19"><span class='ocrx_word' id='word_1_24' title='bbox 299 520 386 592; x_wconf 88' lang='lat' dir='ltr'>posita</span> <span class='ocrx_word' id='word_1_25' title='bbox 406 527 465 588; x_wconf 89' lang='lat' dir='ltr'>est,</span> <span class='ocrx_word' id='word_1_26' title='bbox 489 516 634 590; x_wconf 73' lang='lat' dir='ltr'><strong>Septimius</strong></span> <span class='ocrx_word' id='word_1_27' title='bbox 660 515 786 570; x_wconf 81' lang='lat' dir='ltr'>Varianus</span> <span class='ocrx_word' id='word_1_28' title='bbox 809 530 865 570; x_wconf 93' lang='lat' dir='ltr'>rem</span> <span class='ocrx_word' id='word_1_29' title='bbox 888 514 1028 571; x_wconf 88' lang='lat' dir='ltr'>iudicatam</span> <span class='ocrx_word' id='word_1_30' title='bbox 1051 503 1216 588; x_wconf 82' lang='lat' dir='ltr'>exequatur.</span> 
     </span>
     <span class='ocr_line' id='line_1_5' title="bbox 299 592 899 658; baseline -0.008 -1"><span class='ocrx_word' id='word_1_31' title='bbox 299 601 349 658; x_wconf 88' lang='lat' dir='ltr'>PP.</span> <span class='ocrx_word' id='word_1_32' title='bbox 366 600 419 658; x_wconf 88' lang='lat' dir='ltr'>kal.</span> <span class='ocrx_word' id='word_1_33' title='bbox 435 600 485 657; x_wconf 87' lang='lat' dir='ltr'>lul.</span> <span class='ocrx_word' id='word_1_34' title='bbox 501 599 584 656; x_wconf 86' lang='lat' dir='ltr'>Laeto</span> <span class='ocrx_word' id='word_1_35' title='bbox 599 599 630 656; x_wconf 94' lang='lat' dir='ltr'>ll.</span> <span class='ocrx_word' id='word_1_36' title='bbox 647 608 674 655; x_wconf 89' lang='lat' dir='ltr'>et</span> <span class='ocrx_word' id='word_1_37' title='bbox 689 597 796 654; x_wconf 83' lang='lat' dir='ltr'>Cereale</span> <span class='ocrx_word' id='word_1_38' title='bbox 811 592 899 654; x_wconf 72' lang='lat' dir='ltr'>coss.²</span> 
     </span>
    </p>

    <p class='ocr_par' dir='ltr' id='par_1_3' title="bbox 300 677 1217 1244">
     <span class='ocr_line' id='line_1_6' title="bbox 342 677 1215 758; baseline -0.003 -15"><span class='ocrx_word' id='word_1_39' title='bbox 342 683 371 743; x_wconf 79' lang='lat' dir='ltr'>a.</span> <span class='ocrx_word' id='word_1_40' title='bbox 396 677 499 758; x_wconf 80' lang='lat' dir='ltr'>³lmpp.</span> <span class='ocrx_word' id='word_1_41' title='bbox 517 683 627 740; x_wconf 87' lang='lat' dir='ltr'>Dioclet.</span> <span class='ocrx_word' id='word_1_42' title='bbox 645 689 672 739; x_wconf 91' lang='lat' dir='ltr'>et</span> <span class='ocrx_word' id='word_1_43' title='bbox 687 681 834 738; x_wconf 85' lang='lat' dir='ltr'>llarimian.</span> <span class='ocrx_word' id='word_1_44' title='bbox 858 681 911 738; x_wconf 89' lang='lat' dir='ltr'>AA.</span> <span class='ocrx_word' id='word_1_45' title='bbox 928 680 1018 755; x_wconf 82' lang='lat' dir='ltr'>Ulpiae</span> <span class='ocrx_word' id='word_1_46' title='bbox 1034 680 1215 740; x_wconf 80' lang='lat' dir='ltr'>Marcelliano.</span> 
     </span>
     <span class='ocr_line' id='line_1_7' title="bbox 300 764 1217 842; baseline -0.004 -16"><span class='ocrx_word' id='word_1_47' title='bbox 300 769 328 826; x_wconf 89' lang='lat' dir='ltr'>Si</span> <span class='ocrx_word' id='word_1_48' title='bbox 344 784 451 842; x_wconf 82' lang='lat' dir='ltr'>praeses</span> <span class='ocrx_word' id='word_1_49' title='bbox 468 769 625 842; x_wconf 91' lang='lat' dir='ltr'>prouinciae</span> <span class='ocrx_word' id='word_1_50' title='bbox 645 767 823 840; x_wconf 80' lang='lat' dir='ltr'>ignorantiam</span> <span class='ocrx_word' id='word_1_51' title='bbox 843 772 916 821; x_wconf 90' lang='lat' dir='ltr'>tuam</span> <span class='ocrx_word' id='word_1_52' title='bbox 938 764 1109 822; x_wconf 84' lang='lat' dir='ltr'>trantutenn</span> <span class='ocrx_word' id='word_1_53' title='bbox 1124 775 1217 822; x_wconf 87' lang='lat' dir='ltr'>trans·</span> 
     </span>
     <span class='ocr_line' id='line_1_8' title="bbox 301 849 1217 924; baseline -0.004 -14"><span class='ocrx_word' id='word_1_54' title='bbox 301 854 406 910; x_wconf 89' lang='lat' dir='ltr'>actione</span> <span class='ocrx_word' id='word_1_55' title='bbox 429 868 459 908; x_wconf 95' lang='lat' dir='ltr'>ac</span> <span class='ocrx_word' id='word_1_56' title='bbox 480 851 584 906; x_wconf 82' lang='lat' dir='ltr'>dolosis</span> <span class='ocrx_word' id='word_1_57' title='bbox 606 849 709 905; x_wconf 88' lang='lat' dir='ltr'>artibus</span> <span class='ocrx_word' id='word_1_58' title='bbox 732 850 824 924; x_wconf 81' lang='lat' dir='ltr'>generi</span> <span class='ocrx_word' id='word_1_59' title='bbox 847 850 885 904; x_wconf 89' lang='lat' dir='ltr'>tui</span> <span class='ocrx_word' id='word_1_60' title='bbox 901 849 1130 924; x_wconf 86' lang='lat' dir='ltr'>circumscriptam</span> <span class='ocrx_word' id='word_1_61' title='bbox 1154 866 1217 906; x_wconf 91' lang='lat' dir='ltr'>esse</span> 
     </span>
     <span class='ocr_line' id='line_1_9' title="bbox 301 932 1216 1011; baseline -0.005 -17"><span class='ocrx_word' id='word_1_62' title='bbox 301 936 478 1011; x_wconf 77' lang='lat' dir='ltr'>cognouerit,</span> <span class='ocrx_word' id='word_1_63' title='bbox 501 935 524 990; x_wconf 89' lang='lat' dir='ltr'>si</span> <span class='ocrx_word' id='word_1_64' title='bbox 547 933 654 1006; x_wconf 91' lang='lat' dir='ltr'>quidem</span> <span class='ocrx_word' id='word_1_65' title='bbox 670 932 810 1006; x_wconf 87' lang='lat' dir='ltr'>Aquiliana</span> <span class='ocrx_word' id='word_1_66' title='bbox 832 932 971 1005; x_wconf 74' lang='lat' dir='ltr'>stipulatio</span> <span class='ocrx_word' id='word_1_67' title='bbox 993 942 1020 988; x_wconf 91' lang='lat' dir='ltr'>et</span> <span class='ocrx_word' id='word_1_68' title='bbox 1043 933 1216 1007; x_wconf 83' lang='lat' dir='ltr'>acceptilatio</span> 
     </span>
     <span class='ocr_line' id='line_1_10' title="bbox 301 1015 1217 1090; baseline -0.003 -14"><span class='ocrx_word' id='word_1_69' title='bbox 301 1021 421 1078; x_wconf 91' lang='lat' dir='ltr'>insecuta</span> <span class='ocrx_word' id='word_1_70' title='bbox 443 1035 498 1074; x_wconf 94' lang='lat' dir='ltr'>non</span> <span class='ocrx_word' id='word_1_71' title='bbox 515 1027 565 1087; x_wconf 91' lang='lat' dir='ltr'>est,</span> <span class='ocrx_word' id='word_1_72' title='bbox 582 1025 689 1090; x_wconf 91' lang='lat' dir='ltr'>pactum</span> <span class='ocrx_word' id='word_1_73' title='bbox 705 1015 798 1072; x_wconf 91' lang='lat' dir='ltr'>c&#39;allide</span> <span class='ocrx_word' id='word_1_74' title='bbox 811 1017 952 1090; x_wconf 87' lang='lat' dir='ltr'>scriptum,</span> <span class='ocrx_word' id='word_1_75' title='bbox 964 1015 1079 1090; x_wconf 81' lang='lat' dir='ltr'>integris</span> <span class='ocrx_word' id='word_1_76' title='bbox 1091 1016 1217 1090; x_wconf 79' lang='lat' dir='ltr'>singulo·</span> 
     </span>
     <span class='ocr_line' id='line_1_11' title="bbox 300 1097 1214 1173; baseline 0 -13"><span class='ocrx_word' id='word_1_77' title='bbox 300 1120 360 1160; x_wconf 90' lang='lat' dir='ltr'>rum</span> <span class='ocrx_word' id='word_1_78' title='bbox 383 1101 545 1172; x_wconf 82' lang='lat' dir='ltr'>actionibus,</span> <span class='ocrx_word' id='word_1_79' title='bbox 568 1099 711 1156; x_wconf 87' lang='lat' dir='ltr'>amouebit.</span> <span class='ocrx_word' id='word_1_80' title='bbox 749 1098 799 1159; x_wconf 86' lang='lat' dir='ltr'>PP.</span> <span class='ocrx_word' id='word_1_81' title='bbox 814 1097 855 1156; x_wconf 91' lang='lat' dir='ltr'>lll.</span> <span class='ocrx_word' id='word_1_82' title='bbox 872 1116 937 1157; x_wconf 89' lang='lat' dir='ltr'>non.</span> <span class='ocrx_word' id='word_1_83' title='bbox 954 1097 1065 1156; x_wconf 85' lang='lat' dir='ltr'>Octobr.</span> <span class='ocrx_word' id='word_1_84' title='bbox 1081 1101 1147 1173; x_wconf 90' lang='lat' dir='ltr'>ipsis</span> <span class='ocrx_word' id='word_1_85' title='bbox 1160 1101 1214 1160; x_wconf 89' lang='lat' dir='ltr'>AA.</span> 
     </span>
     <span class='ocr_line' id='line_1_12' title="bbox 300 1179 394 1244; baseline -0.043 0"><span class='ocrx_word' id='word_1_86' title='bbox 300 1179 394 1244; x_wconf 76' lang='lat' dir='ltr'>coss.⁴</span> 
     </span>
    </p>

    <p class='ocr_par' dir='ltr' id='par_1_4' title="bbox 302 1263 1215 1510">
     <span class='ocr_line' id='line_1_13' title="bbox 344 1263 1215 1344; baseline -0.006 -17"><span class='ocrx_word' id='word_1_87' title='bbox 344 1265 392 1328; x_wconf 91' lang='lat'>10.</span> <span class='ocrx_word' id='word_1_88' title='bbox 418 1263 501 1344; x_wconf 76' lang='lat' dir='ltr'>⁵lmp.</span> <span class='ocrx_word' id='word_1_89' title='bbox 517 1267 669 1324; x_wconf 85' lang='lat' dir='ltr'>Gordianus</span> <span class='ocrx_word' id='word_1_90' title='bbox 685 1268 715 1323; x_wconf 90' lang='lat' dir='ltr'>A.</span> <span class='ocrx_word' id='word_1_91' title='bbox 733 1265 832 1323; x_wconf 84' lang='lat' dir='ltr'>Cliniae</span> <span class='ocrx_word' id='word_1_92' title='bbox 847 1266 989 1322; x_wconf 89' lang='lat' dir='ltr'>Antoniae.</span> <span class='ocrx_word' id='word_1_93' title='bbox 1026 1265 1122 1342; x_wconf 90' lang='lat' dir='ltr'>Pacta,</span> <span class='ocrx_word' id='word_1_94' title='bbox 1147 1283 1215 1340; x_wconf 91' lang='lat' dir='ltr'>quae</span> 
     </span>
     <span class='ocr_line' id='line_1_14' title="bbox 302 1351 1215 1424; baseline -0.005 -13"><span class='ocrx_word' id='word_1_95' title='bbox 302 1364 396 1411; x_wconf 93' lang='lat' dir='ltr'>contra</span> <span class='ocrx_word' id='word_1_96' title='bbox 411 1352 499 1410; x_wconf 88' lang='lat' dir='ltr'>bonos</span> <span class='ocrx_word' id='word_1_97' title='bbox 514 1368 603 1408; x_wconf 89' lang='lat' dir='ltr'>mores</span> <span class='ocrx_word' id='word_1_98' title='bbox 618 1353 841 1424; x_wconf 84' lang='lat' dir='ltr'>interponuntur,</span> <span class='ocrx_word' id='word_1_99' title='bbox 861 1351 926 1406; x_wconf 91' lang='lat' dir='ltr'>iuris</span> <span class='ocrx_word' id='word_1_100' title='bbox 943 1351 1010 1406; x_wconf 90' lang='lat' dir='ltr'>ratio</span> <span class='ocrx_word' id='word_1_101' title='bbox 1033 1367 1089 1405; x_wconf 95' lang='lat' dir='ltr'>non</span> <span class='ocrx_word' id='word_1_102' title='bbox 1112 1359 1215 1408; x_wconf 85' lang='lat' dir='ltr'>tuetur.</span> 
     </span>
     <span class='ocr_line' id='line_1_15' title="bbox 304 1427 1063 1510; baseline -0.007 -18"><span class='ocrx_word' id='word_1_103' title='bbox 304 1435 354 1493; x_wconf 88' lang='lat' dir='ltr'>PP.</span> <span class='ocrx_word' id='word_1_104' title='bbox 371 1453 435 1495; x_wconf 89' lang='lat' dir='ltr'>non.</span> <span class='ocrx_word' id='word_1_105' title='bbox 453 1435 563 1496; x_wconf 85' lang='lat' dir='ltr'>Octobr.</span> <span class='ocrx_word' id='word_1_106' title='bbox 581 1437 640 1510; x_wconf 90' lang='lat' dir='ltr'>ipso</span> <span class='ocrx_word' id='word_1_107' title='bbox 656 1437 687 1490; x_wconf 92' lang='lat' dir='ltr'>A.</span> <span class='ocrx_word' id='word_1_108' title='bbox 705 1435 736 1494; x_wconf 88' lang='lat' dir='ltr'>ll.</span> <span class='ocrx_word' id='word_1_109' title='bbox 753 1442 780 1490; x_wconf 92' lang='lat' dir='ltr'>et</span> <span class='ocrx_word' id='word_1_110' title='bbox 795 1433 958 1507; x_wconf 89' lang='lat' dir='ltr'>Pompeiano</span> <span class='ocrx_word' id='word_1_111' title='bbox 974 1427 1063 1491; x_wconf 81' lang='lat' dir='ltr'>coss.⁶</span> 
     </span>
    </p>

    <p class='ocr_par' dir='ltr' id='par_1_5' title="bbox 303 1513 1284 2096">
     <span class='ocr_line' id='line_1_16' title="bbox 343 1513 1217 1593; baseline -0.003 -16"><span class='ocrx_word' id='word_1_112' title='bbox 343 1517 384 1577; x_wconf 87' lang='lat'>11.</span> <span class='ocrx_word' id='word_1_113' title='bbox 408 1513 492 1593; x_wconf 86' lang='lat' dir='ltr'>⁷lrnp.</span> <span class='ocrx_word' id='word_1_114' title='bbox 509 1517 658 1574; x_wconf 71' lang='lat' dir='ltr'>Alexander</span> <span class='ocrx_word' id='word_1_115' title='bbox 673 1517 781 1574; x_wconf 92' lang='lat' dir='ltr'>Aurelio</span> <span class='ocrx_word' id='word_1_116' title='bbox 795 1517 929 1592; x_wconf 83' lang='lat' dir='ltr'>Dionysio.</span> <span class='ocrx_word' id='word_1_117' title='bbox 958 1515 1023 1573; x_wconf 84' lang='lat' dir='ltr'>uun</span> <span class='ocrx_word' id='word_1_118' title='bbox 1038 1527 1217 1592; x_wconf 87' lang='lat' dir='ltr'>posteaquam</span> 
     </span>
     <span class='ocr_line' id='line_1_17' title="bbox 303 1597 1217 1674; baseline -0.004 -12"><span class='ocrx_word' id='word_1_119' title='bbox 303 1597 477 1662; x_wconf 84' lang='lat' dir='ltr'>aduersarius</span> <span class='ocrx_word' id='word_1_120' title='bbox 494 1603 585 1658; x_wconf 88' lang='lat' dir='ltr'>matris</span> <span class='ocrx_word' id='word_1_121' title='bbox 602 1610 663 1658; x_wconf 88' lang='lat' dir='ltr'>tuae</span> <span class='ocrx_word' id='word_1_122' title='bbox 680 1604 771 1657; x_wconf 88' lang='lat' dir='ltr'>uictus</span> <span class='ocrx_word' id='word_1_123' title='bbox 787 1609 868 1674; x_wconf 87' lang='lat' dir='ltr'>esset,</span> <span class='ocrx_word' id='word_1_124' title='bbox 885 1607 996 1657; x_wconf 91' lang='lat' dir='ltr'>matrem</span> <span class='ocrx_word' id='word_1_125' title='bbox 1014 1610 1086 1657; x_wconf 90' lang='lat' dir='ltr'>tuam</span> <span class='ocrx_word' id='word_1_126' title='bbox 1102 1603 1217 1658; x_wconf 91' lang='lat' dir='ltr'>circum·</span> 
     </span>
     <span class='ocr_line' id='line_1_18' title="bbox 303 1677 1216 1760; baseline -0.007 -14"><span class='ocrx_word' id='word_1_127' title='bbox 303 1689 420 1758; x_wconf 87' lang='lat' dir='ltr'>uenerit,</span> <span class='ocrx_word' id='word_1_128' title='bbox 437 1694 467 1742; x_wconf 84' lang='lat' dir='ltr'>nt</span> <span class='ocrx_word' id='word_1_129' title='bbox 482 1687 673 1760; x_wconf 86' lang='lat' dir='ltr'>pacisceretur,</span> <span class='ocrx_word' id='word_1_130' title='bbox 689 1684 789 1740; x_wconf 90' lang='lat' dir='ltr'>nullarn</span> <span class='ocrx_word' id='word_1_131' title='bbox 805 1700 835 1740; x_wconf 88' lang='lat' dir='ltr'>se</span> <span class='ocrx_word' id='word_1_132' title='bbox 851 1677 1064 1740; x_wconf 83' lang='lat' dir='ltr'>controuersiam</span> <span class='ocrx_word' id='word_1_133' title='bbox 1079 1683 1112 1740; x_wconf 90' lang='lat' dir='ltr'>de</span> <span class='ocrx_word' id='word_1_134' title='bbox 1126 1686 1216 1742; x_wconf 90' lang='lat' dir='ltr'>seruis</span> 
     </span>
     <span class='ocr_line' id='line_1_19' title="bbox 303 1765 1215 1843; baseline -0.004 -16"><span class='ocrx_word' id='word_1_135' title='bbox 303 1781 453 1841; x_wconf 82' lang='lat' dir='ltr'>moturum,</span> <span class='ocrx_word' id='word_1_136' title='bbox 468 1769 494 1825; x_wconf 92' lang='lat' dir='ltr'>id</span> <span class='ocrx_word' id='word_1_137' title='bbox 510 1777 617 1843; x_wconf 90' lang='lat' dir='ltr'>pactum</span> <span class='ocrx_word' id='word_1_138' title='bbox 633 1768 700 1825; x_wconf 91' lang='lat' dir='ltr'>mala</span> <span class='ocrx_word' id='word_1_139' title='bbox 715 1767 769 1824; x_wconf 87' lang='lat' dir='ltr'>lide</span> <span class='ocrx_word' id='word_1_140' title='bbox 784 1767 883 1826; x_wconf 89' lang='lat' dir='ltr'>iactum</span> <span class='ocrx_word' id='word_1_141' title='bbox 898 1769 1003 1824; x_wconf 89' lang='lat' dir='ltr'>irritum</span> <span class='ocrx_word' id='word_1_142' title='bbox 1023 1774 1072 1823; x_wconf 89' lang='lat' dir='ltr'>est.</span> <span class='ocrx_word' id='word_1_143' title='bbox 1105 1765 1137 1822; x_wconf 84' lang='lat' dir='ltr'>llt</span> <span class='ocrx_word' id='word_1_144' title='bbox 1152 1784 1215 1824; x_wconf 92' lang='lat' dir='ltr'>cum</span> 
     </span>
     <span class='ocr_line' id='line_1_20' title="bbox 304 1848 1284 1925; baseline -0.008 -13"><span class='ocrx_word' id='word_1_145' title='bbox 304 1873 335 1912; x_wconf 86' lang='lat' dir='ltr'>ex</span> <span class='ocrx_word' id='word_1_146' title='bbox 350 1872 380 1912; x_wconf 92' lang='lat' dir='ltr'>ca</span> <span class='ocrx_word' id='word_1_147' title='bbox 396 1855 577 1911; x_wconf 88' lang='lat' dir='ltr'>conuentione</span> <span class='ocrx_word' id='word_1_148' title='bbox 593 1869 652 1908; x_wconf 93' lang='lat' dir='ltr'>cum</span> <span class='ocrx_word' id='word_1_149' title='bbox 674 1860 758 1908; x_wconf 88' lang='lat' dir='ltr'>matre</span> <span class='ocrx_word' id='word_1_150' title='bbox 776 1860 822 1907; x_wconf 87' lang='lat' dir='ltr'>tua</span> <span class='ocrx_word' id='word_1_151' title='bbox 838 1853 881 1925; x_wconf 81' lang='lat' dir='ltr'>agi</span> <span class='ocrx_word' id='word_1_152' title='bbox 904 1848 1039 1925; x_wconf 88' lang='lat' dir='ltr'>coeperit,</span> <span class='ocrx_word' id='word_1_153' title='bbox 1060 1849 1214 1907; x_wconf 82' lang='lat' dir='ltr'>inteream</span> <span class='ocrx_word' id='word_1_154' title='bbox 1232 1863 1284 1912; x_wconf 79' lang='lat' dir='ltr'>[aaa]</span> 
     </span>
     <span class='ocr_line' id='line_1_21' title="bbox 304 1933 1214 2012; baseline -0.008 -17"><span class='ocrx_word' id='word_1_155' title='bbox 304 1937 443 2012; x_wconf 76' lang='lat' dir='ltr'>liberaiait3</span> <span class='ocrx_word' id='word_1_156' title='bbox 460 1938 520 2010; x_wconf 90' lang='lat' dir='ltr'>qnia</span> <span class='ocrx_word' id='word_1_157' title='bbox 536 1937 568 1992; x_wconf 91' lang='lat' dir='ltr'>de</span> <span class='ocrx_word' id='word_1_158' title='bbox 584 1952 613 1992; x_wconf 93' lang='lat' dir='ltr'>re</span> <span class='ocrx_word' id='word_1_159' title='bbox 628 1935 741 1992; x_wconf 91' lang='lat' dir='ltr'>iudicata</span> <span class='ocrx_word' id='word_1_160' title='bbox 752 1936 849 2010; x_wconf 89' lang='lat' dir='ltr'>pacisci</span> <span class='ocrx_word' id='word_1_161' title='bbox 863 1951 941 1992; x_wconf 90' lang='lat' dir='ltr'>neruo</span> <span class='ocrx_word' id='word_1_162' title='bbox 953 1943 1054 2009; x_wconf 85' lang='lat' dir='ltr'>potest.</span> <span class='ocrx_word' id='word_1_163' title='bbox 1081 1933 1130 1990; x_wconf 92' lang='lat' dir='ltr'>PP.</span> <span class='ocrx_word' id='word_1_164' title='bbox 1144 1933 1214 2008; x_wconf 88' lang='lat' dir='ltr'>prid.</span> 
     </span>
     <span class='ocr_line' id='line_1_22' title="bbox 303 2017 1142 2096; baseline -0.01 -18"><span class='ocrx_word' id='word_1_165' title='bbox 303 2023 338 2078; x_wconf 84' lang='lat' dir='ltr'>id.</span> <span class='ocrx_word' id='word_1_166' title='bbox 355 2022 429 2096; x_wconf 87' lang='lat' dir='ltr'>Sept.</span> <span class='ocrx_word' id='word_1_167' title='bbox 447 2020 597 2077; x_wconf 81' lang='lat' dir='ltr'>Alerantiro</span> <span class='ocrx_word' id='word_1_168' title='bbox 613 2019 644 2074; x_wconf 89' lang='lat' dir='ltr'>A.</span> <span class='ocrx_word' id='word_1_169' title='bbox 661 2036 716 2076; x_wconf 91' lang='lat' dir='ltr'>cos.</span> <span class='ocrx_word' id='word_1_170' title='bbox 1140 2017 1142 2022; x_wconf 82' lang='grc'>’</span> 
     </span>
    </p>

    <p class='ocr_par' dir='ltr' id='par_1_6' title="bbox 305 2094 1217 2578">
     <span class='ocr_line' id='line_1_23' title="bbox 345 2094 810 2178; baseline -0.011 -16"><span class='ocrx_word' id='word_1_171' title='bbox 345 2101 390 2162; x_wconf 83' lang='lat'>12.</span> <span class='ocrx_word' id='word_1_172' title='bbox 412 2103 449 2160; x_wconf 82' lang='lat' dir='ltr'>Ex</span> <span class='ocrx_word' id='word_1_173' title='bbox 465 2120 579 2178; x_wconf 90' lang='lat' dir='ltr'>corpore</span> <span class='ocrx_word' id='word_1_174' title='bbox 595 2094 810 2159; x_wconf 77' lang='lat' dir='ltr'>Theodosiani:⁸</span> 
     </span>
     <span class='ocr_line' id='line_1_24' title="bbox 305 2184 1216 2263; baseline -0.007 -17"><span class='ocrx_word' id='word_1_175' title='bbox 305 2189 390 2263; x_wconf 91' lang='lat' dir='ltr'>lmpp.</span> <span class='ocrx_word' id='word_1_176' title='bbox 419 2187 554 2244; x_wconf 88' lang='lat' dir='ltr'>Honorius</span> <span class='ocrx_word' id='word_1_177' title='bbox 584 2195 612 2243; x_wconf 89' lang='lat' dir='ltr'>et</span> <span class='ocrx_word' id='word_1_178' title='bbox 645 2186 814 2243; x_wconf 81' lang='lat' dir='ltr'>Theodosius</span> <span class='ocrx_word' id='word_1_179' title='bbox 842 2186 895 2241; x_wconf 87' lang='lat' dir='ltr'>AA.</span> <span class='ocrx_word' id='word_1_180' title='bbox 919 2184 1021 2243; x_wconf 90' lang='lat' dir='ltr'>loliano</span> <span class='ocrx_word' id='word_1_181' title='bbox 1057 2185 1216 2258; x_wconf 89' lang='lat' dir='ltr'>proconsuli</span> 
     </span>
     <span class='ocr_line' id='line_1_25' title="bbox 305 2268 1216 2343; baseline -0.004 -15"><span class='ocrx_word' id='word_1_182' title='bbox 305 2273 418 2330; x_wconf 89' lang='lat' dir='ltr'>Airicae.</span> <span class='ocrx_word' id='word_1_183' title='bbox 462 2269 494 2326; x_wconf 86' lang='lat' dir='ltr'>Et</span> <span class='ocrx_word' id='word_1_184' title='bbox 516 2269 672 2326; x_wconf 86' lang='lat' dir='ltr'>mulieribus</span> <span class='ocrx_word' id='word_1_185' title='bbox 688 2277 715 2326; x_wconf 86' lang='lat' dir='ltr'>et</span> <span class='ocrx_word' id='word_1_186' title='bbox 730 2268 877 2326; x_wconf 89' lang='lat' dir='ltr'>minorihus</span> <span class='ocrx_word' id='word_1_187' title='bbox 897 2270 924 2325; x_wconf 93' lang='lat' dir='ltr'>in</span> <span class='ocrx_word' id='word_1_188' title='bbox 940 2269 982 2341; x_wconf 91' lang='lat' dir='ltr'>iis,</span> <span class='ocrx_word' id='word_1_189' title='bbox 1006 2285 1074 2343; x_wconf 91' lang='lat' dir='ltr'>quae</span> <span class='ocrx_word' id='word_1_190' title='bbox 1097 2277 1216 2343; x_wconf 86' lang='lat' dir='ltr'>praeter·</span> 
     </span>
     <span class='ocr_line' id='line_1_26' title="bbox 305 2351 1217 2430; baseline -0.007 -16"><span class='ocrx_word' id='word_1_191' title='bbox 305 2356 426 2414; x_wconf 88' lang='lat' dir='ltr'>miserint</span> <span class='ocrx_word' id='word_1_192' title='bbox 442 2354 484 2411; x_wconf 90' lang='lat' dir='ltr'>uel</span> <span class='ocrx_word' id='word_1_193' title='bbox 500 2355 699 2430; x_wconf 81' lang='lat' dir='ltr'>ignorauerint,</span> <span class='ocrx_word' id='word_1_194' title='bbox 721 2353 870 2409; x_wconf 87' lang='lat' dir='ltr'>innumeris</span> <span class='ocrx_word' id='word_1_195' title='bbox 886 2351 1093 2408; x_wconf 88' lang='lat' dir='ltr'>auctoritatibus</span> <span class='ocrx_word' id='word_1_196' title='bbox 1110 2361 1217 2408; x_wconf 90' lang='lat' dir='ltr'>constat</span> 
     </span>
     <span class='ocr_line' id='line_1_27' title="bbox 305 2435 1217 2510; baseline -0.005 -14"><span class='ocrx_word' id='word_1_197' title='bbox 305 2457 364 2496; x_wconf 93' lang='lat' dir='ltr'>esse</span> <span class='ocrx_word' id='word_1_198' title='bbox 387 2438 550 2496; x_wconf 89' lang='lat' dir='ltr'>consultum.</span> <span class='ocrx_word' id='word_1_199' title='bbox 595 2437 653 2493; x_wconf 87' lang='lat' dir='ltr'>liat.</span> <span class='ocrx_word' id='word_1_200' title='bbox 675 2436 746 2510; x_wconf 93' lang='lat' dir='ltr'>prid.</span> <span class='ocrx_word' id='word_1_201' title='bbox 770 2453 835 2493; x_wconf 90' lang='lat' dir='ltr'>non.</span> <span class='ocrx_word' id='word_1_202' title='bbox 863 2435 938 2492; x_wconf 86' lang='lat' dir='ltr'>llari.</span> <span class='ocrx_word' id='word_1_203' title='bbox 960 2435 1120 2507; x_wconf 87' lang='lat' dir='ltr'>Rauennae,</span> <span class='ocrx_word' id='word_1_204' title='bbox 1149 2435 1217 2491; x_wconf 85' lang='lat' dir='ltr'>Cou-</span> 
     </span>
     <span class='ocr_line' id='line_1_28' title="bbox 309 2524 498 2578; baseline -0.005 -1"><span class='ocrx_word' id='word_1_205' title='bbox 309 2524 428 2578; x_wconf 88' lang='lat' dir='ltr'>stautino</span> <span class='ocrx_word' id='word_1_206' title='bbox 443 2537 498 2578; x_wconf 89' lang='lat' dir='ltr'>cos.</span> 
     </span>
    </p>

    <p class='ocr_par' dir='ltr' id='par_1_7' title="bbox 306 2601 1218 3009">
     <span class='ocr_line' id='line_1_29' title="bbox 347 2601 736 2676; baseline -0.015 -12"><span class='ocrx_word' id='word_1_207' title='bbox 347 2601 391 2664; x_wconf 81' lang='grc'>18.</span> <span class='ocrx_word' id='word_1_208' title='bbox 415 2604 480 2660; x_wconf 83' lang='lat' dir='ltr'>ltem</span> <span class='ocrx_word' id='word_1_209' title='bbox 497 2603 591 2660; x_wconf 89' lang='lat' dir='ltr'>eodem</span> <span class='ocrx_word' id='word_1_210' title='bbox 607 2619 736 2676; x_wconf 87' lang='lat' dir='ltr'>corpore:</span> 
     </span>
     <span class='ocr_line' id='line_1_30' title="bbox 306 2683 1218 2764; baseline -0.002 -19"><span class='ocrx_word' id='word_1_211' title='bbox 306 2683 391 2764; x_wconf 82' lang='lat' dir='ltr'>⁹lrnp.</span> <span class='ocrx_word' id='word_1_212' title='bbox 412 2687 601 2743; x_wconf 84' lang='lat' dir='ltr'>Constantinus</span> <span class='ocrx_word' id='word_1_213' title='bbox 624 2688 653 2742; x_wconf 88' lang='lat' dir='ltr'>A.</span> <span class='ocrx_word' id='word_1_214' title='bbox 671 2685 703 2742; x_wconf 88' lang='lat' dir='ltr'>ad</span> <span class='ocrx_word' id='word_1_215' title='bbox 725 2685 864 2742; x_wconf 82' lang='lat' dir='ltr'>llarinrum</span> <span class='ocrx_word' id='word_1_216' title='bbox 886 2686 1014 2761; x_wconf 77' lang='lat' dir='ltr'>praefeci.</span> <span class='ocrx_word' id='word_1_217' title='bbox 1039 2686 1098 2744; x_wconf 93' lang='lat' dir='ltr'>urb.</span> <span class='ocrx_word' id='word_1_218' title='bbox 1122 2686 1218 2743; x_wconf 91' lang='lat' dir='ltr'>lnter</span> 
     </span>
     <span class='ocr_line' id='line_1_31' title="bbox 306 2768 1218 2839; baseline -0.005 -8"><span class='ocrx_word' id='word_1_219' title='bbox 306 2783 429 2831; x_wconf 86' lang='lat' dir='ltr'>cetera.</span> <span class='ocrx_word' id='word_1_220' title='bbox 445 2779 478 2828; x_wconf 86' lang='lat' dir='ltr'>et</span> <span class='ocrx_word' id='word_1_221' title='bbox 501 2770 538 2827; x_wconf 92' lang='lat' dir='ltr'>ad</span> <span class='ocrx_word' id='word_1_222' title='bbox 560 2771 687 2826; x_wconf 91' lang='lat' dir='ltr'>locum:</span> <span class='ocrx_word' id='word_1_223' title='bbox 711 2768 854 2826; x_wconf 89' lang='lat' dir='ltr'>Pactiones</span> <span class='ocrx_word' id='word_1_224' title='bbox 870 2786 913 2826; x_wconf 91' lang='lat' dir='ltr'>eas</span> <span class='ocrx_word' id='word_1_225' title='bbox 929 2771 1020 2827; x_wconf 91' lang='lat' dir='ltr'>ualere</span> <span class='ocrx_word' id='word_1_226' title='bbox 1036 2770 1173 2839; x_wconf 90' lang='lat' dir='ltr'>uolumus,</span> <span class='ocrx_word' id='word_1_227' title='bbox 1197 2771 1218 2826; x_wconf 88' lang='lat' dir='ltr'>si</span> 
     </span>
     <span class='ocr_line' id='line_1_32' title="bbox 307 2851 1215 2930; baseline -0.008 -16"><span class='ocrx_word' id='word_1_228' title='bbox 307 2875 368 2915; x_wconf 87' lang='lat' dir='ltr'>cum</span> <span class='ocrx_word' id='word_1_229' title='bbox 383 2855 488 2930; x_wconf 85' lang='lat' dir='ltr'>legibus</span> <span class='ocrx_word' id='word_1_230' title='bbox 504 2856 685 2926; x_wconf 86' lang='lat' dir='ltr'>consentiant,</span> <span class='ocrx_word' id='word_1_231' title='bbox 698 2861 730 2911; x_wconf 88' lang='lat' dir='ltr'>et</span> <span class='ocrx_word' id='word_1_232' title='bbox 746 2853 893 2928; x_wconf 88' lang='lat' dir='ltr'>reliqua.</span> <span class='ocrx_word' id='word_1_233' title='bbox 927 2855 983 2910; x_wconf 79' lang='lat' dir='ltr'>liat.</span> <span class='ocrx_word' id='word_1_234' title='bbox 1000 2853 1044 2909; x_wconf 85' lang='lat' dir='ltr'>Vl.</span> <span class='ocrx_word' id='word_1_235' title='bbox 1060 2854 1125 2911; x_wconf 88' lang='lat' dir='ltr'>uon.</span> <span class='ocrx_word' id='word_1_236' title='bbox 1139 2851 1215 2909; x_wconf 82' lang='lat' dir='ltr'>Febr.</span> 
     </span>
     <span class='ocr_line' id='line_1_33' title="bbox 306 2931 804 3009; baseline -0.008 -14"><span class='ocrx_word' id='word_1_237' title='bbox 306 2939 416 3009; x_wconf 84' lang='lat' dir='ltr'>Rornae,</span> <span class='ocrx_word' id='word_1_238' title='bbox 433 2937 531 2994; x_wconf 86' lang='lat' dir='ltr'>Sabino</span> <span class='ocrx_word' id='word_1_239' title='bbox 550 2947 577 2994; x_wconf 91' lang='lat' dir='ltr'>et</span> <span class='ocrx_word' id='word_1_240' title='bbox 591 2931 689 2994; x_wconf 77' lang='lat' dir='ltr'>liuline</span> <span class='ocrx_word' id='word_1_241' title='bbox 705 2931 804 2993; x_wconf 86' lang='lat' dir='ltr'>coss.¹⁰</span> 
     </span>
    </p>

    <p class='ocr_par' dir='ltr' id='par_1_8' title="bbox 347 3019 770 3094">
     <span class='ocr_line' id='line_1_34' title="bbox 347 3019 770 3094; baseline -0.007 -16"><span class='ocrx_word' id='word_1_242' title='bbox 347 3019 392 3078; x_wconf 87' lang='lat'>14.</span> <span class='ocrx_word' id='word_1_243' title='bbox 416 3019 452 3076; x_wconf 83' lang='lat' dir='ltr'>En</span> <span class='ocrx_word' id='word_1_244' title='bbox 467 3037 582 3094; x_wconf 91' lang='lat' dir='ltr'>corpore</span> <span class='ocrx_word' id='word_1_245' title='bbox 597 3020 770 3093; x_wconf 80' lang='lat' dir='ltr'>Gregoriaui:</span> 
     </span>
    </p>
   </div>
   <div class='ocr_carea' id='block_1_3' title="bbox 184 3183 1220 3604">
    <p class='ocr_par' dir='ltr' id='par_1_9' title="bbox 184 3183 1220 3604">
     <span class='ocr_line' id='line_1_35' title="bbox 236 3183 1219 3255; baseline -0.002 -15"><span class='ocrx_word' id='word_1_246' title='bbox 236 3207 239 3214; x_wconf 54' lang='lat'>¹</span> <span class='ocrx_word' id='word_1_247' title='bbox 338 3188 357 3255; x_wconf 87' lang='lat'>¹)</span> <span class='ocrx_word' id='word_1_248' title='bbox 372 3191 435 3240; x_wconf 87' lang='lat' dir='ltr'>Par.</span> <span class='ocrx_word' id='word_1_249' title='bbox 450 3201 484 3242; x_wconf 80' lang='lat' dir='ltr'>aa.</span> <span class='ocrx_word' id='word_1_250' title='bbox 503 3195 626 3252; x_wconf 88' lang='lat' dir='ltr'>praeterea</span> <span class='ocrx_word' id='word_1_251' title='bbox 643 3187 705 3241; x_wconf 84' lang='lat' dir='ltr'>Pur.</span> <span class='ocrx_word' id='word_1_252' title='bbox 721 3201 754 3240; x_wconf 86' lang='lat' dir='ltr'>tt.</span> <span class='ocrx_word' id='word_1_253' title='bbox 770 3188 853 3255; x_wconf 79' lang='lat' dir='ltr'>Pupp.</span> <span class='ocrx_word' id='word_1_254' title='bbox 924 3184 1044 3253; x_wconf 75' lang='lat' dir='ltr'>¹)a.2ra.</span> <span class='ocrx_word' id='word_1_255' title='bbox 1115 3183 1219 3254; x_wconf 52' lang='grc' dir='ltr'>ΜΛ.</span> 
     </span>
     <span class='ocr_line' id='line_1_36' title="bbox 184 3255 1218 3327; baseline -0.007 -14"><span class='ocrx_word' id='word_1_256' title='bbox 184 3323 186 3327; x_wconf 57' lang='lat'>.</span> <span class='ocrx_word' id='word_1_257' title='bbox 267 3263 311 3313; x_wconf 83' lang='lat' dir='ltr'>Gr.</span> <span class='ocrx_word' id='word_1_258' title='bbox 329 3263 354 3312; x_wconf 85' lang='lat'>0.</span> <span class='ocrx_word' id='word_1_259' title='bbox 369 3263 540 3311; x_wconf 82' lang='lat' dir='ltr'>detronsact.</span> <span class='ocrx_word' id='word_1_260' title='bbox 555 3257 587 3325; x_wconf 84' lang='lat'>(1,</span> <span class='ocrx_word' id='word_1_261' title='bbox 602 3257 637 3325; x_wconf 89' lang='lat'>11)</span> <span class='ocrx_word' id='word_1_262' title='bbox 652 3259 736 3308; x_wconf 79' lang='lat' dir='ltr'>Haeo.</span> <span class='ocrx_word' id='word_1_263' title='bbox 748 3274 776 3322; x_wconf 86' lang='lat' dir='ltr'>p.</span> <span class='ocrx_word' id='word_1_264' title='bbox 792 3270 812 3311; x_wconf 82' lang='lat'>6.</span> <span class='ocrx_word' id='word_1_265' title='bbox 869 3256 890 3324; x_wconf 87' lang='lat'>⁴)</span> <span class='ocrx_word' id='word_1_266' title='bbox 904 3275 928 3309; x_wconf 84' lang='lat' dir='ltr'>a.</span> <span class='ocrx_word' id='word_1_267' title='bbox 944 3270 1066 3312; x_wconf 75' lang='lat' dir='ltr'>aaa-³04.</span> <span class='ocrx_word' id='word_1_268' title='bbox 1119 3255 1139 3324; x_wconf 57' lang='grc' dir='ltr'>Ι5)</span> <span class='ocrx_word' id='word_1_269' title='bbox 1159 3257 1218 3307; x_wconf 84' lang='lat' dir='ltr'>Vici.</span> 
     </span>
     <span class='ocr_line' id='line_1_37' title="bbox 264 3325 1220 3394; baseline -0.004 -12"><span class='ocrx_word' id='word_1_270' title='bbox 264 3333 348 3383; x_wconf 77' lang='lat' dir='ltr'>Haec.</span> <span class='ocrx_word' id='word_1_271' title='bbox 367 3333 410 3382; x_wconf 78' lang='lat' dir='ltr'>Gr.</span> <span class='ocrx_word' id='word_1_272' title='bbox 429 3333 529 3394; x_wconf 69' lang='lat' dir='ltr'>apa.</span> <span class='ocrx_word' id='word_1_273' title='bbox 582 3325 703 3394; x_wconf 72' lang='lat' dir='ltr'>⁰)a.aar.</span> <span class='ocrx_word' id='word_1_274' title='bbox 756 3326 853 3394; x_wconf 51' lang='grc' dir='ltr'>7)Ιι.9.</span> <span class='ocrx_word' id='word_1_275' title='bbox 876 3327 1220 3394; x_wconf 64' lang='lat' dir='ltr'>aucmentacione.</span> 
     </span>
     <span class='ocr_line' id='line_1_38' title="bbox 265 3395 1220 3465; baseline -0.004 -13"><span class='ocrx_word' id='word_1_276' title='bbox 265 3403 349 3453; x_wconf 84' lang='lat' dir='ltr'>Heen.</span> <span class='ocrx_word' id='word_1_277' title='bbox 367 3403 411 3452; x_wconf 82' lang='lat' dir='ltr'>Gr.</span> <span class='ocrx_word' id='word_1_278' title='bbox 429 3402 454 3452; x_wconf 82' lang='lat'>0.</span> <span class='ocrx_word' id='word_1_279' title='bbox 465 3417 493 3464; x_wconf 81' lang='lat' dir='ltr'>p.</span> <span class='ocrx_word' id='word_1_280' title='bbox 509 3412 530 3452; x_wconf 81' lang='lat' dir='ltr'>a.</span> <span class='ocrx_word' id='word_1_281' title='bbox 604 3395 626 3464; x_wconf 85' lang='lat'>⁸)</span> <span class='ocrx_word' id='word_1_282' title='bbox 640 3400 672 3449; x_wconf 87' lang='lat' dir='ltr'>L.</span> <span class='ocrx_word' id='word_1_283' title='bbox 687 3411 706 3450; x_wconf 78' lang='lat' dir='ltr'>a.</span> <span class='ocrx_word' id='word_1_284' title='bbox 735 3399 778 3450; x_wconf 81' lang='lat' dir='ltr'>le.</span> <span class='ocrx_word' id='word_1_285' title='bbox 801 3400 826 3449; x_wconf 82' lang='lat'>0.</span> <span class='ocrx_word' id='word_1_286' title='bbox 846 3400 878 3449; x_wconf 86' lang='lat' dir='ltr'>de</span> <span class='ocrx_word' id='word_1_287' title='bbox 897 3401 942 3448; x_wconf 83' lang='lat' dir='ltr'>int.</span> <span class='ocrx_word' id='word_1_288' title='bbox 962 3407 1022 3451; x_wconf 81' lang='lat' dir='ltr'>rest.</span> <span class='ocrx_word' id='word_1_289' title='bbox 1038 3398 1073 3465; x_wconf 80' lang='lat' dir='ltr'>(a,</span> <span class='ocrx_word' id='word_1_290' title='bbox 1089 3397 1132 3464; x_wconf 82' lang='lat'>16).</span> <span class='ocrx_word' id='word_1_291' title='bbox 1152 3397 1184 3448; x_wconf 88' lang='lat' dir='ltr'>L.</span> <span class='ocrx_word' id='word_1_292' title='bbox 1199 3409 1220 3450; x_wconf 79' lang='lat' dir='ltr'>e.</span> 
     </span>
     <span class='ocr_line' id='line_1_39' title="bbox 264 3466 1220 3535; baseline -0.005 -12"><span class='ocrx_word' id='word_1_293' title='bbox 264 3473 330 3523; x_wconf 78' lang='lat' dir='ltr'>Lo.</span> <span class='ocrx_word' id='word_1_294' title='bbox 346 3473 418 3522; x_wconf 84' lang='lat' dir='ltr'>dein</span> <span class='ocrx_word' id='word_1_295' title='bbox 434 3473 479 3521; x_wconf 82' lang='lat' dir='ltr'>int.</span> <span class='ocrx_word' id='word_1_296' title='bbox 495 3477 556 3520; x_wconf 81' lang='lat' dir='ltr'>rest.</span> <span class='ocrx_word' id='word_1_297' title='bbox 571 3472 630 3519; x_wconf 75' lang='lat' dir='ltr'>enin.</span> <span class='ocrx_word' id='word_1_298' title='bbox 646 3468 681 3535; x_wconf 81' lang='lat' dir='ltr'>(a,</span> <span class='ocrx_word' id='word_1_299' title='bbox 697 3467 740 3534; x_wconf 76' lang='lat' dir='ltr'>aa).</span> <span class='ocrx_word' id='word_1_300' title='bbox 765 3485 789 3518; x_wconf 85' lang='lat' dir='ltr'>a.</span> <span class='ocrx_word' id='word_1_301' title='bbox 804 3482 852 3520; x_wconf 76' lang='lat'>414.</span> <span class='ocrx_word' id='word_1_302' title='bbox 927 3466 948 3535; x_wconf 77' lang='lat'>⁹)</span> <span class='ocrx_word' id='word_1_303' title='bbox 963 3471 1001 3520; x_wconf 86' lang='lat' dir='ltr'>De</span> <span class='ocrx_word' id='word_1_304' title='bbox 1020 3471 1069 3519; x_wconf 83' lang='lat' dir='ltr'>irae</span> <span class='ocrx_word' id='word_1_305' title='bbox 1089 3476 1169 3519; x_wconf 83' lang='lat' dir='ltr'>const.</span> <span class='ocrx_word' id='word_1_306' title='bbox 1186 3469 1220 3532; x_wconf 71' lang='lat' dir='ltr'>cs.</span> 
     </span>
     <span class='ocr_line' id='line_1_40' title="bbox 272 3535 1198 3604; baseline 0 -14"><span class='ocrx_word' id='word_1_307' title='bbox 272 3542 377 3590; x_wconf 83' lang='lat' dir='ltr'>Wenclc.</span> <span class='ocrx_word' id='word_1_308' title='bbox 393 3542 429 3590; x_wconf 84' lang='lat' dir='ltr'>od</span> <span class='ocrx_word' id='word_1_309' title='bbox 446 3541 491 3590; x_wconf 69' lang='lat' dir='ltr'>ll.</span> <span class='ocrx_word' id='word_1_310' title='bbox 508 3539 533 3590; x_wconf 83' lang='lat' dir='ltr'>G.</span> <span class='ocrx_word' id='word_1_311' title='bbox 544 3556 572 3604; x_wconf 86' lang='lat' dir='ltr'>p.</span> <span class='ocrx_word' id='word_1_312' title='bbox 588 3552 634 3590; x_wconf 87' lang='lat'>110.</span> <span class='ocrx_word' id='word_1_313' title='bbox 654 3540 756 3589; x_wconf 85' lang='lat' dir='ltr'>Haenei</span> <span class='ocrx_word' id='word_1_314' title='bbox 769 3540 805 3589; x_wconf 85' lang='lat' dir='ltr'>nd</span> <span class='ocrx_word' id='word_1_315' title='bbox 821 3539 866 3588; x_wconf 86' lang='grc' dir='ltr'>ΤΙι.</span> <span class='ocrx_word' id='word_1_316' title='bbox 883 3539 908 3589; x_wconf 83' lang='grc'>0.</span> <span class='ocrx_word' id='word_1_317' title='bbox 920 3556 947 3604; x_wconf 82' lang='lat' dir='ltr'>p.</span> <span class='ocrx_word' id='word_1_318' title='bbox 963 3553 1009 3592; x_wconf 77' lang='lat'>214.</span> <span class='ocrx_word' id='word_1_319' title='bbox 1064 3535 1096 3604; x_wconf 83' lang='lat'>¹⁰)</span> <span class='ocrx_word' id='word_1_320' title='bbox 1112 3556 1136 3588; x_wconf 89' lang='grc' dir='ltr'>α.</span> <span class='ocrx_word' id='word_1_321' title='bbox 1151 3551 1198 3590; x_wconf 82' lang='lat' dir='ltr'>ate.</span> 
     </span>
    </p>
   </div>
   <div class='ocr_carea' id='block_1_4' title="bbox 0 0 1364 4110">
    <p class='ocr_par' dir='ltr' id='par_1_10' title="bbox 0 0 1364 4110">
     <span class='ocr_line' id='line_1_41' title="bbox 0 0 1364 4110; baseline 0 0"><span class='ocrx_word' id='word_1_322' title='bbox 0 0 1364 4110; x_wconf 95' lang='lat' dir='ltr'> </span> 
     </span>
    </p>
   </div>
  </div>
 </body>
</html>
