2680 4118
465 185 501 220 ax
518 185 602 222 sumno
619 185 742 222 unumne.
1020 170 1082 234 719

38 322 111 371 [62³]
192 313 220 372 4.
248 309 310 382 ¹Qoi
325 313 368 372 die
384 322 519 372 trausacto
542 313 630 388 legem
653 315 1013 374 commissarium-exercere
1031 334 1080 373 uo-

124 393 205 472 luit,²
224 407 320 473 postea
335 398 439 455 uariare
453 415 508 454 uon
524 406 626 471 potest.

192 481 219 543 5.
243 475 335 539 ³dede
356 498 431 554 sacra
452 490 544 538 terrae
566 489 642 538 motu
664 482 764 554 diruta,
793 482 869 538 loeus
892 482 1003 540 aedilicii
1026 501 1082 541 uon

126 574 172 624 est
185 566 325 644 pacianus,
342 574 370 622 et
385 565 446 622 ideo
462 566 555 621 neuire
569 581 625 621 non
639 574 740 639 potest.

192 646 220 706 6.
246 643 356 705 ⁴llulier
369 665 474 705 seruam
489 665 520 704 ea
534 648 596 722 lege
612 649 747 720 uendidit,
770 655 801 704 ut
814 650 838 704 si
853 649 967 706 redisset
981 652 1009 707 iu
1024 668 1081 708 eam

127 735 274 803 ciuitatem,
300 732 370 788 nude
384 732 485 807 placuit
501 733 645 806 exportari,
668 749 763 788 manus
784 733 893 788 iniectio
909 743 991 790 asset.
1028 735 1081 791 lla·

126 825 211 875 neate
223 816 332 874 uinculo
348 816 488 874 seruitutis
503 817 525 871 si
541 816 661 887 redierit,
681 832 749 890 quae
770 815 900 890 uendidit,
920 833 1027 874 manum
1041 821 1082 875 iu·

126 903 200 972 iciet,
223 909 251 956 et
265 917 297 956 ea
311 902 370 956 iure
385 915 515 956 concesso
531 900 690 972 mancipium
706 898 827 956 adducet.
860 909 923 973 post
937 904 1082 959 manumis-

126 985 231 1042 sionem
247 992 336 1040 autem
351 985 374 1040 si
389 983 514 1056 redierit,
535 985 562 1038 in
577 990 734 1056 perpetuam
749 985 908 1040 seruitutem
923 984 1081 1043 sub’eadem
1167 1013 1171 1021 ·

126 1069 190 1143 lege
204 1067 311 1142 publice
322 1067 497 1126 distrahetur.
512 1083 581 1140 quae
593 1065 722 1140 uendidit,
738 1068 761 1122 si
773 1083 879 1124 manum
894 1069 1014 1126 iniecerit
1027 1087 1082 1126 non

127 1153 273 1222 liberatae,
296 1152 456 1225 mancipium
470 1153 586 1206 retinere
602 1150 703 1224 poterit
718 1167 749 1206 ac
769 1153 965 1208 manumittere.
1002 1153 1082 1210 adimi

128 1238 231 1309 quippe
245 1233 396 1290 libertatem
412 1241 439 1290 et
454 1233 560 1307 publice
575 1233 757 1290 uenditionem
778 1233 836 1290 lieri
850 1235 950 1310 placuit
968 1245 1082 1312 propter

128 1316 249 1392 pericula
276 1315 465 1388 uenditarum,
493 1316 578 1390 'quae
600 1313 660 1372 nel*
686 1325 836 1374 metuentes
858 1328 889 1374 ut
911 1321 999 1376 seruis
1025 1322 1082 1378 suis

129 1400 256 1458 offensam
271 1401 309 1457 ita
323 1395 374 1456 'etu
388 1400 512 1457 duritiam
529 1409 642 1475 possunt
656 1402 821 1474 paenitendo
836 1396 997 1461 remittere.7

191 1480 218 1542 7.
248 1477 329 1553 ioco
356 1485 443 1540 minus
469 1487 607 1559 possessio
634 1487 674 1540 rei
700 1485 825 1542 uenditae
854 1487 973 1544 tradatur
999 1490 1082 1563 empti
1150 1477 1152 1480 ¹

128 1567 238 1641 iudicio,
254 1568 346 1624 decem
361 1584 489 1624 annorum
505 1569 718 1642 praescriptione
732 1585 787 1624 uon
801 1570 948 1643 inpeditur.

191 1651 220 1710 8.
249 1647 408 1710 ⁹duietione
431 1653 499 1710 citra
522 1653 613 1709 dolum
641 1653 772 1726 emptoris
794 1661 820 1708 et
842 1653 938 1708 iudicis
959 1655 1081 1711 iniuriam

128 1745 236 1807 secuta,
259 1736 369 1811 duplum
384 1753 416 1793 ea
433 1737 517 1810 empti
532 1737 630 1792 iudicio
652 1735 800 1792 secundum
822 1735 909 1809 legem
919 1745 1081 1794 contractus

128 1819 318 1894 praestabitur.

202 1974 222 2042 1)
236 1977 273 2040 Of.
288 1977 320 2025 L.
335 1988 355 2027 4.
371 1979 394 2038 ξ.
409 1987 429 2026 a.
449 1977 480 2024 D.
496 1977 528 2025 de
542 1978 558 2026 l.
573 1991 659 2026 comm.
674 1974 718 2040 (18,
733 1974 764 2041 a).
779 1976 811 2024 L.
826 1988 846 2027 a.
865 1976 890 2026 O.
906 1977 937 2025 de
948 1984 1018 2046 papi.
1035 1980 1080 2028 int.

129 2053 201 2110 empt.
217 2045 250 2110 (a,
264 2045 309 2112 54).
383 2043 403 2110 ²)
417 2045 462 2094 Eae
476 2045 600 2111 Heilacep.
617 2048 649 2109 ej.
661 2053 770 2109 propter
784 2046 851 2106 L.,4.
874 2049 897 2108 ξ.
912 2057 932 2096 a.
948 2049 991 2096 cit.
1007 2048 1081 2097 uoluit

135 2117 192 2166 Vct.
208 2117 266 2166 edd.
324 2113 344 2180 ⁵)
359 2115 408 2165 Est
421 2116 452 2164 J..
468 2127 493 2167 te
503 2131 547 2180 pr.
567 2117 599 2165 D.
614 2118 646 2166 de
661 2123 743 2166 contr.
758 2124 831 2179 empt.
847 2115 891 2182 (18,
906 2115 937 2180 1).
959 2117 997 2179 Cf.
1012 2117 1044 2165 L.
1059 2130 1080 2168 o.

130 2189 153 2250 §-
168 2199 188 2238 a.
204 2187 236 2234 Ι).
251 2187 283 2235 de
298 2187 373 2235 diris.
384 2201 437 2235 rer.
448 2184 479 2252 (1,
490 2186 521 2252 e).
536 2188 559 2248 ᾗ.
570 2198 590 2237 8.
606 2186 628 2236 I.
644 2187 698 2236 eod.
709 2184 741 2250 (a,
751 2185 782 2251 1).
799 2185 850 2236 aaa.
863 2186 931 2235 Plio.
942 2198 963 2248 a,
974 2198 994 2237 a.
1011 2187 1080 2236 Ptin.

130 2273 168 2321 ep.
183 2269 217 2319 ιο,
232 2267 258 2307 24
273 2253 328 2322 (ta).
359 2256 474 2306 Ceterum
487 2271 541 2320 pap.
555 2258 596 2306 lib.
612 2257 650 2306 lll.
666 2271 744 2320 resp,
758 2257 827 2320 quad
840 2258 915 2305 initio
930 2258 1081 2307 minusculis

130 2329 224 2377 litteris
237 2341 288 2376 non
298 2334 432 2376 corrector
441 2327 488 2376 aed
492 2342 629 2390 possessor
638 2327 737 2377 codicis
747 2329 774 2375 a'n
783 2328 868 2390 spatio
878 2341 959 2376 uacuo
969 2327 1080 2390 addidit,

130 2405 158 2448 ut
170 2399 343 2462 amarificant,
362 2397 473 2446 eiusdem
491 2397 548 2446 Icta
565 2398 700 2447 emendem
715 2396 781 2447 libro
796 2412 886 2447 nouum
905 2399 1006 2457 lemma,
1021 2399 1082 2447 licet

130 2483 188 2526 nan,
204 2469 320 2526 utaliae,
335 2482 391 2516 cum
405 2482 469 2516 nouo
483 2482 559 2517 uersu
574 2469 697 2531 incipere,
712 2469 792 2518 amisi.
844 2464 865 2533 4)
882 2467 920 2530 Of.
935 2467 967 2519 L.
979 2480 998 2518 1.
1009 2479 1029 2518 a.
1054 2468 1079 2518 C.

130 2539 161 2588 de
174 2553 240 2589 sera.
255 2553 314 2601 emp.
330 2537 362 2602 (a,
375 2538 420 2600 55).
435 2537 467 2584 l..
482 2550 502 2588 ι.
517 2549 538 2588 e.
557 2538 589 2586 D.
605 2539 660 2588 ead.
675 2535 719 2602 (18,
734 2537 765 2602 t).
829 2535 850 2602 ⁵)
865 2536 910 2586 Sic
922 2534 955 2602 ᾅιῑ
975 2538 1003 2586 V
1003 2537 1015 2570 i
1029 2553 1080 2587 uon

128 2605 161 2673 (iu
175 2631 209 2650 =
223 2609 330 2672 quamuis
340 2605 464 2674 (Helico).
486 2607 576 2671 Itaque
587 2609 646 2671 fere
655 2611 712 2658 sola
722 2609 922 2672 transpositione
931 2610 1081 2658 vocularum

129 2680 169 2738 ita,
184 2694 249 2744 quae
263 2681 290 2727 in
310 2678 367 2727 Vat.
379 2685 439 2742 posi
453 2677 622 2737 uenditionem,
636 2685 661 2728 et
675 2685 707 2740 ut,
722 2694 787 2742 qnae
802 2677 838 2726 ibi
848 2685 909 2742 post
918 2679 1007 2742 placuit
1017 2680 1080 2743 lepi-

130 2758 184 2808 tur,
198 2751 281 2799 locum
294 2751 485 2798 venalissimum
498 2763 558 2798 aere
575 2750 667 2798 sanari
685 2764 754 2798 nunc
772 2749 869 2797 demum
887 2749 949 2798 aidi.
979 2748 1043 2798 Nam
1057 2755 1082 2797 et

129 2821 167 2870 sie
180 2821 258 2869 menti
268 2819 418 2882 Papiniani,
432 2820 507 2868 cuius
516 2833 567 2868 non
576 2819 654 2868 uerba
663 2819 710 2868 sed
718 2819 869 2868 sententiam
882 2816 1007 2881 Ulpianus
1017 2819 1049 2868 L.
1060 2832 1080 2869 1.

129 2890 160 2939 D.
171 2893 213 2940 eit.
225 2890 315 2953 refert,
326 2891 406 2953 plane
420 2890 528 2952 satisfit:
541 2905 592 2940 nan
607 2889 708 2940 obstare
718 2890 911 2938 manumissioni
925 2891 980 2954 lepe
994 2889 1080 2938 adem·

104 2994 110 3004 .
129 2967 179 3009 iam
193 2960 334 3009 libertatem
352 2967 377 3008 et
395 2961 490 3009 iussam
503 2959 636 3023 publicam
653 2959 835 3016 uenditionem,
854 2961 973 3023 quoniam
988 2960 1017 3008 id
1029 2974 1081 3009 nan

130 3031 193 3093 reip.
208 3030 254 3078 sed
267 3030 365 3079 damini
378 3045 458 3079 cause
470 3031 597 3079 sancitum
609 3031 652 3080 sit.
703 3026 724 3095 8)
739 3045 754 3078 a
773 3029 801 3078 V
801 3029 812 3061 ⁶
828 3028 926 3095 (natum
939 3045 974 3078 em
985 3027 1019 3092 et)
1029 3044 1080 3079 non

127 3097 141 3150 t'r
157 3121 190 3142 =
204 3100 241 3149 uel
257 3100 314 3148 edd.
329 3100 429 3148 duritia
443 3101 539 3149 estlear
552 3101 620 3150 dura
634 3101 661 3150 iu
676 3101 821 3150 venditione
834 3115 909 3149 serua
923 3101 1042 3162 imposita
1057 3106 1082 3148 et

131 3173 183 3236 lepe
197 3169 305 3234 publica
319 3176 483 3232 emaeperuta.
558 3168 579 3236 7)
594 3171 753 3220 uenditionem
769 3171 802 3218 ita
816 3170 868 3218 lieri
886 3169 975 3232 placuit
985 3175 1018 3220 ‚ut
1037 3171 1081 3218 lece

131 3241 290 3291 custodiatur
304 3253 327 3302 p.
342 3254 365 3303 p.
382 3239 539 3302 uenditarum,
554 3242 596 3304 qui
609 3241 647 3289 uel
662 3255 693 3292 m.
709 3241 787 3288 seruis
801 3254 819 3288 s.
832 3240 947 3287 offensam
961 3238 1000 3286 uel
1014 3239 1081 3286 durl-

130 3311 185 3360 tiam
200 3316 302 3373 possunt
315 3325 339 3374 p.
354 3325 374 3358 r.
393 3311 432 3359 ed.
448 3309 561 3360 Mamaos.
581 3327 604 3360 u.
619 3311 651 3360 ita
666 3312 681 3359 i.
697 3325 720 3374 p.
741 3316 766 3358 ut
783 3316 882 3373 propter
899 3324 923 3372 p.
943 3308 1080 3356 uenditores

131 3383 256 3444 quondam
271 3395 301 3429 m.
317 3395 337 3428 s.
353 3395 372 3429 s.
388 3395 409 3430 o.
424 3395 447 3428 u.
463 3381 485 3429 d.
501 3383 599 3444 possint
611 3395 635 3444 p.
651 3396 670 3429 r.
686 3380 743 3429 edd.
759 3394 827 3428 meae
841 3391 862 3429 1.
876 3388 897 3427 a.
956 3375 977 3442 8)
994 3377 1032 3440 Cf.
1047 3377 1079 3426 L.

131 3460 162 3499 m.
180 3450 206 3498 0.
221 3451 252 3499 ds
267 3452 339 3500 eaict.
355 3448 386 3515 (s,
396 3449 441 3514 aa.)
456 3451 488 3499 l..
499 3461 519 3502 a.
537 3451 562 3500 θ.
578 3450 645 3515 quib.
656 3467 680 3499 u.
692 3449 767 3500 aliie.
778 3447 809 3514 (a,
820 3446 864 3514 aa).
916 3443 937 3512 9)
954 3447 991 3511 Of.
1003 3447 1034 3496 L.
1046 3459 1079 3498 er.

132 3521 152 3581 5.
167 3529 200 3569 so.
216 3519 248 3568 D.
263 3521 294 3569 de
308 3521 385 3570 aedit.
400 3521 439 3569 ed.
454 3519 499 3587 (aa,
515 3519 593 3587 1).I1.
608 3531 629 3570 a.
643 3531 669 3572 aa
679 3536 723 3584 pr.
743 3520 775 3568 D.
791 3519 822 3568 de
836 3519 909 3568 catat.
926 3516 971 3583 (aa,
986 3517 1017 3584 a).
