2696 4120
507 970 760 1023 (COMMENTARIVS
775 969 919 1021 TERTIVS.)

162 1117 200 1155 dc·

149 1169 212 1217 ⁹⁸¹⁶·
291 1181 316 1242 1.
334 1179 554 1242 ¹Intestatorum
565 1185 742 1240 hereditates
754 1179 815 1258 (ea)
827 1187 890 1256 tepe
900 1193 950 1236 att
960 1184 1125 1240 tabularum
1133 1188 1197 1254 pri·
1212 1202 1268 1257 [noo]

228 1287 303 1326 mam
320 1271 359 1326 ad
373 1285 443 1326 snos
457 1270 579 1325 heredes
591 1273 748 1340 pertinent.
780 1265 808 1326 2.
830 1268 883 1326 Sui
898 1277 993 1327 autem
1008 1267 1130 1324 heredes
1145 1283 1198 1323 eoc-

228 1356 393 1410 istimantur
405 1353 498 1424 tiberi,
520 1356 571 1424 qui
583 1357 613 1410 in
626 1358 771 1423 potestate
785 1357 935 1411 morientis
954 1352 1087 1425 fuerunt,
1109 1354 1199 1410 aetati

227 1440 306 1510 fitius
319 1439 431 1509 filiano,
446 1452 537 1508 nepos
552 1441 684 1508 neptisue
698 1452 738 1494 ea
751 1438 828 1509 filio,
846 1453 996 1511 pronepos
1007 1440 1198 1509 proneptisaa

230 1538 269 1578 ea
290 1528 395 1593 nepote
415 1523 475 1593 filio
497 1527 566 1578 nato
586 1527 750 1595 propnatus
767 1529 968 1595 propnetaaee
990 1537 1045 1584 nec
1066 1525 1197 1591 interest,

229 1612 326 1663 atrum
345 1609 497 1662 naturales
514 1610 574 1663 sint
593 1606 678 1662 liberi
697 1623 736 1662 an
752 1608 894 1678 adoptini:
915 1611 956 1664 ita
976 1609 1086 1663 demam
1103 1612 1198 1664 tamen

229 1706 319 1762 nepos
329 1693 460 1761 neptisne
472 1697 499 1746 et
506 1705 656 1762 pronepos
663 1695 854 1762 proneptisae
865 1707 984 1749 snorum
995 1693 1134 1748 heredum
1145 1708 1199 1746 na·

229 1791 307 1832 mero
318 1782 396 1846 sant,
406 1774 434 1832 si
442 1777 626 1847 praecedens
634 1789 763 1846 persona
770 1777 889 1832 desierit
895 1780 925 1834 in
932 1782 1078 1850 potestate
1088 1791 1195 1848 poren-

123 1921 129 1932 ,
229 1864 265 1917 tis
287 1875 359 1930 esse,
384 1863 446 1916 siue
468 1867 558 1916 morte
580 1861 610 1915 id
632 1861 773 1916 acciderit
794 1863 855 1916 siae
872 1864 931 1917 alia
953 1863 1082 1932 ratione,
1106 1862 1198 1917 aetati

197 2014 198 2018 ἵ
229 1945 476 2020 emancipatione;
495 1962 563 2000 nam
584 1946 610 2000 si
626 1961 683 2016 per
702 1945 733 2000 id
751 1951 877 2018 tempus,
902 1964 957 2019 quo
977 1949 1043 2017 quis
1065 1948 1195 2014 moritur,

227 2031 1193 2103 dmsmpdnmuamsmnwnecwswsmwsaeoenm

227 2122 328 2186 potest.
365 2118 437 2174 idem
453 2121 480 2171 et
495 2117 525 2170 in
542 2117 648 2171 ceteris
662 2115 800 2186 deinceps
817 2115 973 2174 liberorum
987 2119 1123 2187 personis
1137 2116 1197 2170 dic·

228 2208 287 2257 tum
304 2204 510 2273 inteltepemas.
543 2195 572 2254 3.
594 2199 675 2255 Vror
685 2215 808 2272 qaoque,
824 2216 899 2272 qnae
915 2204 945 2257 in
960 2204 1124 2257 munacius
1138 2201 1200 2272 (qni

228 2282 374 2360 moritur‚)
382 2291 434 2356 est,
447 2287 474 2339 ei
484 2299 538 2340 sua
550 2283 636 2338 iteres
642 2289 694 2352 est,
706 2287 774 2356 quia
780 2285 862 2356 filiae
873 2287 936 2350 loco
949 2291 1006 2341 est:
1017 2288 1084 2340 item
1091 2298 1195 2356 nurus,

228 2369 1196 2442 quaeinfitiimanuest‚nametttoecneptistocoest5seditadernum

303 2533 323 2603 ἓ)
338 2537 454 2588 Rimum
471 2537 549 2586 nutus
567 2539 745 2588 commentarii
759 2538 853 2601 fotium
871 2539 1034 2601 deperditum
1050 2554 1085 2588 ex
1104 2538 1194 2590 Callet.

228 2619 267 2670 16,
285 2621 306 2660 9.
326 2609 364 2671 ἐξ.
386 2619 455 2660 1—5.
479 2615 504 2657 et
522 2608 586 2658 Inst.
606 2609 769 2672 atiquatenus
788 2616 885 2658 tantum
903 2611 1003 2659 sarciri
1016 2611 1118 2673 potuit:
1136 2625 1194 2658 nam

227 2682 346 2743 suppleta
365 2682 412 2729 uni
431 2681 490 2744 sere
514 2686 611 2729 tantum
633 2681 769 2744 sufficiunt
793 2672 895 2730 Codicis
919 2681 1014 2731 Veron.
1029 2682 1146 2745 popinae
1169 2687 1194 2727 et

228 2750 331 2799 dubium
345 2766 396 2801 non
410 2758 459 2810 est,
479 2753 541 2816 quin
555 2753 669 2815 primunt
686 2753 776 2816 aliqua
789 2753 985 2814 praecesserint
1002 2751 1129 2799 transitus
1148 2749 1191 2811 fa·

228 2822 316 2871 ciendi
327 2824 425 2887 pratia.
456 2823 494 2885 Cf.
509 2833 584 2885 9,99.
599 2834 647 2874 109.
675 2822 776 2874 Deinde
790 2838 835 2886 pr.
850 2822 872 2871 I.
888 2823 912 2872 tt.
928 2829 944 2873 t.
958 2837 992 2871 ex
1009 2820 1074 2871 Gaio
1089 2820 1192 2869 videtur

223 2894 332 2955 petitum
346 2909 400 2943 esse
419 2901 444 2943 et
459 2902 588 2958 postremo
603 2895 627 2944 is
645 2908 714 2943 ruore
728 2908 774 2944 suo
789 2894 986 2958 praemonuisse
998 2892 1133 2956 putandus
1146 2898 1193 2949 est,

228 2965 365 3023 interesse,
390 2972 474 3015 uuum
493 2967 621 3031 ingenuus
640 2980 673 3014 an
697 2963 805 3014 libertas
823 2965 971 3015 decesserit.
1002 2963 1040 3027 Cf.
1055 2965 1094 3026 ἐξ.
1110 2975 1143 3014 19.
1159 2974 1193 3014 99.

228 3034 310 3084 Prius
323 3051 350 3086 se
365 3037 396 3085 de
411 3039 581 3104 inperitorum
595 3035 781 3086 hereditatibus
795 3043 920 3086 acturum.
952 3033 1140 3100 ‘Inpenaorum
1155 3036 1194 3082 in-

227 3104 387 3156 testatoram'
404 3116 451 3160 etc.
486 3109 602 3158 Ceterum
616 3108 648 3158 de
662 3106 814 3156 lectionibus
828 3107 879 3156 oid.
895 3105 931 3156 od
946 3105 1037 3156 Coltot.
1052 3113 1149 3157 notata.

298 3264 323 3335 ᾗ.
341 3269 450 3331 1.=§.
466 3281 485 3320 1.
505 3266 676 3317 Ldettered.
692 3265 820 3329 anatot.
837 3264 920 3332 (s‚1).
949 3267 987 3330 Cf.
1003 3266 1074 3330 Epit.
1090 3277 1193 3328 s,8pr.

231 3336 286 3400 Ulp.
303 3349 336 3401 99,
352 3351 371 3390 1.
390 3339 479 3389 Cottat.
495 3351 528 3401 16,
544 3351 563 3389 9.
578 3339 601 3399 ξ.
617 3348 637 3387 s.
653 3337 704 3397 lege
718 3351 757 3385 xn
772 3333 831 3403 toln]
848 3339 882 3401 cf.
899 3338 1013 3387 Dtrlcsen
1028 3349 1049 3400 o,
1064 3349 1084 3388 t.
1104 3335 1194 3386 Scndtl

222 3424 251 3472 p.
266 3420 312 3460 128.
385 3406 411 3478 ᾗ,
427 3412 452 3460 2.
468 3431 501 3450 =
516 3411 537 3470 ξ.
553 3420 574 3458 9.
594 3407 616 3455 Ι.
632 3407 688 3456 eod.
705 3405 743 3469 Cf.
759 3406 829 3470 Epir.
849 3407 904 3473 Utp.
916 3411 942 3458 tt.
956 3425 994 3458 cc.
1017 3408 1106 3458 Cottat.
1123 3419 1158 3470 16,
1171 3418 1192 3457 s.

227 3480 265 3540 ἓξ.
279 3491 300 3530 t.
315 3491 335 3530 o.
399 3477 424 3547 §.
441 3483 465 3530 3.
487 3480 525 3541 Cf.
541 3491 561 3540 1,
572 3489 623 3529 114.
639 3471 700 3528 nob.
715 3489 762 3528 us.
782 3490 803 3540 9,
818 3491 865 3532 999.
881 3491 927 3532 159.
952 3479 1007 3543 Ittp.
1023 3491 1057 3542 99,
1073 3490 1105 3529 14.
1122 3489 1155 3540 99,
1171 3489 1192 3528 s.

226 3560 295 3610 29,1.
318 3549 380 3598 dett.
397 3561 430 3614 18,
444 3561 464 3600 t.
484 3549 557 3598 Sero.
573 3549 608 3598 ad
622 3547 686 3597 Aen.
702 3561 722 3611 t,
735 3559 783 3601 494.
808 3551 915 3616 Dionys.
931 3562 952 3613 9,
967 3562 1000 3602 95.
