2672 4112
497 269 705 318 PRAEFATIO.
1014 271 1081 318 XIII

118 421 270 486 strandus
299 422 399 500 esset,
429 420 532 483 lucem
560 421 752 501 acciperent:
782 421 894 503 quodsi
922 421 977 486 illa
998 442 1081 486 com·

117 505 265 589 pluscula
292 506 401 584 erant,
425 503 521 566 etiam
542 503 583 566 ad
604 504 716 586 libros,
746 503 830 568 unde
852 505 918 588 peti
939 509 1079 588 possent,

118 589 238 653 remisi.
266 624 304 636 -
326 587 425 650 luitio
448 586 687 652 adnotationem
703 588 848 652 criticam
862 587 902 652 ab
918 590 1081 674 exegetica

119 693 251 756 prorsus
275 690 422 754 separare
446 670 681 734 constitueram.
716 669 777 736 Sed
800 692 871 736 cum
886 672 1080 737 animadver-

119 764 236 838 terem,
267 775 362 818 aare
384 753 519 816 multum
542 755 636 837 spatii
659 753 799 836 absumi,
830 755 996 820 consilium
1018 756 1081 822 hoc

125 839 227 903 abieci
250 839 433 902 attentum
456 838 489 900 in
513 835 586 901 Gaii
608 837 866 903 Institutionibus
888 841 1016 904 retinui.

184 921 312 987 Indices
338 921 452 984 uberes
481 924 512 985 ct
540 923 613 1004 apte
645 922 809 986 institutos
841 923 874 986 in
902 923 1081 988 huiusmodi

122 1006 308 1090 praesertim
330 1005 479 1088 operibus
500 1025 617 1088 magno
638 1005 809 1069 lectoribus
830 1007 902 1070 usui
923 1027 1006 1090 esse,
1029 1029 1080 1072 ma

122 1111 188 1153 non
209 1089 305 1174 fugit.
337 1087 400 1151 Sed
424 1109 494 1150 cum
516 1109 535 1152 a
556 1089 714 1152 tironibus
730 1090 834 1153 minus
850 1089 1078 1173 desiderentur,
1156 1089 1161 1098 '

122 1177 155 1237 et
176 1193 238 1236 nec
260 1172 399 1256 pretium
420 1171 494 1234 libri
515 1172 550 1235 in
573 1191 681 1235 eorum
703 1173 938 1237 incommodum
959 1173 1021 1237 hac
1043 1175 1081 1238 da

15 1287 18 1300 ·
124 1277 218 1321 causa
241 1256 367 1340 augeri,
389 1275 450 1318 nec
471 1254 557 1318 hunc
579 1257 683 1339 ipsum
706 1257 824 1320 diutius
846 1257 946 1340 premi
969 1257 1081 1321 biblio·

123 1341 198 1422 pola
218 1339 326 1421 vellet,
349 1337 470 1402 indices
493 1342 577 1421 post,
600 1359 694 1422 quam
716 1341 852 1422 primum
866 1343 985 1424 tamen,
1008 1361 1081 1406 oon-

124 1424 182 1486 fici
203 1427 237 1486 et
258 1444 315 1486 suo
337 1423 492 1505 parabiles
515 1421 617 1504 pretio
638 1424 810 1506 separatim
832 1423 882 1487 edi
903 1425 1036 1508 placuit.

189 1505 252 1568 His
274 1505 313 1570 dc
334 1506 482 1588 consilio,
505 1507 588 1588 quod
611 1511 736 1570 secutus
759 1527 843 1590 sum,
872 1509 1079 1592 praemonitis

122 1591 241 1673 restat,
274 1592 310 1652 ut
343 1589 459 1653 librum
491 1609 596 1653 mcum
630 1610 729 1672 aequo
756 1592 933 1674 peritorum
963 1593 1080 1656 iudicio

123 1672 352 1738 commendem.
391 1671 511 1747 Quibus
534 1675 559 1736 si
582 1675 616 1736 iu
631 1675 813 1738 universum
828 1675 1015 1758 probabitur
1031 1677 1081 1758 (in

33 1808 38 1817 .
124 1757 261 1841 singulis
279 1757 364 1820 euim
378 1777 541 1839 nunquam
556 1776 719 1840 peccasse,
740 1759 811 1841 quis
826 1779 921 1822 sanus
936 1760 1079 1842 sperati)

33 1854 40 1905 2
123 1844 154 1904 et
174 1841 201 1904 si
223 1840 492 1923 iurisprudentiae
519 1841 684 1922 studiosis,
714 1843 851 1906 maxime
873 1842 1080 1908 adolescenti-

35 1972 39 1995 .
122 1925 194 2007 bus,
223 1922 399 1988 utilitatem
425 1923 564 2006 aliquam
592 1924 728 2004 adferet,
759 1924 835 1989 binc
863 1925 1079 1989 dulcissimum

34 1998 41 2021 ¹
124 2007 278 2090 insumpti
300 2007 418 2071 laboris
439 2007 580 2070 fructum
603 2008 737 2090 capiam.

210 2157 274 2222 Scr.
299 2155 511 2222 Vratislaviae
532 2179 574 2220 m.
599 2157 731 2222 Octobri
754 2163 967 2222 OIOIOOOOLX.

179 2618 241 2683 AD
264 2617 474 2684 ALTERAM
496 2618 742 2685 EDITIONEM
764 2619 1023 2687 PRAEFATIO.

186 2752 313 2818 Certior
334 2752 439 2816 factus
461 2773 480 2816 a
502 2751 691 2836 bibliopola,
719 2773 800 2837 quae
826 2755 964 2837 primum
986 2754 1079 2820 huius

124 2836 323 2900 collectionis
339 2835 532 2918 exemplaria
546 2838 631 2920 typis
647 2837 800 2920 impressa
816 2841 917 2918 erant,
934 2859 969 2902 ea
981 2859 1080 2922 prope

123 2920 231 2982 omnia
253 2919 416 2983 divendita
438 2939 521 3000 essa,
549 2940 725 3002 novamque
746 2921 813 2984 cius
836 2921 1006 2986 editionem
1028 2922 1079 2987 de·

123 3003 265 3084 siderari,
288 3023 417 3086 operam
440 3003 585 3085 equidem
607 3003 689 3086 dedi,
712 3007 749 3068 ut
771 3025 818 3084 ea,
841 3008 995 3088 qnantum
1011 3006 1080 3070 fieri

123 3090 242 3169 posset,
259 3089 292 3150 ct
307 3086 430 3150 auctior
445 3090 478 3150 et
492 3086 687 3150 emendatior
701 3087 850 3170 prodiret.
882 3087 943 3152 Sed
958 3090 1079 3174 augeri,

122 3169 948 3320 titttlitttbittit?diuitum
963 3173 1080 3322 titt

122 3358 223 3418 pauca
244 3275 371 3401 tantlm
387 3275 567 3420 supersung,
590 3338 705 3421 potuit,
721 3277 929 3422 mallimeque',
946 3278 1079 3404 qMomm·

123 3422 191 3484 seni
221 3421 352 3502 merito,
380 3420 415 3485 in
437 3419 565 3484 Valerio
587 3421 702 3486 Probo.
746 3421 994 3486 Emendationes
1016 3423 1079 3505 pri·

122 3523 208 3568 mum
237 3503 337 3568 officii
364 3524 459 3568 causa
485 3507 516 3568 et
543 3507 635 3588 grato
663 3505 768 3569 animo
802 3525 1011 3570 commemoro
1039 3504 1079 3569 ad
