2680 4112
237 216 298 274 142
562 225 589 258 u.
609 223 738 260 vsnnnrvs
756 222 862 260 suosve.

235 352 338 410 P.S.T.
348 349 417 418 ΟΜ.
565 351 712 424 praecipito
727 350 826 405 sumito
841 347 953 421 'tibique
968 341 1084 404 hebeto¹

236 434 381 494 0.0.0.t.
567 435 655 489 omnia
671 441 837 502 ornaments,
854 433 941 487 omnis
958 425 1051 488 texte²

236 518 350 576 V.M.M.
567 524 669 572 uestem
685 516 814 572 mundum
829 507 1007 571 muliebrem³

237 603 267 659 t.
280 602 428 662 Τ.Α.Α.Α.
566 600 672 674 tegulas
688 594 792 656 testss⁴
807 615 903 656 aurum
918 607 1060 672 argentum
1075 615 1120 655 ses

237 685 303 742 MC.
317 682 368 760 (0.)
379 683 409 741 t.
421 684 455 742 M.
466 683 539 742 C.M.
566 686 719 740 testamenti
738 699 819 740 cause
839 679 964 754 (omissa)
987 683 1103 739 iumiiiee
1126 699 1197 739 rnor-

280 766 538 845 (M.)V.R.C.L.C.
607 769 642 824 tis
668 784 747 824 cause
772 768 950 823 manumissse
982 766 1098 823 uindicta
1123 775 1198 823 recte

607 859 742 924 competet
756 850 874 908 liberetis
889 844 988 906 ceuse⁵

237 937 263 995 S.
277 937 308 1007 Q.
320 937 352 996 M.
366 937 399 991 M.
411 935 446 992 M.
459 934 493 993 M.
504 934 538 996 M.
566 937 587 991 si
604 937 663 1008 quis
677 935 765 990 'msnu
777 927 894 991 missus⁰
908 935 1068 990 manumissa
1080 933 1254 997 moriturus}

237 1021 266 1076 Ι).
276 1020 358 1078 MD!
369 1021 400 1078 V.
408 1011 464 1074 Est
565 1019 660 1074 deinde
675 1018 789 1090 deperiit
800 1019 1002 1074 deminutumue
1018 1024 1060 1075 est

237 1104 352 1164 11505.
564 1101 664 1158 herede
678 1094 839 1174 cognitore8

237 1188 266 1249 Μ.
275 1188 309 1244 Μ.
318 1187 349 1243 0.
566 1186 666 1242 donum
682 1201 779 1241 munus
796 1179 912 1259 operes⁹

237 1271 304 1333 ΟΜ.
313 1271 347 1328 M.
566 1285 662 1344 operes
678 1269 778 1325 donum
794 1261 926 1324 munus¹⁰

237 1354 269 1424 Q.
277 1355 306 1416 Ρ.
315 1355 351 1412 Ν.
357 1353 389 1409 Μ.
398 1353 427 1410 C.
566 1353 639 1426 qnod
653 1353 774 1426 pondere
785 1369 898 1408 numero
906 1369 1031 1409 mensure
1043 1353 1199 1408 continetur

237 1519 296 1560 tuor
307 1510 404 1572 primis
417 1509 519 1567 titteris,
535 1523 599 1572 quas
612 1510 732 1571 suspicor
745 1509 905 1574 sipnifieasse
920 1509 944 1558 Si
955 1508 1005 1557 Non
1020 1508 1101 1556 Potest
1110 1507 1199 1556 Menoi-

240 1594 298 1644 pere
314 1579 392 1643 (vetut
400 1577 511 1642 absens),
527 1585 555 1627 ut
568 1578 631 1628 baec
643 1579 759 1642 fornrula
772 1579 876 1630 sinendi
888 1580 962 1629 modo
972 1578 1077 1643 lepandi
1084 1579 1111 1626 in
1123 1577 1201 1626 rebus

237 1651 352 1713 mancipi
361 1665 413 1712 per
427 1649 613 1698 damnationem
628 1651 720 1713 tepetis
733 1651 761 1698 in
775 1664 823 1700 usu
834 1649 918 1714 suerit
932 1649 978 1714 (cf.
992 1648 1048 1698 Gai.
1063 1661 1084 1706 2,
1094 1660 1140 1700 204.
1151 1659 1200 1700 214.

240 1720 272 1769 L.
283 1732 317 1771 50.
328 1721 351 1782 ὅ.
363 1732 383 1769 1.
402 1719 435 1768 1).
450 1720 482 1768 de
492 1721 539 1784 lep.
550 1717 583 1785 5.)
598 1719 706 1782 indeque
716 1721 818 1768 omnino
833 1721 907 1784 oripo
922 1721 1002 1784 tepati
1009 1720 1113 1768 sinendi
1125 1717 1200 1768 modo

238 1791 323 1840 adbuc
338 1792 459 1855 ipnarata
473 1790 613 1852 repetenda
628 1790 755 1839 uideatur.
786 1786 807 1854 ¹)
821 1789 896 1839 Haec
908 1790 951 1839 Cd.
962 1791 1016 1840 atio
1032 1792 1088 1839 loeo
1095 1787 1141 1838 sub
1155 1789 1201 1836 lit·

238 1869 294 1910 tera
305 1861 323 1910 T
334 1868 359 1909 et
371 1861 411 1910 ed.
422 1867 542 1924 tanquam
548 1862 684 1923 propriam
696 1867 780 1910 natam
790 1867 916 1922 repetunt.
941 1860 1042 1909 Revera
1052 1859 1121 1922 apud
1130 1857 1199 1907 Pro·

238 1931 294 1980 bum
303 1931 367 1980 baec
377 1938 402 1980 et
415 1937 468 1980 tres
481 1939 613 1995 sequentes
625 1938 700 1980 notae
710 1946 785 1980 unam
797 1931 936 1994 formulam
945 1932 1099 1980 coniunctim
1113 1931 1199 1994 tepen-

240 2003 299 2051 dam
309 2002 561 2066 effecisseuidentur.
590 1997 610 2066 2)
627 2001 665 2065 Cf.
680 2001 705 2050 L
728 2013 761 2052 15.
772 2012 806 2052 tt.
817 2012 850 2054 st.
869 2002 902 2050 D.
918 2002 949 2051 de
959 2016 1025 2051 auro
1040 2016 1099 2065 arp.
1112 1996 1200 2062 (54.1).

240 2069 262 2138 8)
280 2072 318 2136 Cf.
333 2072 366 2122 L.
381 2084 401 2122 s.
420 2071 453 2121 L.
467 2084 502 2123 sn.
517 2073 538 2134 ξ.
555 2085 576 2123 e.
595 2072 627 2120 Ι).
647 2073 703 2122 eod.
754 2067 776 2137 ⁴)
793 2071 831 2136 Cf.
852 2071 884 2120 L.
904 2084 924 2122 1.
945 2074 968 2134 §-
988 2084 1008 2121 1.
1033 2071 1066 2119 D.
1081 2071 1113 2119 de
1127 2071 1200 2134 tigno

240 2142 284 2208 (tt.
300 2141 332 2208 5).
372 2140 394 2208 ⁵)
408 2141 454 2192 Sic
467 2143 530 2191 mibi
543 2144 632 2194 videor
646 2143 790 2191 restituisse
807 2141 889 2193 Probi
893 2143 1002 2205 probam
1009 2141 1155 2205 formulam,
1170 2141 1200 2188 in

240 2213 283 2263 Cd.
294 2216 359 2262 male
374 2214 401 2260 in
415 2213 479 2262 baec
493 2214 604 2276 quinque
615 2213 705 2275 frusta
719 2213 874 2274 discerptam
889 2221 913 2262 et
923 2214 1021 2276 passim
1036 2217 1201 2274 corruptam:

238 2283 263 2331 F.
275 2283 301 2331 Τ.
311 2282 336 2331 C.
352 2283 462 2330 remilium
477 2283 612 2330 testamenti
628 2298 698 2330 censs
709 2282 811 2347 (etpost
823 2283 877 2332 sub.
889 2285 926 2332 tit.
941 2283 974 2331 T:
988 2283 1014 2331 t.
1026 2279 1051 2330 C.
1062 2279 1199 2330 testamenti

238 2350 321 2417 censs)
336 2351 523 2400 enituerunt
538 2367 609 2402 eausa
624 2353 653 2402 Μ.
670 2351 695 2402 C.
710 2353 739 2400 Μ.
755 2354 839 2402 mortis
853 2368 924 2402 censs
938 2353 1082 2411 manumisso
1097 2351 1122 2400 V.
1133 2351 1160 2400 tt.
1171 2349 1199 2399 C.

239 2422 343 2471 uindicta
357 2428 423 2470 recte
433 2429 543 2485 neempet
551 2420 612 2488 (iam
623 2423 712 2472 Mams.
724 2426 841 2473 correxit
852 2421 989 2488 competet).
1013 2422 1123 2471 Videtur
1137 2437 1199 2472 cau-

240 2494 290 2542 tela
302 2499 449 2541 testamento
460 2493 594 2554 adscripta
605 2493 744 2544 monendae
758 2495 789 2543 de
804 2494 905 2544 iuribus
918 2495 972 2543 suis
984 2493 1101 2556 familiae
1111 2506 1201 2550 causa,

239 2578 313 2626 quam
322 2563 412 2612 mortis
422 2577 501 2611 eausa
512 2569 618 2612 testator
629 2563 792 2613 liberaverat.
813 2564 851 2613 De
861 2565 986 2614 eiusmodi
994 2563 1200 2613 manumissioni-

239 2633 284 2682 bus
298 2633 349 2681 uid.
364 2632 396 2681 L.
412 2642 445 2684 15.
464 2633 497 2682 D.
513 2633 544 2682 de
557 2635 703 2683 manumiss.
719 2634 764 2699 (to,
778 2632 810 2698 1).
839 2633 875 2684 Et
884 2635 1090 2688 testamentariae
1098 2633 1201 2698 quidem

238 2705 448 2753 manumissiones
457 2705 550 2753 omissa
560 2719 639 2754 eausa
648 2706 791 2753 testamenti
798 2706 957 2755 intercidunt
965 2703 1007 2771 (L.
1019 2716 1052 2756 1'1.
1066 2703 1098 2752 D.
1107 2704 1131 2751 si
1140 2703 1201 2766 quis

239 2776 333 2823 amissa
342 2789 363 2823 c.
375 2780 392 2825 t.
403 2785 437 2832 ts,
446 2771 479 2839 4).
502 2772 577 2824 Sicut
586 2791 647 2824 uero
657 2777 746 2825 mortis
756 2790 835 2826 eausa
843 2776 995 2830 donationes
1004 2790 1036 2828 ne
1045 2773 1144 2838 quidem
1153 2788 1200 2822 ac·

178 2859 182 2868 ’
239 2851 328 2894 casato
338 2851 485 2894 testamento
499 2845 664 2908 auferuntur,
679 2846 748 2910 quod
757 2847 787 2908 fit
802 2848 895 2911 tepetis
908 2853 934 2896 et
947 2845 1109 2896 libertatibus
1122 2850 1201 2894 testa·

239 2921 320 2964 niente
335 2915 404 2963 datis
423 2912 465 2981 (L.
481 2926 501 2968 5.
517 2917 556 2978 ἓξ.
572 2927 605 2968 15.
621 2927 654 2966 lt.
678 2916 710 2964 Ι).
726 2916 812 2965 debis
831 2931 895 2980 quae
914 2923 943 2966 ut
956 2916 1010 2965 ind.
1025 2927 1060 2974 ut,
1074 2913 1107 2980 9),
1122 2915 1201 2963 muita

238 2986 321 3034 minus
335 2983 442 3036 libertas
455 2988 545 3046 mortis
559 3001 639 3038 causa
648 2987 764 3036 uindicta
778 2987 840 3036 data
854 2989 948 3036 omissa
962 3001 1043 3036 causa
1057 2987 1202 3036 testamenti

240 3056 356 3120 infringi
369 3055 449 3106 debet.
488 3053 511 3122 6)
525 3057 693 3106 mununnmisit
705 3056 748 3106 Cd.
761 3053 928 3120 ‘principium
939 3064 976 3108 est
989 3057 1069 3105 edicti
1083 3056 1114 3105 de
1128 3054 1204 3104 bonis

241 3123 401 3176 libertorum'
418 3125 508 3177 Moms.
539 3125 561 3192 ⁷)
574 3128 692 3177 Cor-remi.
707 3127 737 3176 M.
755 3127 797 3176 Cd.
813 3128 853 3176 ed.
870 3127 908 3190 Cf.
923 3127 956 3176 L.
971 3138 1003 3178 to.
1020 3128 1059 3188 ἐξ.
1074 3138 1094 3178 5.
1110 3137 1142 3176 11.
1167 3125 1202 3174 D.

237 3197 269 3246 de
285 3197 340 3246 ber.
353 3204 406 3260 pet.
422 3196 454 3263 (5,
464 3197 495 3260 s).
518 3197 657 3262 Spectabat
670 3212 731 3248 uera
745 3197 782 3246 ad
793 3199 992 3260 stipulationem,
1003 3211 1068 3261 quae
1075 3203 1136 3260 post
1149 3211 1201 3244 me-

238 3274 362 3327 moratur,
376 3267 418 3318 bis
430 3267 508 3318 re'bus
526 3275 596 3318 recte
607 3269 749 3330 praestari.
778 3266 985 3330 Ofi·Goeddaeus
999 3267 1035 3316 ad
1047 3267 1079 3316 L.
1091 3279 1124 3318 tl.
1139 3267 1163 3327 §-
1179 3278 1201 3316 1.

237 3339 270 3389 D.
285 3339 318 3390 de
332 3338 400 3388 verb.
415 3341 482 3404 sipn.
498 3337 542 3402 (5ο,
553 3337 596 3402 tt).
628 3334 649 3402 8)
658 3336 796 3400 Spectabat
806 3338 921 3402 fortasse
931 3339 1072 3401 infamiam.
1091 3337 1129 3400 Os.
1143 3335 1201 3390 Gai.

236 3421 258 3468 4,
273 3422 319 3462 155.
351 3409 465 3460 Ueterum
479 3409 575 3465 dubito,
589 3423 623 3456 an
638 3409 716 3457 trium
730 3410 874 3458 litterarum
889 3415 950 3458 nota
964 3423 998 3458 ex
1009 3407 1096 3458 Proba
1108 3408 1201 3470 suerit.

238 3477 259 3544 ⁹)
276 3480 314 3543 Os.
329 3479 361 3530 L.
375 3491 402 3533 55
415 3495 458 3542 pr.
478 3479 509 3528 D.
529 3479 560 3527 de
575 3477 643 3527 oerb.
657 3480 724 3543 ripn.
740 3478 785 3543 (5ο,
801 3477 844 3544 lt).
873 3479 948 3528 Paul.
963 3477 990 3528 S.
1007 3477 1038 3528 n.
1053 3490 1075 3538 8,
1090 3489 1124 3530 53.
1140 3479 1164 3539 §-
1179 3489 1200 3528 1.

240 3545 273 3613 ¹⁰)
290 3550 328 3612 Os.
342 3549 375 3598 L.
390 3561 410 3600 r.
426 3551 448 3610 ς.
463 3559 484 3604 s.
499 3548 531 3598 L.
546 3560 571 3602 st
582 3564 625 3614 pr.
646 3549 678 3598 Ι).
694 3550 725 3598 cte
739 3564 779 3612 op.
795 3549 878 3598 libert.
894 3547 939 3615 (ee.
954 3549 985 3615 ι).
