2700 4118
320 205 378 240 uos.
398 205 432 240 er
450 204 512 238 nou.
531 202 621 238 nnovu
640 203 746 238 concur.
767 185 812 240 Vl.
833 191 856 238 6.
877 193 900 240 l.
1022 187 1084 252 669

135 350 254 392 errorem
273 351 352 391 suum
374 334 530 404 rescierint,
552 331 623 388 illico
646 331 758 388 nefarias
782 335 889 406 nuptias
905 329 1084 392 diremerint¹

136 419 217 493 Prop.
234 418 270 474 ld.
287 418 362 474 Mart.
378 409 562 496 (Tiberiano)
579 423 607 472 et
622 416 703 471 [tione
718 410 809 474 Coss²

206 498 271 548 Mane
285 513 379 562 quoqne
394 499 586 547 constitutionem
602 495 760 556 Gregorianus
780 496 848 545 titulo
867 497 896 546 de
915 501 1004 562 nuptiis
1024 501 1087 550 inse·

136 571 192 632 ruit,
206 583 266 632 quae
281 576 317 617 est
331 569 451 617 tricesima
466 575 490 617 et
503 567 617 625 secunda,
632 566 685 614 eliis
699 574 777 615 tamen
792 575 816 616 et
830 567 868 616 dic
879 575 903 616 et
913 567 989 628 Coss,
1004 571 1087 621 idest:

135 636 351 719 '[constitutio]³
372 642 401 699 P.
417 642 446 699 P.
463 641 492 702 V.
508 641 544 697 ld.
560 640 618 697 lun.
635 639 800 696 Diocletiano
822 649 865 696 ter
886 650 913 698 et
930 643 1086 701 Maximiano

138 727 266 799 Augustis
282 717 406 804 (Coss).⁴¹

64 816 126 866 [⁵⁷2]
200 807 331 882 Male.
374 808 584 882 Papinianus
613 806 702 863 libro
730 807 903 882 singulari
931 809 1087 868 deadul·

137 893 248 950 teriis.
292 891 317 951 1.
341 888 403 960 ‘Qui
418 894 521 949 sororis
537 891 616 947 liliam
639 907 749 946 uxorem
772 889 884 948 dunerot
903 909 952 966 per
966 911 1087 952 errorem

135 985 275 1048 antequam
292 978 498 1050 praeuenirctur
519 992 534 1030 a
556 975 687 1045 delatore,
711 974 819 1030 diremit
837 978 952 1032 coitum:
976 995 1085 1051 quaero,

61 1069 62 1072 ’
135 1077 168 1117 an
183 1060 270 1116 adhuc
284 1062 370 1134 possit
385 1058 535 1116 accusari?'
573 1057 735 1131 Respondit:
752 1060 787 1129 ei,
804 1060 849 1132 qui
867 1062 1025 1118 coniunctae
1041 1079 1086 1118 so·

135 1146 204 1200 roris
228 1142 297 1199 filiae
318 1145 389 1200 hona
411 1141 463 1199 fite
485 1143 630 1212 abstinuit,
658 1157 772 1214 poenam
794 1145 895 1199 remitti
923 1145 1008 1217 palam
1032 1155 1088 1201 est:

137 1229 200 1300 quia
215 1229 260 1300 qui
276 1243 368 1282 errore
384 1228 494 1298 cognito
513 1226 619 1282 diremit
635 1228 745 1296 coitum,
769 1226 888 1282 creditur
910 1230 968 1283 eius
991 1229 1088 1285 uolun-

138 1312 198 1365 tatis
216 1311 308 1380 luisse,
324 1317 355 1364 ut
370 1309 393 1364 si
408 1312 504 1364 scisset
516 1325 545 1364 se
556 1310 583 1363 in
594 1326 626 1364 eo
643 1309 848 1366 necessitudinis
861 1312 947 1386 gradu
959 1316 1088 1387 positum,

137 1409 193 1448 non
208 1393 304 1448 luisset
319 1392 372 1448 tale
386 1394 589 1449 matrimonium·
599 1387 799 1468 copulaturus.⁵

200 1476 265 1549 Map.
281 1475 333 1531 Vll.
369 1475 456 1533 ldem
478 1471 619 1553 (ipitur)
642 1470 789 1533 dicitur6
812 1480 845 1534 in
867 1495 941 1552 eos,
964 1483 1018 1553 qui
1040 1483 1088 1536 in·

138 1568 249 1616 castas
276 1562 419 1634 nuptias
448 1569 708 1618 contraxerunt.
753 1560 929 1619 Maledicti
958 1559 1088 1621 tamen⁷

138 1652 219 1700 sunt
241 1660 355 1701 omnes
382 1646 508 1702 incesti
531 1661 590 1718 per
612 1645 735 1718 legem,
765 1661 836 1700 com
860 1646 968 1703 adhuc
994 1647 1089 1704 rudi·

137 1726 198 1783 bus
226 1728 369 1802 populis
392 1744 429 1784 es
456 1729 576 1785 diuino
605 1737 689 1784 nutu
715 1727 857 1784 condita
885 1729 1004 1784 iisdem
1033 1731 1089 1786 ad·

137 1812 390 1884 stipulantibus
411 1815 620 1869 sanciretur.
650 1819 683 1867 et
705 1813 825 1882 utique
848 1827 962 1867 omnes
985 1813 1089 1870 male-

137 1894 225 1950 dicti
254 1897 368 1968 puniti
394 1905 491 1966 sunt,
519 1910 605 1968 quos
633 1895 751 1951 diuina
778 1901 811 1948 et
839 1894 981 1949 humana
1010 1911 1088 1952 sen·

137 1979 250 2032 tentia
277 1993 427 2034 consona
453 1993 539 2033 uoce
567 1976 749 2033 damnauit.
800 1975 863 2032 Len
891 1976 1012 2034 diuina
1040 1981 1089 2036 sic

138 2053 259 2116 dicitt⁸
280 2059 305 2117 1.
322 2059 486 2131 Maledictus,
508 2062 638 2139 inquit,
660 2061 726 2115 dixit
740 2059 856 2132 Moyses,
872 2061 918 2134 qui
934 2061 1088 2120 concubue-

212 2269 232 2338 ¹)
248 2272 286 2336 Cf.
301 2270 333 2321 L.
343 2283 377 2324 ss.
392 2273 416 2334 ξ.
427 2283 447 2324 t.
466 2271 499 2320 D.
514 2272 550 2321 od
563 2273 610 2337 lep.
625 2271 676 2321 Iul.
691 2273 722 2322 de
736 2274 815 2323 adult.
832 2272 877 2338 (48,
887 2273 918 2340 o).
971 2271 992 2339 ⁹)
1006 2291 1029 2326 α.
1041 2286 1087 2326 291.

140 2339 161 2409 ⁸)
178 2342 269 2392 Natum
283 2343 331 2393 ltoa
346 2349 410 2406 puto
429 2357 464 2391 ea
477 2357 553 2400 coss,
573 2343 641 2406 quod
653 2341 684 2390 B.
700 2351 776 2393 antea
794 2346 892 2394 omittit.
966 2341 986 2408 4)
1002 2361 1025 2393 α.
1041 2356 1087 2397 28t.

143 2413 230 2463 Totum
244 2413 292 2463 boc
306 2414 505 2462 additamentum
519 2428 569 2462 noa
584 2412 616 2461 ab
631 2415 687 2476 ipso
699 2413 849 2464 Collationis
858 2421 973 2472 auctore,
988 2431 1004 2464 a
1015 2418 1089 2465 cuius

139 2485 248 2534 coasilio
263 2484 292 2533 id
304 2485 415 2532 alienum
428 2490 473 2542 est,
487 2484 534 2533 sed
547 2490 574 2532 ut
583 2485 678 2532 alatilia
689 2487 715 2533 in
727 2484 769 2534 ll.
786 2485 844 2536 Vat.
855 2487 915 2536 266¹.
926 2497 973 2536 sto.
984 2497 1030 2536 ste.
1041 2497 1087 2538 285.

138 2565 185 2605 stt.
196 2565 242 2605 288.
257 2569 274 2603 o
288 2554 350 2602 libri
363 2555 449 2617 aliquo
460 2567 610 2616 possessore
620 2555 766 2616 profectum
776 2571 830 2605 esse
840 2557 949 2605 uidetur.
974 2557 1089 2606 Ceterum

137 2626 271 2688 iaeopro
286 2625 481 2688 quaemolimin
496 2639 550 2688 quo.
616 2623 637 2690 ⁵)
653 2624 691 2688 Cf.
706 2625 738 2675 L.
754 2638 787 2677 os.
807 2628 845 2688 §5-
860 2637 880 2678 5.
896 2638 916 2677 6.
942 2626 974 2678 D.
990 2628 1025 2676 od
1039 2629 1086 2692 lep.

138 2693 188 2744 Iul.
203 2695 235 2744 de
250 2695 330 2743 adult.
346 2694 357 2758 (
383 2692 437 2760 ,o).
489 2692 510 2759 ⁶)
525 2693 567 2743 Sc.
583 2697 637 2759 lepe
651 2695 702 2744 Dei
714 2703 739 2744 et
752 2696 850 2761 lapibus
865 2696 1000 2752 Horitarum
1021 2700 1088 2747 unde

137 2779 198 2814 uoce
213 2765 284 2826 igitur
298 2767 387 2814 careri
400 2780 450 2815 noa
461 2772 574 2828 poterat,
589 2781 652 2829 quae
662 2781 691 2814 eo
703 2765 814 2828 facilius
823 2768 946 2848 eacidgre
955 2770 1050 2831 potuit,
1064 2771 1089 2818 si

138 2835 169 2884 id.
185 2836 256 2896 igitur
269 2837 394 2898 scriptum
409 2836 492 2898 fuisse
510 2837 635 2898 ponimus.
702 2833 720 2902 ⁷)
736 2836 794 2886 Hoc
807 2838 887 2886 dicit:
907 2853 941 2886 eu·
960 2841 1015 2903 lepe
1029 2854 1051 2888 c.
1067 2852 1086 2889 1.

137 2908 221 2955 relata
231 2907 374 2968 putaveris,
390 2908 444 2971 lepe
460 2906 549 2954 divina
563 2906 685 2970 quosdam
699 2913 796 2956 tantum
810 2908 903 2957 incesti
911 2923 970 2957 reos
980 2911 1088 2972 punitos

136 2991 207 3032 esse:
223 2977 270 3025 sed
287 2978 339 3026 otto
354 2979 410 3026 loco
424 2991 509 3026 omues
523 2977 653 3026 maledicti
665 2984 725 3026 suat
742 2993 822 3042 eaque
836 2978 993 3036 maledictio,
1013 2995 1087 3043 quam

132 3061 219 3109 poena
232 3061 330 3109 semper
344 3046 505 3110 sequebatur,
520 3063 537 3095 a
551 3048 608 3096 iure
623 3046 738 3098 Romano
754 3055 851 3097 tantum
864 3049 1001 3098 sanciendi
1014 3050 1086 3099 modo

135 3115 262 3172 distabata
276 3132 356 3181 aeque
369 3119 436 3165 enim
449 3120 519 3166 solus
532 3118 678 3182 lepislator,
693 3125 722 3167 ut
734 3135 802 3168 aune
816 3120 969 3182 imperator,
984 3121 1030 3168 sed
1047 3120 1087 3168 di-

136 3188 196 3236 vista
210 3201 262 3236 uox
275 3188 448 3250 adstipulante
458 3189 551 3250 populi
563 3188 674 3236 bumana
683 3203 744 3238 uoce
755 3188 863 3252 (verbim
873 3191 929 3252 fiat,
940 3188 998 3254 fiat)
1009 3191 1087 3254 leyem

135 3257 274 3307 sanciebat.
327 3253 348 3322 8)
365 3257 402 3320 Cf.
418 3257 556 3307 Deuteroa.
572 3269 606 3315 et,
620 3269 729 3317 to—ss.,
745 3259 788 3308 ubi
802 3261 926 3323 quaedam
941 3267 1037 3307 tantum
1052 3274 1086 3308 ea

136 3326 176 3376 bis
190 3327 411 3377 maledictionibus
424 3329 555 3392 leputatur,
574 3329 610 3378 od
627 3345 735 3393 quarum
753 3329 944 3379 similitudinem
960 3328 1087 3378 Collector

136 3399 238 3446 ratione
256 3398 343 3447 babita
361 3398 444 3450 Lavit.
464 3410 497 3449 ts.
516 3406 541 3448 et
558 3410 592 3449 so.
611 3407 728 3448 caeteras
743 3401 834 3463 finxit,
856 3413 887 3448 ne
904 3400 929 3447 si
947 3399 1087 3448 interdieta

135 3471 231 3583 ἓααιααι
245 3471 406 3518 matrimonia
420 3469 509 3519 erebia
523 3471 587 3519 locis
600 3471 738 3528 retulisset,
753 3470 877 3533 impunita
891 3483 922 3517 ea
934 3469 1018 3531 fuisse
1032 3471 1087 3535 lepe

71 3559 76 3568 ·
155 3537 225 3585 iuiaa
239 3538 395 3590 viderentur.
