2672 4112
424 245 555 280 eruemus
574 245 668 281 remus
686 245 789 282 eteros.
1069 237 1087 295 3

186 371 215 430 2.
238 414 247 430 .
274 417 280 430 .
303 373 376 427 sicut
391 370 520 426 Veranius
536 387 568 426 es
583 373 669 444 primo
682 364 765 428 libro¹
781 370 895 427 Pictoris
909 372 946 426 ita
960 371 1088 427 disserta·

123 459 226 514 tionem
247 457 328 512 huius
344 454 420 510 uerbi
437 463 564 510 executus
580 465 634 510 est:
658 453 733 512 ‘liuta
749 456 934 528 porriciunto,
950 455 990 510 dis
1006 455 1088 510 danto

124 545 151 598 in
165 541 262 596 altaria
282 555 390 594 aramue
406 539 532 594 locumne
548 555 633 610 cone,
656 555 709 612 quo
725 547 783 595 esta
799 539 856 594 dari
872 538 1029 598 debebunt'.
1045 569 1089 580 -

123 625 239 684 llacrcb.
256 623 314 680 Sat.
331 623 360 693 3,
378 621 406 679 2.
423 622 451 692 S.
467 622 497 682 3.

185 705 213 766 3.
237 706 421 764 caerimoniae
436 707 576 779 impositae
590 705 691 761 damini
707 706 770 762 Diali
786 707 897 774 multae,
918 708 983 762 item
998 714 1087 762 castus

21 801 24 807 '
84 792 299 865 tetmnldplices,
323 805 392 863 quos
409 791 437 845 in
458 789 544 860 libris,
568 789 665 862 quide
686 789 870 846 sacerdotibus
885 789 1000 864 publicis
1016 806 1088 846 corn·

123 877 207 950 positi
222 882 302 946 sunt,
326 875 391 929 item
410 875 439 929 in
454 872 527 929 raba
541 873 655 930 Pictoris
670 873 799 929 librorum
814 876 902 948 primo
916 874 1035 948 scriptos
1050 873 1088 930 le·

124 962 229 1033 gimus;
254 959 324 1014 unde
347 958 413 1012 haec
433 957 517 1012 lermc
538 967 618 1030 sunt,
640 975 708 1030 quac
727 951 988 1016 commeminimus:²
1014 957 1087 1031 Equo

124 1043 222 1099 Dialem
239 1041 373 1098 tlamincrn
389 1041 452 1096 uehi
466 1041 563 1114 religio
579 1049 630 1114 est,
648 1039 694 1116 (et)
710 1041 823 1098 classem
837 1043 1002 1115 procinctam
1014 1049 1089 1098 entra

124 1129 287 1200 pomerium,
304 1126 330 1180 id
346 1132 389 1182 est
403 1125 550 1180 exercitum
565 1134 711 1197 armatum,
727 1125 832 1194 nidere3
852 1125 952 1182 idcirco
967 1133 1090 1181 rarenter

21 1277 22 1280 Ἴ
125 1209 223 1266 damen
237 1209 317 1265 Dialis
333 1216 438 1264 creatus
454 1209 549 1264 consul
565 1217 622 1280 cst,
643 1226 703 1266 cum
720 1209 791 1265 bella
812 1208 967 1266 consulibus
984 1209 1089 1264 manda-

21 1283 25 1306 *
125 1295 233 1349 bantur.
265 1296 329 1348 item
344 1279 432 1348 iurare
449 1291 546 1348 Dialem
562 1293 600 1347 las
615 1309 753 1366 nunquam
768 1301 819 1348 est.
850 1294 914 1348 item
934 1293 1034 1350 annulo
1050 1294 1090 1348 uti

127 1379 181 1434 nisi
200 1379 297 1450 peroio
317 1393 448 1449 cassoque
469 1375 507 1431 las
523 1392 578 1432 non
595 1385 647 1432 est.
677 1378 767 1449 ignem
782 1393 797 1432 ε
813 1375 926 1434 llaminia
942 1377 968 1436 id
984 1384 1027 1434 est
1042 1375 1089 1432 ssa-

129 1462 210 1516 miuis
225 1460 304 1516 Dialis
323 1460 400 1516 domo
415 1462 469 1515 nisi
482 1476 588 1516 sacrum
604 1459 691 1516 efferri
706 1461 749 1516 ius
763 1460 819 1518 n'on
835 1469 884 1518 est.
919 1464 1050 1532 uinctum,
1065 1462 1088 1518 si
1155 1482 1161 1488 ·

127 1544 211 1600 aedes
227 1545 285 1599 eius
300 1544 447 1613 introierit,
469 1543 539 1600 solui
556 1559 697 1600 necessum
712 1553 753 1600 εει
768 1553 795 1600 ει
812 1545 918 1602 uincula
930 1562 979 1618 per
992 1545 1089 1618 implu-

125 1629 200 1683 uium
216 1629 245 1682 in
262 1627 366 1699 tegulas
381 1626 494 1683 subduci
510 1637 590 1700 atque
604 1629 666 1684 inde
681 1627 755 1684 loras
770 1628 797 1684 in
812 1630 883 1686 uiam
898 1628 1012 1686 demitti.
1036 1630 1088 1686 llo-

125 1711 188 1766 dum
207 1711 239 1767 'in
255 1713 331 1785 apice
345 1727 434 1784 neque
448 1713 476 1766 in
492 1713 582 1766 cinctu
597 1727 684 1784 neque
698 1714 726 1768 in
740 1712 790 1768 alia
804 1721 881 1784 parte
897 1713 981 1772 ullum
998 1713 1087 1770 habet.

125 1797 148 1850 si
163 1797 225 1868 quis
240 1795 274 1850 ad
290 1794 487 1850 uerberandum
502 1794 626 1866 ducatur,
642 1796 665 1850 si
680 1795 712 1850 ad
727 1797 810 1869 pedes
825 1798 882 1852 eius
898 1799 1011 1870 supplex
1025 1813 1089 1871 pro·

126 1879 265 1950 cubuerit,
288 1895 320 1933 eo
343 1879 385 1934 die
399 1877 535 1934 uerberari
550 1878 683 1952 piaculum
700 1885 751 1935 εει.
781 1879 906 1952 capillum
922 1881 1016 1948 Dialis,
1037 1881 1088 1934 nisi

127 1964 173 2034 qui
192 1963 262 2018 liber
283 1961 365 2017 bomo
393 1970 447 2026 cst,
476 1979 529 2017 uon
556 1955 721 2018 ’detondct.³
751 1978 855 2038 capram
876 1972 904 2018 et
924 1979 1030 2018 carnem
1048 1964 1088 2017 in·

129 2054 231 2101 coctam
253 2055 281 2101 et
302 2045 430 2100 hederam
450 2053 477 2102 ει
498 2045 582 2100 labam
603 2062 691 2118 neque
708 2037 818 2120 tangere
834 2045 898 2100 Diali
913 2063 972 2102 mos
987 2054 1029 2104 est
1043 2063 1089 2101 ne·

132 2145 184 2200 qne
198 2133 344 2184 nominare.
370 2130 534 2202 propagines
550 2145 564 2183 ε
579 2128 680 2184 uitibus
696 2129 775 2184 altius
790 2137 946 2202 praetentus
962 2146 1016 2184 non
1028 2146 1088 2185 suc-

132 2211 210 2271 cedit.
244 2213 326 2286 pedes
347 2213 425 2284 lecti,
447 2215 475 2268 in
495 2229 550 2286 qno
572 2213 663 2282 cubat,
684 2210 742 2268 luto
760 2215 833 2268 tenui
848 2213 1014 2268 circumlitos
1030 2229 1089 2268 esse

129 2304 254 2369 oportet,
284 2305 312 2352 ει
333 2294 366 2351 de
388 2313 420 2351 eo
441 2297 512 2354 lecto
535 2297 690 2352 trinoctium
711 2297 867 2354 continuum
888 2313 944 2353 non
964 2295 1088 2368 decubat,

129 2396 216 2452 neque
235 2382 262 2435 in
284 2396 317 2436 eo
339 2379 411 2436 lecto
432 2379 530 2436 cubare
551 2380 632 2436 alium
653 2379 691 2436 ias
711 2388 769 2450 est;
789 2376 919 2454 denique⁴
940 2379 1011 2454 apud
1032 2383 1089 2436 eius

130 2462 193 2518 lecti
218 2457 335 2520 lulcium
360 2464 496 2538 capsulam
520 2480 579 2519 esse
601 2481 661 2520 cum
680 2472 756 2520 strue
776 2471 856 2538 atque
878 2464 948 2520 ferto
970 2472 1088 2538 oportet.

132 2549 260 2620 unguium
275 2548 352 2603 Dialis
369 2553 396 2604 ct
410 2548 498 2622 capilli
513 2549 634 2620 segmina
651 2547 744 2604 subter
758 2547 881 2604 arborem
897 2548 1002 2604 lelicem
1018 2557 1089 2604 terra

131 2633 298 2704 operiuntur.
335 2631 413 2688 Dialis
435 2631 555 2706 qnotidie
576 2631 689 2687 festatus
710 2639 760 2688 est.
790 2634 849 2688 sine
870 2633 945 2705 apice
960 2631 1010 2688 sub
1026 2633 1088 2688 diuo

129 2731 187 2770 esse
201 2715 306 2771 licitum
322 2732 376 2770 non
392 2724 443 2774 est.
474 2716 611 2772 subtecto
626 2717 666 2770 uti
681 2716 784 2780 liceret,
805 2732 859 2770 non
874 2716 976 2788 pridem
992 2732 1006 2770 a
1021 2733 1089 2790 pon·

130 2797 247 2856 tilicibus
269 2801 465 2871 constitutum,
486 2799 618 2856 llasurius
633 2799 747 2856 Sabinus
763 2801 887 2874 scripsit,
902 2800 994 2856 etalio
1010 2817 1090 2872 qnae·

128 2882 187 2938 dam
212 2885 326 2939 remissa
354 2886 494 2957 gratiaque
518 2883 624 2957 aliquot
649 2885 869 2942 caerimoniarum
894 2884 962 2940 iacta
982 2884 1089 2940 dicitur.

128 2965 253 3024 l'arinam
269 2967 402 3024 iermento
418 2967 545 3023 imbutam
561 2970 695 3040 attingere
710 2970 735 3024 ci
749 2968 788 3024 las
804 2975 920 3026 nonest.
945 2970 1035 3024 tunica
1049 2971 1090 3024 in·

129 3053 202 3122 tima,
219 3052 272 3106 uisi
287 3053 316 3106 in
331 3049 399 3108 locis
415 3053 502 3114 tectis,
518 3068 574 3108 non
589 3054 662 3107 exirit
677 3069 715 3114 se,
733 3047 788 3127 (ne)
805 3052 855 3107 sub
871 3052 948 3108 coelo
964 3063 1091 3126 tanquam

201 3205 223 3272 ¹)
230 3214 312 3270 puta:
321 3209 530 3271 interpontificii,
541 3210 585 3272 qui
592 3208 654 3257 libri
661 3210 720 3258 item
726 3208 848 3270 deinceps
855 3209 1017 3274 intelligendi
1023 3217 1090 3267 runt,

127 3278 171 3328 abi
180 3280 252 3328 alius
266 3280 357 3328 titulae
370 3281 520 3342 adscriptor
529 3295 580 3330 noo
590 3286 635 3328 est.
661 3276 681 3344 ²)
698 3277 755 3328 Non
765 3280 858 3338 omnia,
868 3287 1091 3343 praesequantur,

127 3364 161 3398 etc
176 3348 260 3398 Fabio
279 3351 412 3414 desumpta
426 3365 493 3408 ecoe,
508 3353 597 3414 palam
611 3356 656 3399 εει.
691 3345 711 3414 8)
726 3351 835 3398 detonset
849 3351 907 3399 edd.
940 3347 961 3416 4)
975 3349 1092 3411 Scripsi;

128 3434 204 3483 neque
220 3427 281 3470 ante
296 3421 367 3484 alium
381 3422 471 3470 addito
485 3436 515 3470 nc
530 3421 609 3486 (quod
619 3421 758 3486 sopitivum
772 3427 797 3470 ει
815 3428 936 3470 mutatum
950 3435 984 3469 ecc
998 3420 1092 3467 deesse

129 3489 243 3608 ppdetur)
260 3491 322 3540 odd.
337 3488 444 3559 nc[que]
456 3492 527 3540 alium
541 3493 576 3542 ias
592 3499 629 3540 est
642 3506 718 3555 neque
733 3499 790 3554 aput
800 3528 806 3541 .
818 3527 823 3540 .
836 3529 841 3540 .
852 3493 913 3554 dput
928 3490 979 3537 eius
994 3495 1040 3538 etc.
1051 3488 1091 3538 ed.

155 3569 218 3610 eriz.

843 3649 879 3697 1*
