2672 4112
240 227 280 284 26
580 232 608 268 m.
627 231 737 268 rumve
755 230 856 266 cronno.

300 359 532 428 moestissimo,
559 364 587 414 ct
615 355 723 429 quidem
750 357 803 412 ista
817 355 893 413 duco
915 357 1000 412 errari
1021 355 1098 414 nullo
1121 365 1203 431 pacto

262 452 343 500 otest.

241 463 259 519 p
300 527 354 582 Vll.
378 524 422 585 21.
443 525 485 582 M.
508 524 593 580 llasne
608 525 693 597 igitur
707 523 760 578 hoc
774 521 863 595 nobis,
881 521 1024 596 Pomponi,
1036 539 1097 580 nam
1109 521 1204 591 Quinti

238 611 304 668 noui
317 610 489 681 sententiam,
509 607 622 666 deorum
637 607 820 663 inmortalium
842 608 880 676 ui,
901 613 1007 677 natura,
1023 609 1137 679 ratione,
1153 625 1205 681 po·

238 700 347 764 testate,
362 700 467 764 mente,
482 693 607 762 numine,
623 691 682 746 siue
697 689 770 762 quod
785 699 827 746 est
841 689 913 746 aliud
927 689 1059 761 uerbum,
1075 707 1129 764 quo
1145 690 1204 765 pla-

237 779 299 834 nius
319 775 467 850 significem
483 775 556 850 quod
571 773 652 844 uolo,
673 783 795 830 naturam
811 789 917 830 ornnem
931 774 1007 846 regi?
1028 790 1089 828 nam
1113 775 1135 829 si
1150 775 1204 830 hoc

238 877 293 918 non
308 860 416 935 probas,
432 859 464 914 ah
480 875 513 914 eo
528 858 607 914 nobis
623 869 703 916 causa
719 856 847 913 ordienda
863 863 906 912 est
919 858 1100 930 potissimum.

301 946 336 1001 Α.
358 943 396 1000 llo
407 958 481 1015 sanc,
503 943 527 998 si
544 940 681 1015 postulas3
705 943 804 996 etenim
820 949 934 1013 propter
950 941 1023 996 hunc
1040 949 1204 998 concentum

238 1029 328 1084 auium
343 1028 541 1100 strepitumque
556 1024 697 1080 [luminum
711 1040 767 1081 non
782 1039 880 1080 uereor
898 1023 1146 1097 condiscipulorum
1166 1041 1204 1081 ne

241 1113 303 1186 quis
318 1109 451 1166 exaudiat.
544 1117 547 1122 ’

300 1195 342 1252 M.
365 1195 447 1266 Atqui
468 1191 616 1249 cauendum
639 1199 699 1260 est;
722 1189 812 1246 solent
833 1191 916 1261 enim,
937 1190 965 1246 id
986 1191 1060 1263 quod
1080 1193 1204 1248 uirorum

237 1277 372 1334 bonorum
393 1286 445 1348 est,
466 1275 609 1332 admodum
629 1275 724 1346 irasci,
745 1289 796 1330 nec
810 1289 877 1330 uero
889 1273 994 1345 ferent,
1015 1276 1039 1330 si
1058 1273 1204 1347 audierint,

237 1369 266 1418 te
281 1363 396 1434 primum
411 1367 492 1432 caput
507 1358 568 1414 libri
584 1360 678 1431 optimi
697 1357 858 1430 prodidisse,
875 1359 904 1412 in
919 1373 974 1430 quo
988 1359 1107 1430 scripsit,
1123 1356 1204 1414 ‘nihil

240 1460 334 1500 curare
349 1443 428 1498 deum
444 1459 494 1498 nec
509 1443 551 1496 sui
566 1457 617 1496 nec
632 1441 734 1498 alieni?
898 1493 901 1500 ,

301 1521 348 1585 22.
370 1525 406 1582 A.
429 1525 526 1598 Perge,
542 1541 655 1597 quaeso:
675 1540 736 1580 nam
750 1523 786 1594 id,
810 1523 884 1596 quod
904 1521 954 1580 tihi
970 1526 1104 1596 concessi,
1120 1541 1203 1598 quor·

238 1625 286 1666 sus
300 1611 434 1683 pertineat
450 1616 573 1681 expecto.
1095 1613 1099 1622 '

300 1693 342 1750 M.
364 1693 424 1748 Non
445 1692 539 1748 faciam
558 1691 683 1764 lougius3
711 1691 765 1746 huo
784 1691 855 1746 enim
879 1692 1014 1764 pcrtinet,
1037 1690 1132 1747 animal
1150 1691 1204 1748 hoc

238 1777 392 1851 prouidum,
407 1792 499 1850 sagas,
515 1773 665 1847 multiplex,
686 1782 805 1850 acutum,
826 1790 939 1844 memor,
962 1774 1072 1848 plenum
1087 1776 1202 1831 rationis

239 1869 267 1918 et
289 1861 411 1931 consilii,
432 1875 512 1932 quem
532 1872 660 1914 uocamus
680 1858 832 1929 hominem,
854 1858 988 1930 praeclara
1009 1858 1121 1930 quadam
1136 1873 1204 1914 cora·

238 1943 343 2002 dicione
358 1951 517 2016 generatum
532 1957 592 1998 esse
607 1958 622 1995 a
636 1957 763 2014 supremo
778 1941 841 1998 deo.
868 1941 957 1996 solum
971 1950 1014 1997 est
1030 1942 1099 1996 enim
1114 1958 1147 1998 ex
1159 1949 1204 1998 tot

238 2028 410 2084 animantium
425 2025 569 2100 generibus
585 2033 666 2099 atquc
680 2026 782 2080 naturis
797 2026 933 2098 particeps
955 2027 1067 2081 rationis
1084 2034 1112 2082 ct
1127 2027 1204 2099 cogi·

240 2112 361 2181 tationis,
385 2127 467 2184 quom
489 2118 578 2166 cetera
599 2110 654 2164 sint
675 2110 763 2164 omnia
783 2109 912 2181 expertia.
947 2108 1011 2182 quid
1037 2116 1080 2164 est
1101 2117 1202 2181 autem,

238 2210 293 2250 non
308 2193 395 2250 dicam
409 2195 438 2248 in
452 2193 571 2262 homine,
586 2191 635 2247 sed
650 2193 677 2246 in
692 2193 764 2247 omni
785 2191 860 2248 caelo
881 2199 963 2265 atque
983 2199 1069 2263 terra,
1095 2194 1203 2250 ratione

238 2276 373 2331 diuiniusl
395 2291 464 2348 quae
487 2291 569 2347 quom
590 2273 711 2329 adoleuit
730 2283 812 2347 atque
830 2273 949 2348 perlecta
967 2282 1026 2344 est,
1047 2277 1204 2332 nominatur

238 2360 291 2415 rite
305 2359 444 2431 sapientia.
475 2353 524 2416 28.
538 2366 580 2413 est
593 2358 688 2428 igitur,
703 2359 829 2430 quoniam
843 2358 910 2414 nihil
925 2367 968 2414 est
981 2359 1086 2414 ratione
1106 2358 1203 2415 melius

238 2437 338 2514 eaque¹
358 2450 387 2497 et
401 2443 428 2496 in
443 2441 551 2496 homine
566 2449 595 2496 et
608 2441 636 2495 in
651 2441 710 2511 deo,
734 2443 818 2514 prima
833 2441 936 2497 homini
948 2459 1008 2498 cum
1023 2442 1075 2498 deo
1089 2443 1201 2500 rationis

239 2526 362 2580 societas.
398 2525 469 2580 inter
493 2539 562 2596 quos
585 2531 674 2580 autem
694 2526 779 2596 ratio,
800 2526 873 2582 inter
894 2524 1004 2581 eosdem
1026 2529 1105 2581 etiam
1127 2534 1201 2583 recta

238 2601 324 2664 ratio²
343 2607 492 2663 communis
515 2613 574 2677 est;
597 2623 665 2680 quae
688 2625 748 2665 cum
769 2609 804 2664 sit
824 2607 878 2680 lex,
900 2607 961 2683 lege
979 2625 1089 2682 quoque
1103 2625 1201 2666 conso·

238 2692 300 2748 oiati
319 2691 441 2746 homines
462 2706 521 2746 cum
542 2690 583 2746 dis
603 2691 716 2764 putandi
735 2707 838 2747 sumus.
872 2693 944 2748 inter
964 2709 1033 2766 quos
1054 2709 1136 2766 porro
1158 2702 1203 2749 est

238 2775 391 2832 communio
414 2773 494 2848 legis,
514 2776 585 2831 inter
604 2790 651 2830 eos
667 2776 819 2832 communio
834 2775 901 2830 iuris
916 2783 974 2844 est;
997 2775 1095 2848 quilius
1111 2784 1203 2832 autem

238 2859 304 2914 haec
323 2867 387 2913 sunt
406 2859 477 2913 inter
498 2874 545 2914 ecs
571 2860 737 2929 communia,
759 2860 784 2914 ci
806 2859 922 2916 ciuitatis
943 2859 1064 2915 eiusdem
1086 2858 1201 2916 habendi

237 2950 311 2998 sunt.
340 2943 364 2998 si
379 2957 446 2998 uero
461 2942 545 2998 isdem
559 2943 676 3014 imperiis
692 2949 719 2996 et
733 2941 915 3014 potestatibus
930 2951 1036 3014 parent,
1051 2942 1138 2999 multo
1148 2945 1201 2999 iam

237 3026 340 3098 magis3
362 3032 458 3098 parent
478 3033 568 3081 autem
583 3025 646 3081 huic
661 3024 771 3081 caelesti
786 3024 962 3098 descriptioni
977 3027 1116 3099 mentique
1131 3025 1201 3082 diui·

236 3124 286 3166 nae
301 3117 329 3164 et
343 3109 514 3182 praepotenti
529 3109 591 3164 deo.
620 3115 650 3164 ut
664 3109 716 3164 iam
731 3109 875 3164 uniuersus
890 3110 935 3166 lric
949 3109 1065 3166 mundus
1079 3105 1134 3184 (sit)
1148 3125 1202 3164 una

236 3193 331 3248 ciuitas
343 3194 491 3248 communis
501 3192 613 3248 deorum
626 3199 707 3264 atque
719 3191 856 3248 hominum
868 3191 1053 3250 existimanda.
1084 3201 1112 3249 et
1127 3192 1202 3266 quod

236 3276 264 3334 in
286 3275 441 3334 ciuitatibus
463 3277 566 3332 ratione
589 3273 718 3348 quadam,
747 3273 781 3330 de
803 3291 854 3348 qua
876 3275 983 3334 dicetur
1003 3275 1102 3334 idoneo
1125 3275 1201 3349 loco,

309 3462 329 3528 ¹)
344 3462 395 3511 AB
407 3470 443 3510 cst
456 3478 490 3511 ex
505 3461 634 3527 Madoipt‘i
651 3464 685 3524 ej.
704 3463 808 3513 addidit
822 3464 853 3513 V.
888 3461 909 3530 ⁹)
924 3472 948 3513 et
966 3465 1067 3514 addunt
1080 3464 1136 3523 AB,
1158 3466 1199 3514 ed.

240 3534 271 3582 V.
290 3548 335 3596 par
353 3541 377 3581 et
391 3535 423 3594 ej.
439 3533 511 3581 idem.
