2694 4110
331 179 366 216 os
385 178 576 216 cosma-oramus
594 179 627 216 ss
643 179 879 218 rsoovsaronmrs.
1026 166 1088 231 813

196 305 263 366 338.
280 301 364 364 ¹Da'ui
380 307 561 366 Diocletianus
576 318 605 366 ct
620 309 796 366 Constantius
811 350 818 368 .
832 351 839 366 .
852 351 859 366 .
874 355 881 372 .
903 311 996 368 Irrita
1011 302 1186 382 esse,2¹}¹?3f,†u.

132 407 207 466 quae
220 409 238 447 a
251 399 448 464 procuratore
462 394 528 448 citra
541 391 695 448 mandatum
706 391 811 448 domini
824 401 905 466 pecta
916 401 992 470 sunt,
1004 396 1086 452 indu·
1099 385 1188 430 ΜΤ·

132 478 215 532 bitati
234 478 307 532 iuris
329 481 380 532 est.
411 474 443 534 Si
463 470 570 551 inituri
591 477 725 548 praedia,
750 491 825 550 quae
847 484 873 532 te
902 481 1191 550 conparassess.a.[ao]

130 560 282 632 perhibes,
308 558 399 618 inuito
427 560 535 616 domino
564 575 579 614 a
606 558 829 633 procuratoribus
862 559 1000 618 distracto
1021 556 1174 634 sintttw·

132 644 263 700 dominus
285 658 320 700 ea
335 644 486 700 uindicare
505 660 563 700 non
582 643 763 714 prohibetur.
793 658 826 698 cx
840 643 979 718 superfluo
996 653 1085 702 autem

133 742 174 800 ca,
192 741 260 799 quae
274 732 474 798 procuratores
494 733 625 800 eperunt,
643 728 805 798 principali
823 731 966 800 rescripto
981 730 1085 800 confir·

134 825 207 866 marc
222 808 366 868 desidarcs.
396 825 455 866 nam
471 809 629 884 principum
651 827 715 866 cum
731 812 807 866 aliae
816 819 922 882 partes
938 818 1013 883 sunt,
1029 820 1087 868 tum

129 895 276 963 possessio
292 899 352 964 tna,
368 896 395 950 si
415 895 544 967 temporis
556 895 686 950 terminos
699 900 850 967 perpetuae
866 898 974 952 actione¹
986 899 1089 952 statuti

135 991 253 1050 epresso
269 983 322 1049 est,
337 981 409 1034 sotis
425 983 451 1033 te
472 984 578 1035 tuetur.
608 977 687 1034 Data
704 975 830 1034 ..Mart
842 977 1026 1036 Nicomediae.
1040 1017 1047 1034 .
1060 1020 1086 1036 ..

195 1054 265 1118 339.
281 1052 439 1131 ²Ulpa'anus
452 1061 500 1117 tio.
511 1061 558 1121 VI.
575 1061 615 1117 ad
634 1062 765 1118 edictum.
792 1061 941 1136 Copnitore
957 1065 1002 1120 aet
1016 1080 1084 1136 prc-
1098 1057 1177 1138 Ἥ..)

134 1151 272 1202 curatore
288 1158 327 1202 cac
342 1145 478 1200 eiusmodi
491 1159 583 1201 cansa
598 1145 738 1214 damnato,
758 1160 826 1216 quac
840 1145 989 1218 periculum
1004 1148 1084 1220 igno·
1095 1145 1128 1182 ΑΒ
1141 1145 1181 1181 aa.

134 1229 231 1284 minias
243 1227 343 1298 affert,
356 1241 448 1300 neque
462 1227 600 1298 dominus,
612 1243 706 1300 neque
716 1232 778 1300 ipse
794 1229 917 1300 infamia
926 1231 1086 1300 notabitur3

135 1312 198 1384 quia
212 1325 300 1383 neque
315 1309 438 1366 dominus
453 1309 654 1368 condemnatas
669 1319 722 1387 est,
733 1327 825 1384 neque
839 1317 902 1384 ipse
913 1329 965 1371 suo
976 1317 1087 1372 nomiae

134 1395 270 1451 indicium
285 1397 407 1465 accepit.
437 1394 489 1451 sed
501 1403 529 1450 ct
544 1395 567 1450 si
589 1395 715 1468 coguitor
729 1397 757 1450 in
771 1411 828 1452 rem
843 1412 927 1454 suam
941 1398 1027 1456 datiis
1040 1401 1085 1469 sit,

134 1479 208 1535 ictam
229 1477 363 1534 dicemus.
397 1477 527 1550 Denique
548 1482 575 1536 si
588 1495 644 1552 qno
664 1482 788 1552 primum
803 1483 832 1536 in
853 1496 911 1538 rem
933 1497 1008 1538 suam
1024 1480 1087 1538 dato

134 1554 197 1618 ’lis³
210 1562 238 1616 in
253 1561 395 1618 dominum
414 1577 519 1619 rursus
539 1568 677 1636 tanquam
693 1571 919 1634 procuratorem
941 1583 960 1621 a
980 1580 1087 1637 procu·

134 1653 234 1702 ratorc
262 1643 306 1701 uel
332 1646 474 1719 cognitore
501 1646 679 1716 transfertur,
710 1660 802 1718 neque
822 1651 849 1702 is
870 1649 1024 1705 damnatus
1045 1653 1089 1705 in·

149 1733 221 1786 anais
259 1735 278 1785 t.

132 1729 153 1800 f
196 1731 268 1870 348.
293 1805 427 1871 ⁴Poultus
446 1811 529 1871 ΗΜ.
553 1813 774 1870 Sententiarum.
799 1807 854 1886 (1)
879 1811 995 1881 Quoties
1009 1818 1087 1872 actio
1107 1817 1175 1895 ¹2¹5?

135 1912 186 1954 suo
197 1898 308 1953 nomine
321 1899 507 1953 condemnato
520 1895 611 1966 famae
628 1894 778 1969 periculum
790 1895 909 1970 inrogat,
921 1899 992 1955 solet
1004 1899 1041 1954 ab
1053 1912 1086 1955 ea
1099 1901 1171 1940 SENT-

63 1982 266 2052 [ttolcopnitor
287 1981 363 2051 dari,
379 1983 446 2052 quia
468 1980 557 2035 iudea
585 1979 846 2036 condemnationem
866 1984 896 2036 in
918 1981 1088 2055 cognitorem
1151 2006 1159 2021 ·

136 2063 253 2136 dirigere
268 2063 360 2133 debat,
372 2070 403 2119 ut
418 2067 521 2118 neuter
537 2062 725 2133 infamisfiat.
751 2058 802 2138 (2.)
815 2056 871 2120 ‘Ab
883 2066 994 2122 actoris
1002 2072 1089 2138 purte

136 2149 212 2203 actio
230 2144 367 2220 popularis
388 2147 555 2218 cognitorem
578 2146 657 2202 ante'
670 2147 746 2202 litem
762 2153 951 2205 contestatam
965 2164 1023 2206 non
1038 2149 1088 2206 ad·

136 2233 227 2286 mittit.
246 2235 314 2300 post
328 2230 403 2286 litem
418 2236 595 2286 contestatam
616 2227 740 2289 admittit.
769 2226 823 2305 (3.)
836 2224 895 2288 6Αᾰ
906 2234 983 2289 litem
998 2235 1089 2290 susci·

133 2314 270 2386 piendam
292 2317 421 2386 capnitor
434 2313 521 2370 datus
534 2314 669 2371 iudicium
690 2315 811 2388 accipere
826 2317 944 2389 cogitur,
961 2308 1087 2374 maiims⁷

136 2398 297 2455 sidominus
307 2397 462 2453 iudicatum
473 2398 547 2453 solui
560 2414 615 2470 pro
629 2412 661 2454 eo
672 2399 837 2456 satisdedit:
848 2401 1087 2472 attiniacensem,

137 2483 217 2538 uelut
231 2479 359 2554 capitales
374 2481 536 2549 triniatim,
557 2496 632 2554 puae
646 2484 831 2554 interipsum
846 2489 874 2540 et
888 2484 1030 2540 damiatam
1044 2488 1087 2541 in·

137 2569 334 2634 teruenerunt‚
352 2567 430 2621 iusta
445 2565 621 2637 permittitur
636 2567 773 2622 excusatio
789 2568 937 2640 cognitori,
957 2583 995 2625 ne
1014 2569 1088 2625 iudi-

137 2653 210 2706 cium
224 2650 363 2720 accipiat.
391 2641 450 2722 (4.)
466 2641 606 2719 ⁸Placnit,
620 2651 647 2705 si
660 2649 765 2705 absens
778 2654 843 2722 quis
858 2659 1000 2725 suspectus
1012 2659 1089 2708 tutor

136 2879 282 2930 nociturum
294 2878 469 2938 satisdederit,
483 2879 655 2930 aduersarius
668 2879 777 2943 accipere
791 2879 905 2930 iudicium
919 2895 970 2931 nan
980 2882 1087 2945 compet·

136 2951 208 3000 titur.
235 2948 288 2999 Sed
300 2950 369 3001 nanc
386 2951 468 3014 ipsam
485 2951 637 3000 sententiam
654 2951 715 2998 attis
733 2949 817 3000 uerbis
832 2949 941 3000 Paullus
959 2953 1089 3015 expressit

138 3019 250 3070 Censuit.
265 3031 286 3081 s,
300 3031 321 3071 a.
374 3016 394 3085 ¹)
408 3019 470 3070 Item
484 3021 598 3078 restitui,
613 3019 762 3085 quibusdam
776 3019 808 3070 ab
822 3019 915 3071 Holtw.
930 3023 1087 3072 monstratis.

139 3085 160 3154 ¹)
175 3089 237 3138 Item
256 3091 370 3148 restitui,
385 3092 484 3153 partim
501 3089 603 3140 Blamio
618 3097 768 3153 praeeunte.
798 3090 836 3154 Cf.
852 3090 884 3140 L.
900 3103 920 3141 1.
939 3091 971 3141 L.
986 3103 1006 3143 c.
1027 3093 1051 3153 §-
1066 3101 1087 3144 t.

137 3158 169 3210 L.
185 3171 218 3210 aa.
238 3159 269 3207 D.
285 3159 316 3208 de
329 3159 371 3208 lais
384 3162 429 3224 qui
442 3167 493 3210 not.
509 3159 531 3225 (s
554 3158 586 3226 t).
602 3160 634 3210 L.
645 3172 670 3212 as
675 3177 719 3225 pr.
733 3160 765 3210 D.
776 3162 807 3210 dc
813 3176 888 3224 proc.
900 3160 932 3224 (s,
942 3162 973 3226 ³).
1002 3161 1088 3210 Aliter

124 3227 251 3280 ,Montana
317 3225 389 3292 ³)bis
408 3229 466 3280 Vct.
482 3231 555 3286 addc
573 3230 603 3280 lis
622 3233 672 3280 tara
691 3233 857 3295 confirmatur
876 3231 903 3279 V
904 3230 924 3279 θ.
989 3227 1010 3295 ⁴)
1025 3229 1088 3279 Rem

136 3301 248 3358 restitui,
261 3299 412 3363 quibusdam
422 3303 570 3351 monstratis
579 3301 611 3351 ab
620 3301 713 3351 Helico.
738 3301 773 3350 Et
783 3316 839 3350 cum
848 3307 937 3364 aperte
946 3301 1088 3349 sententiae

136 3371 196 3429 sint,
213 3369 305 3420 Paullo
323 3385 368 3420 eas
386 3369 528 3421 attribuere
546 3386 598 3422 non
617 3370 739 3421 dubitaui.
768 3370 812 3418 Ad
825 3369 859 3435 (1)
874 3371 909 3433 cf.
923 3371 946 3430 ξ).
961 3381 1008 3421 utu.
1029 3369 1086 3419 Gai.

137 3451 158 3496 a,
173 3451 206 3490 aa.
259 3435 280 3504 ὅ)
297 3439 334 3503 Of.
350 3439 417 3493 Ias.
436 3440 583 3506 uuepop.
599 3440 704 3506 act.(ar,
719 3439 763 3503 aa).
811 3437 832 3506 ⁶)
849 3439 887 3502 Cf.
902 3439 935 3489 L.
945 3451 966 3490 a.
980 3441 1003 3501 §-
1014 3451 1034 3491 s.
1054 3439 1086 3489 D.

137 3509 168 3558 de
178 3524 287 3573 procur.
302 3508 333 3575 (a,
347 3510 379 3577 a).
445 3507 519 3577 ³)0f.
534 3510 567 3560 L.
582 3521 614 3563 as.
630 3523 663 3562 ns.
678 3510 711 3560 D.
726 3509 759 3560 ib.
823 3507 845 3576 8)
864 3507 1088 3575 Quaesequuntur
