2680 4112
461 279 484 314 c.
504 277 648 314 rnnnemvs
667 278 755 339 ruere.
1017 271 1076 328 101

117 422 221 462 sacrum
244 404 278 460 ad
300 404 366 460 deos
388 406 463 478 ipsos
479 405 549 460 mitti
564 421 619 460 non
634 412 749 477 poterat,
766 421 780 460 a
795 421 824 460 sa
840 414 929 461 tamen
944 405 1080 462 dimittere

118 507 168 546 non
185 488 355 560 dubitabant,
378 490 418 543 sic
432 489 543 558 animas,
566 504 631 561 quas
647 505 736 544 sacras
751 490 779 544 ln
794 489 899 545 coelum
912 491 981 545 mitti
996 506 1079 562 posse

118 575 240 630 arbitrati
248 579 315 628 sunt
325 572 450 628 uiduatas
464 588 587 646 corpore,
602 589 681 644 quam
693 574 807 646 primurn
819 573 912 628 illoire
920 572 1077 630 uoluerunt.

118 659 241 732 Disputat
264 657 297 712 de
320 657 372 711 boc
386 672 463 712 more
479 657 557 711 etiam
574 655 713 711 Trebatius
728 656 892 730 religionum
907 656 977 712 libro
993 674 1078 728 nouo,

118 745 195 798 cuius
211 740 373 814 exemplum,
390 741 489 795 nasim
504 739 637 813 prolixus,
654 741 740 796 omisi.
752 769 790 780 -
803 739 919 797 blacrob.
935 739 989 796 Sat.
1007 741 1035 813 3,
1050 742 1078 798 7.

118 827 165 898 cg.
183 823 278 882 5-o.

179 921 206 982 7.
231 924 371 980 ‘Sanctum
381 924 447 994 est’,
462 932 493 980 ut
508 923 577 979 idem
590 923 730 978 Trebatius
745 923 815 980 libro
831 918 954 980 decimo¹
970 925 1079 1000 religio·

118 1027 179 1066 num
195 1009 293 1080 refert,
309 1006 455 1063 ‘interdum
470 1008 549 1077 idem,
567 1007 640 1080 quod
651 1025 767 1078 sacrum,
783 1008 917 1081 idemque,
932 1009 1005 1081 quod
1017 1009 1078 1065 reli·
1093 1035 1095 1040 ·

119 1098 241 1168 giosum;
264 1083 402 1148 interdum
424 1091 504 1153 aliud,
527 1091 579 1147 hoc
595 1101 647 1162 est,
670 1107 720 1148 nec
735 1109 840 1148 sacrum
856 1107 907 1147 nec
921 1092 1079 1166 religiosum

119 1179 178 1234 est'.
194 1207 234 1216 —-
251 1175 369 1232 llacrob.
386 1175 440 1230 Sat.
458 1175 488 1246 3,
504 1174 533 1231 3.
550 1175 579 1248 3.
596 1175 625 1231 5.

181 1277 211 1335 8.
236 1272 376 1350 (Compita)
399 1275 443 1331 'ut
459 1269 603 1331 Trebatio²
618 1275 717 1350 placet,
740 1275 817 1332 locus
833 1275 1003 1349 expluribus
1017 1293 1079 1350 par-

119 1363 194 1418 tibus
213 1364 242 1416 in
261 1378 289 1416 se
305 1360 349 1416 uel
364 1361 392 1415 in
407 1359 513 1415 easdem
528 1368 619 1432 partes
635 1376 667 1414 ex
682 1377 712 1416 se
724 1359 794 1415 'uias
809 1367 890 1433 atque
904 1355 1020 1416 itinera³
1036 1360 1081 1416 di·

121 1449 229 1519 rigens,
244 1445 301 1500 siue
315 1446 336 1499 is
351 1459 414 1500 cum
429 1459 483 1514 ara,
500 1445 558 1498 siue
574 1445 632 1498 sine
648 1461 702 1516 ara,
718 1444 777 1500 siue
793 1443 843 1499 sub
860 1453 943 1515 tecto,
960 1445 1017 1500 siue
1031 1445 1082 1501 sub

71 1529 190 1592 [soldiuo
213 1530 257 1598 sit,
279 1527 322 1583 ubi
344 1529 443 1600 pagani
465 1534 587 1600 agrestes
609 1527 720 1582 buccina
742 1530 885 1584 conuocati
906 1528 997 1584 solent
1011 1537 1086 1585 certa

117 1615 189 1670 inire
204 1611 325 1668 concilia.
350 1611 418 1666 Hinc
430 1619 458 1666 et
469 1609 549 1666 Lares
560 1611 730 1684 compitalicii
743 1619 769 1668 et
778 1611 861 1667 leriae
873 1613 1075 1686 compitaliciae.

120 1728 157 1738 -
174 1695 327 1768 Philargyr.
344 1695 376 1750 ad
391 1694 472 1767 Verg.
490 1693 588 1767 Georg.
605 1693 635 1766 2,
651 1694 722 1752 381.

180 1793 209 1852 9.
232 1811 358 1854 nnorvs
379 1811 442 1852 noo
463 1809 538 1852 vrno
561 1812 687 1852 rurnmo
710 1810 801 1853 nero.
836 1794 1081 1870 ‘lnler10',iuquit

117 1881 272 1953 Trebatius,
296 1878 420 1935 ‘uerbum
442 1895 473 1934 ea
494 1895 574 1934 causa
597 1888 639 1935 est
661 1879 780 1934 additum
796 1896 880 1952 eaque
896 1881 1001 1934 ratione
1016 1896 1079 1952 pro·

118 1967 216 2036 lertur,
231 1981 267 2020 ne
283 1965 376 2018 uinum
392 1979 470 2020 omne
487 1965 606 2024 omnino,
622 1962 695 2035 quod
711 1964 739 2018 in
754 1963 829 2018 cellis
844 1971 926 2034 atque
942 1963 1081 2034 apothecis

118 2057 161 2105 est
177 2049 328 2118 conditum,
345 2063 377 2102 ex
392 2046 488 2120 quibus
502 2047 580 2117 illud,
597 2046 671 2118 quod
686 2044 842 2120 effunditur,
858 2053 1013 2119 promptum
1029 2054 1081 2116 est,

118 2149 180 2190 esse
201 2147 309 2187 sacrum
329 2132 438 2203 incipiat
460 2138 487 2186 et
509 2147 542 2185 ex
563 2129 656 2185 usibus
672 2131 801 2202 eripiatur
815 2129 947 2202 humanis.
983 2128 1082 2184 Addito

117 2233 184 2291 ergo
207 2217 262 2272 hoo
284 2213 370 2270 uerbo
393 2214 480 2270 solum
503 2215 564 2284 erit,
587 2213 661 2287 quod
676 2213 819 2284 inseretur,
841 2229 958 2282 sacrum,
974 2229 1024 2269 nec
1039 2229 1083 2268 re·
1185 2242 1187 2246 ·

117 2301 220 2376 ligione
237 2297 404 2371 obligabitur
418 2297 560 2354 ceterum'.
580 2327 616 2380 -ss
633 2296 733 2356 druch.
748 2297 807 2354 adv.
824 2306 899 2370 gent.
918 2297 947 2368 7,
963 2297 1014 2354 31.

252 2465 296 2522 lix
318 2464 419 2522 libris
441 2465 479 2520 de
501 2467 575 2520 iure
597 2465 700 2522 ciuili
721 2464 778 2522 uel
800 2465 949 2522 aliunde.

187 2579 234 2642 1⁰.
257 2584 293 2638 lle
308 2581 394 2638 sterili
410 2590 498 2638 autem
515 2581 636 2651 muliere,
653 2584 675 2638 si
690 2585 780 2638 natiua
795 2581 939 2638 sterilitate
955 2585 1001 2654 sit,
1016 2582 1083 2638 Tre·

117 2667 220 2724 batlum
243 2674 337 2723 contra
352 2665 503 2721 labeonem
524 2666 698 2738 respondisse
714 2666 815 2722 dicunt.
851 2666 915 2722 Nam
937 2683 999 2722 cum
1021 2666 1086 2722 red·

117 2752 205 2808 hiberi
228 2766 287 2806 eam
302 2749 390 2806 Labeo
413 2751 489 2822 quasi
504 2751 591 2804 minus
606 2766 695 2805 sanam
718 2757 851 2824 putasset,
874 2766 989 2824 negasse
1009 2752 1085 2806 aiunt

117 2834 286 2906 Trebatium,
310 2851 342 2890 ex
357 2833 446 2889 edicto
463 2829 526 2907 alpi)
548 2849 639 2906 posse,
664 2835 686 2889 si
702 2850 733 2890 ea
748 2834 845 2889 mulier
860 2849 874 2888 a
888 2835 1021 2908 principio
1037 2851 1084 2908 ge·

116 2919 193 2976 nitali
209 2918 354 2974 sterilitate
370 2925 452 2973 esset.
481 2919 516 2972 dt
531 2918 554 2972 si
570 2917 689 2973 ualitudo
706 2919 763 2973 eius
780 2917 937 2974 oliendisset
952 2934 1039 2993 exque
1054 2935 1085 2973 ea

118 3005 214 3060 uitium
245 3001 344 3058 lactum
367 3009 456 3073 esset,
485 3007 516 3056 ut
537 3003 680 3074 concipere
702 3000 793 3057 loetus
816 3019 871 3057 non
892 3011 1003 3076 posset,
1027 3009 1084 3057 tum

115 3104 209 3143 sanam
225 3102 283 3142 non
299 3085 384 3142 uideri
399 3092 427 3140 et
442 3101 501 3141 esse
516 3087 544 3140 in
559 3100 640 3142 causa
654 3084 852 3142 redhibitionis.
872 3115 909 3126 -
926 3085 995 3144 Gell.
1011 3085 1042 3154 4,
1056 3085 1084 3142 2.

116 3168 166 3246 ss.
186 3171 216 3228 9.
235 3170 285 3228 10.

192 3392 214 3459 ¹)
229 3393 282 3444 Sed
291 3400 354 3443 teste
369 3393 551 3457 Porphyrium
566 3394 602 3442 ud
610 3393 703 3444 Horat.
719 3391 773 3442 Sat.
789 3404 810 3455 a,
825 3405 846 3443 1.
861 3394 917 3442 init.
935 3389 1087 3440 ‘Trebatius

175 3467 277 3530 aliquot
288 3464 369 3514 libros
379 3465 411 3514 de
421 3466 480 3512 iure
491 3465 565 3514 ciuili
575 3465 717 3528 composuit
726 3464 790 3512 etde
800 3461 972 3527 religionibus
983 3458 1082 3510 nouem’

116 3531 138 3600 ²)
152 3535 200 3584 Eu
214 3533 313 3584 Osauui
322 3537 355 3597 ci.
365 3535 402 3584 ad
411 3534 533 3598 Pomporr.
549 3536 654 3600 deorig.
666 3536 752 3597 turp.
761 3545 794 3584 oo.
806 3540 831 3581 ut
840 3533 923 3580 relatio
934 3531 992 3580 edd.
1023 3529 1083 3579 Fue.

113 3609 152 3655 rit
172 3609 247 3657 locus
259 3621 295 3655 eac
309 3606 377 3655 libro
391 3604 429 3653 II.
468 3603 489 3670 ³)
499 3604 602 3668 Scripsi
606 3622 616 3662 ;
630 3605 669 3654 uia
684 3612 753 3668 atque
768 3604 852 3652 itinere
867 3601 924 3652 cdd.
