2684 4112
581 764 630 818 EX

246 889 461 964 EIVSDEM
488 890 679 964 AEMILII
706 887 964 962 PAPINIANI

458 1065 570 1106 OPERIS
593 1065 687 1107 LlBRO
710 1067 754 1106 1x.

193 1175 402 1229 lucrementum
420 1175 474 1229 hae
494 1193 527 1230 ex
544 1175 694 1246 Papiniani
711 1191 909 1244 responsorum
926 1173 1006 1226 libris
1025 1188 1090 1226 enm

125 1243 220 1298 Paulli
238 1245 267 1297 et
285 1242 401 1312 Ulpiani
418 1243 492 1296 uotis
511 1243 648 1310 reliquiae
666 1260 757 1312 nuper
769 1243 919 1297 senserunt
931 1258 965 1295 ex
978 1239 1090 1294 laciniis

145 1311 294 1365 uibusdam
312 1311 537 1376 membraneum,
557 1327 629 1380 quae
645 1312 715 1365 item
728 1327 763 1364 ex
775 1313 816 1364 Ae
857 1311 907 1378 pto
926 1311 956 1362 et
973 1308 1089 1376 regione

128 1397 138 1432 1
163 1395 180 1432 a
198 1379 330 1446 auttquae
348 1379 479 1432 Arsinoes
497 1379 556 1444 vel,
576 1380 608 1432 ut
625 1381 690 1448 post
708 1395 742 1432 ea
759 1378 819 1432 rela
833 1395 880 1431 um
899 1377 953 1441 est,
972 1374 1089 1442 Serapei

127 1445 264 1500 oriundae
287 1463 360 1500 nuno
383 1445 496 1500 Parisiis
517 1446 547 1500 iu
570 1463 666 1500 museo
690 1445 739 1500 ‘du
756 1445 879 1500 Louvre’
898 1444 1086 1510 asservantur,

128 1513 262 1584 vulgatae
279 1513 344 1567 iude
363 1513 414 1567 sub
432 1513 486 1568 hoa
504 1514 600 1568 titulo:
627 1519 722 1568 Teretes
742 1519 835 1568 inedita
854 1519 885 1568 de
904 1517 974 1566 droit
990 1515 1088 1566 romain

124 1601 178 1651 par
201 1585 231 1639 R.
257 1585 375 1640 Dureste.
413 1587 491 1634 Paria
515 1588 589 1638 1883.
633 1581 705 1636 Sunt
727 1583 822 1635 autem
841 1582 975 1648 quattuor
998 1579 1089 1632 frusta

126 1648 350 1769 opisthographlra
375 1665 512 1718 perquam
538 1649 633 1703 lacera
659 1651 689 1702 et
714 1649 820 1704 diversi
848 1647 937 1712 modi,
964 1646 1026 1711 sed,
1056 1646 1089 1722 ut

126 1734 218 1771 visum
237 1717 280 1770 est
324 1717 456 1782 arestio¹‚
474 1715 557 1770 unius
574 1717 756 1795 eiusdemque
776 1715 838 1769 folii
850 1715 952 1769 liiteris
969 1711 1087 1767 unciali-

127 1785 188 1850 bus,
207 1800 264 1838 non
282 1800 346 1838 raro
365 1784 451 1838 etiam
465 1784 653 1861 singularibus
665 1801 724 1838 erre
737 1784 811 1837 uotis
823 1783 901 1845 iuris,
920 1783 955 1836 ab
968 1782 1087 1847 utraque
1185 1781 1191 1790 '

127 1855 208 1922 parte
229 1853 258 1906 et
276 1851 364 1920 (quod
381 1851 526 1905 Darestsus
544 1868 658 1906 mouere
677 1851 844 1920 supersedit)
863 1865 915 1918 per
926 1849 1006 1902 binae
1019 1862 1089 1914 quas

126 1920 240 1989 proprie
262 1936 336 1973 nunc
359 1920 473 1982 vocant.
501 1919 644 1973 columnas
672 1919 726 1972 seri
747 1919 783 1971 ti:
811 1917 913 1986 quibus
939 1915 968 1968 in
995 1913 1090 1966 frustis

126 1987 205 2056 quod
227 1987 257 2040 in
278 1988 390 2056 integro
413 1986 522 2053 oodioe,
548 1987 643 2056 amplo
666 1987 702 2039 ad
724 1936 870 2039 dexteram
897 1985 926 2037 et
948 1982 1090 2036 sinistram

128 2053 256 2134 margine
275 2055 384 2120 relicto,
405 2055 539 2132 seriptum
559 2055 620 2108 erat
637 2053 751 2175 leffique
770 2052 861 2106 adhue
878 2051 986 2120 potuit,
1007 2050 1091 2102 cauta

149 2125 297 2190 argutione
317 2123 345 2175 et
363 2121 493 2176 chemicis
516 2121 648 2176 remediis
682 2123 787 2174 ortasee
804 2119 930 2174 nondum
948 2115 1090 2181 adhibitis,

155 2191 274 2244 arestIus
287 2206 351 2242 cum
368 2191 465 2243 tamen
477 2190 617 2254 nanneto,
637 2190 687 2242 sed
699 2187 857 2254 duodecim,
872 2189 904 2240 ut
920 2186 979 2256 ipse
993 2183 1088 2252 appel·

126 2257 178 2323 lat,
195 2257 307 2328 paginis
324 2257 549 2325 repraesentavit
565 2257 723 2324 litterisque
736 2253 916 2318 ABODEF,
935 2249 1089 2308 GHIJKL

127 2325 290 2394 insignivit,
313 2325 516 2403 amplissimum
539 2325 660 2378 frustum
682 2323 792 2393 ipsique
815 2321 943 2377 Dareetio
968 2320 1091 2390 primum

127 2392 330 2462 (AB-afli),
358 2409 388 2445 ru
413 2408 469 2461 quo
497 2392 595 2460 aperte
622 2392 694 2446 duae
726 2407 857 2446 versuum
903 2403 1046 2457 uunquam
1075 2403 1090 2440 e

126 2459 285 2537 longinquo
303 2459 384 2514 iuxta
401 2476 430 2514 se
446 2461 662 2537 positaeseries
679 2461 707 2513 iu
728 2459 828 2513 tabula
849 2407 1023 2526 hebotypiea
1040 2471 1090 2524 ap·

127 2529 245 2596 parent,
267 2529 392 2596 itemque
415 2527 507 2593 ahud,
530 2527 559 2580 iu
600 2544 636 2582 uo
655 2527 731 2581 idem
747 2527 818 2580 lieet
835 2525 936 2580 tectius
954 2539 1091 2593 apparere

127 2599 227 2648 tamen
245 2595 342 2672 negari
359 2611 415 2649 nou
454 2596 528 2648 otest
545 2547 607 2664 (ui
621 2598 651 2649 et
667 2594 755 2663 ΚΠ),
773 2593 923 2658 utrobique
943 2591 1011 2646 duas
1028 2591 1092 2644 illas

130 2677 265 2739 versuum
276 2677 359 2716 senes
372 2613 498 2717 eiusdem
510 2662 592 2716 frusti
603 2663 689 2717 tacite
707 2678 758 2731 pro
777 2661 886 2715 duobus
904 2661 984 2730 quasi
995 2658 1092 2712 frustis

128 2731 161 2784 et
178 2727 253 2783 folus
272 2745 329 2783 esse
346 2731 447 2784 iubens
466 2732 495 2784 et
512 2730 630 2799 paginas
648 2730 811 2799 appellans,
835 2729 874 2782 sio
892 2731 954 2783 ooto
973 2727 1092 2796 paginas

206 2869 225 2939 1)
241 2873 275 2922 tn
295 2874 364 2923 iure?
383 2873 474 2924 dubito.
507 2873 611 2922 Primum
626 2873 689 2922 enirn
705 2869 825 2936 ‘paginas’
843 2873 878 2921 vel
892 2873 1023 2933 fragmenta
1037 2871 1056 2918 Α
1071 2876 1095 2918 et

129 2945 146 2994 Β
163 2945 198 3011 (in
212 2952 279 3008 tergo
295 2945 314 2993 G
330 2951 354 2993 et
367 2942 409 3010 H),
424 2944 453 2993 de
468 2944 554 3007 quibus
569 2945 650 2993 statim
665 2945 765 3006 dicetur,
781 2958 836 3002 non,
851 2949 877 2992 ut
891 2942 1009 3006 opineris,
1024 2941 1094 2989 bina·

128 3031 182 3065 rum
202 3015 309 3064 eiusdem
332 3015 383 3064 lolii
401 3016 577 3078 columnarum,
598 3016 639 3064 sed
659 3016 769 3064 binorum
788 3014 899 3063 loliorum
918 3020 1008 3062 tautum
1027 3026 1094 3060 corn-

129 3087 271 3150 plicatorum
287 3087 429 3149 scripturam
445 3087 580 3148 continere,
599 3087 646 3136 ianr
661 3087 733 3150 spatii
747 3086 909 3135 interiacentis
924 3084 1010 3134 litteris
1025 3082 1093 3131 vacui

129 3157 267 3220 magnitudo
282 3157 382 3219 evincit,
402 3157 473 3221 idque
488 3158 629 3207 confirmant
643 3159 666 3206 in
681 3157 810 3220 heliotypia
825 3155 1028 3219 complicationis,
1048 3168 1093 3217 qua

127 3244 157 3277 er
173 3243 219 3278 uuo
236 3228 282 3276 duo
298 3229 353 3276 iolla
368 3229 461 3290 gemina
477 3229 578 3291 fiebant,
593 3229 723 3292 conspicua
738 3229 762 3277 iu
777 3227 869 3288 medio,
888 3227 912 3276 ui
927 3226 1008 3286 fallor,
1028 3231 1093 3272 certa

129 3299 238 3361 vestigia.
267 3299 330 3348 idem
347 3313 401 3353 veru
417 3299 567 3348 statuendum
587 3301 680 3349 videtur
698 3299 769 3348 etiam
790 3299 818 3348 de
834 3298 877 3346 DE
893 3305 916 3344 et
932 3296 983 3344 IIL.
1021 3295 1094 3343 Prae·

128 3377 197 3420 terea
212 3371 368 3419 etiamsinon
384 3371 488 3419 emulum
504 3367 665 3434 ‘paginarum’
683 3369 812 3436 (rectarum
827 3369 862 3417 vel
877 3360 1018 3426 versurum),
1033 3379 1093 3426 quae

129 3441 259 3504 pleraeque
278 3448 370 3490 tantum
389 3441 512 3490 columnae
532 3443 649 3492 incertum
664 3442 762 3490 sinistra
777 3455 805 3489 au
821 3439 917 3488 dextere
933 3443 995 3495 suut,
1010 3448 1094 3482 versus

127 3513 298 3562 connumerari
308 3526 380 3576 posse
388 3512 596 3562 adaestimaudam
604 3521 711 3562 ceterum
722 3513 837 3560 incertam
848 3507 939 3557 codicis
947 3504 1095 3554 altitudinem

130 3582 154 3630 iu
169 3584 252 3646 aprico
268 3590 317 3646 est,
337 3589 416 3632 tamen
431 3583 503 3632 etiam
523 3584 567 3632 heo
582 3585 674 3633 ratione
689 3599 703 3631 a
718 3581 843 3631 statuendo
863 3593 908 3628 uno
928 3583 1018 3626 tautum
1037 3576 1094 3624 lolio

129 3654 294 3718 prohibemur,
310 3654 411 3718 quodid
426 3654 546 3704 insolitam
561 3655 652 3706 codicis
668 3652 815 3702 altitudinem
830 3650 964 3715 praeberet.
