2672 4112
477 224 512 260 ns
529 223 641 260 uorans
659 224 738 260 mssa
755 224 773 260 r.
1064 219 1105 278 23

138 357 251 427 paratus
273 357 303 406 et
324 348 469 406 meditatus
491 348 603 412 adccdo.
626 349 789 424 adiungatur
811 350 878 408 haec
892 352 960 407 iuris
974 353 1107 427 interpre-

141 437 218 504 tatio,
239 449 310 507 quae
328 449 385 488 non
405 441 460 489 tam
477 433 542 489 milri
564 433 679 490 molesta
698 435 733 489 sit
747 442 860 508 propter
874 434 1004 507 laborem,
1026 453 1107 510 quant

139 517 215 594 quod
230 516 338 574 dicendi
352 517 546 590 cogitationem
559 517 674 586 auferat,
688 519 746 574 sine
762 534 813 592 qua
824 517 857 574 ad
867 518 967 574 nullam
978 521 1105 577 maiorem

140 617 268 676 umquam
284 616 390 657 causam
405 615 466 656 sum
482 616 562 656 ausus
577 600 714 658 accedere.

203 681 247 745 13.
268 685 304 742 A.
328 682 397 751 Quin
418 684 503 757 igitur
523 684 574 740 ista
594 685 651 756 ipsa
672 684 787 758 explicas
802 684 879 742 nobis
895 686 937 742 his
952 685 1105 760 subsicluis,

139 777 172 826 ut
187 771 242 840 ais,
265 766 435 841 temporibus
455 775 482 823 et
502 767 649 824 conscribis
670 768 703 824 de
723 769 782 824 iure
796 770 868 826 ciuili
883 769 1010 826 subtilius
1025 787 1105 844 quam

140 853 243 908 ceteri?
264 867 325 908 nam
346 852 465 925 aprimo
480 858 603 924 ternpore
623 853 719 908 aetatis
740 853 792 908 iuri
813 852 923 908 studere
945 862 970 910 te
986 856 1105 926 memini,

140 951 225 1010 quom
236 937 296 1009 ipse
307 937 387 990 etiam
399 934 432 990 ad
445 933 600 991 Scaeuolam
612 936 784 1006 uentitarem,
800 951 888 1008 neque
903 953 1029 1010 umquam
1040 938 1104 994 milri

140 1020 218 1074 uisus
235 1035 265 1075 es
278 1019 317 1073 ite
331 1025 360 1074 te
375 1017 565 1074 addicendum
580 1018 697 1090 dedisse,
713 1026 744 1074 ut
758 1020 800 1074 ius
816 1019 895 1076 ciuile
905 1029 1103 1078 contemneres.

204 1100 245 1157 M.
267 1101 297 1156 in
312 1101 425 1175 longum
446 1117 598 1158 sermonem
613 1119 656 1158 me
672 1118 764 1173 uocas,
782 1104 881 1174 Attice,
903 1115 984 1176 quem
1004 1113 1104 1177 tamen,

140 1187 194 1242 nisi
209 1184 324 1252 Quintus
339 1183 413 1240 aliud
427 1185 492 1258 quid
506 1201 557 1242 nos
572 1201 653 1258 agere
668 1185 785 1257 mautdt,
808 1188 952 1260 suscipiam
973 1195 1016 1258 et,
1038 1204 1105 1260 quo·

140 1270 214 1325 niam
229 1269 308 1325 uacui
322 1285 427 1338 sumus,
443 1268 539 1324 dicam.

209 1352 242 1420 Q.
260 1351 317 1425 Ego
331 1367 397 1407 uero
413 1351 528 1408 libenter
543 1351 687 1420 audierim3
703 1351 768 1426 quid
780 1352 850 1410 enim
861 1369 938 1428 agam
953 1354 1046 1428 potius
1059 1363 1105 1411 aut

144 1437 175 1491 in
192 1451 246 1509 quo
261 1435 352 1490 melius
365 1435 438 1503 huuc
453 1451 608 1492 consumam
623 1435 712 1491 diem?

206 1515 252 1576 14.
272 1517 312 1574 M.
335 1517 404 1586 Quin
424 1519 510 1593 igitur
525 1518 557 1574 ad
576 1518 622 1574 illa
641 1521 727 1592 spatia
746 1528 840 1576 nostra
859 1519 994 1594 sedesque
1014 1523 1104 1596 porgi-

139 1618 217 1672 mus,
239 1599 301 1672 ubi,
322 1619 382 1658 cnm
403 1604 468 1658 satis
483 1604 536 1658 erit
550 1601 727 1675 ambulatum,
743 1605 959 1677 requiescemus;
974 1619 1025 1660 uec
1040 1619 1104 1680 pro·

139 1685 214 1743 lecto
230 1683 310 1742 nobis
325 1684 468 1742 delectatio
484 1685 570 1742 deerit
584 1685 655 1742 aliud
670 1703 702 1742 ex
718 1686 770 1742 alio
787 1686 987 1761 quaerentibus.

203 1769 245 1826 A.
268 1767 324 1824 Nos
344 1785 410 1826 uero
433 1778 461 1825 et
475 1770 525 1827 hac
540 1769 648 1843 quidem
663 1769 696 1824 ad
710 1769 797 1826 Lirem
812 1772 836 1826 si
850 1771 938 1844 placet
953 1787 1002 1844 per
1016 1773 1103 1846 ripam

138 1861 166 1910 et
186 1852 319 1909 umbram.
348 1853 397 1909 sed
417 1854 469 1909 ian
490 1853 580 1909 ordire
597 1853 744 1926 explicare,
766 1870 878 1927 quaeso,
899 1853 932 1909 de
952 1856 1011 1910 iure
1031 1855 1104 1912 ciuili

140 1935 206 2010 quid
220 1937 331 1993 sentias.

205 2019 246 2076 M.
267 2018 380 2093 Egone?
401 2035 521 2076 summos
541 2019 626 2075 luisse
639 2021 667 2074 in
682 2021 793 2076 ciuitate
807 2026 901 2074 nostra
917 2019 999 2091 uiros,
1015 2020 1104 2094 quiid

142 2101 312 2176 interpretari
325 2103 429 2178 populo
449 2111 477 2159 et
496 2104 679 2176 responsitare
694 2103 768 2158 soliti
789 2103 854 2174 sint,
875 2101 923 2157 sed
945 2118 992 2158 eos
1007 2119 1103 2177 magna

139 2185 282 2262 professos
297 2189 325 2242 in
340 2188 430 2260 paruis
441 2203 501 2243 osse
511 2194 643 2253 uersatos.
670 2185 735 2260 quid
747 2185 818 2241 enim
831 2193 874 2242 est
886 2193 1001 2258 tantum,
1019 2203 1103 2260 quan·

139 2280 200 2326 tum
215 2271 258 2327 ius
273 2271 406 2326 ciuitatis?
433 2269 498 2344 qnid
518 2278 608 2326 autem
627 2277 682 2326 tam
698 2271 835 2343 exiguum,
852 2286 931 2344 quam
947 2277 990 2325 est
1003 2286 1102 2327 munus

140 2355 196 2410 hoc
209 2369 314 2426 corum,
330 2355 376 2426 qui
391 2354 589 2410 consuluntur?
611 2370 772 2428 quamquam
794 2361 836 2409 est
855 2353 959 2427 populo
979 2369 1103 2411 necessa·

141 2439 222 2494 rium.
250 2453 301 2494 nec
315 2451 382 2493 uero
397 2453 457 2509 eos,
472 2439 519 2511 qui
534 2439 559 2493 ei
573 2439 677 2493 muneri
692 2437 878 2510 praefuerunt,
898 2439 1021 2493 uniuersi
1035 2439 1101 2494 iuris

141 2519 227 2577 fuisse
246 2522 364 2594 expertis
385 2522 520 2592 existimo,
540 2520 588 2577 sed
608 2522 660 2577 hoc
679 2521 759 2577 ciuile
781 2520 854 2594 quod
874 2529 974 2577 uocant
989 2530 1102 2578 eatenus

139 2613 329 2677 exercuerunt,
351 2604 442 2678 quoad
460 2604 563 2680 populo
584 2613 720 2678 praestare
739 2597 805 2675 (se)¹
826 2604 988 2674 uoluerunt3
1008 2605 1036 2660 id
1056 2621 1102 2661 au·
1160 2595 1163 2600 Δ

26 2723 28 2750 r
136 2698 195 2745 tem
215 2690 245 2745 ln
265 2689 422 2762 cognitione
442 2696 522 2746 tenue
544 2697 596 2759 est,
617 2689 645 2744 in
665 2705 716 2744 usu
736 2689 928 2745 necessarium.
964 2703 1043 2761 quam
1067 2687 1102 2744 ob

135 2787 197 2828 rom
219 2786 275 2845 quo
294 2787 337 2828 me
355 2773 456 2828 uocas‘l
477 2780 525 2830 ant
545 2771 609 2845 quid
627 2771 762 2828 hortaris?
785 2779 817 2827 ut
836 2770 943 2827 libellos
964 2771 1102 2828 conficiam

136 2855 172 2911 de
193 2855 393 2912 stillicidiorum
411 2872 443 2912 ao
461 2856 495 2912 de
513 2857 646 2930 parietum
661 2856 738 2911 iure?
760 2871 793 2910 an
808 2862 840 2910 ut
853 2854 1059 2928 stipulationum
1075 2863 1103 2912 ot

134 2938 300 2995 iudiciorum
322 2938 452 2996 formulas
474 2939 642 3013 conponam?
665 2955 733 3012 quae
755 2945 782 2993 et
800 2940 956 3012 conscripta
975 2956 990 2994 a
1009 2938 1102 2995 multis

134 3031 203 3078 suut
224 3021 370 3096 diligenter
390 3031 419 3079 et
433 3029 497 3080 sunt
511 3022 654 3079 humiliora
669 3039 748 3095 quam
762 3021 823 3094 illa,
845 3037 913 3095 quae
933 3039 948 3077 a
963 3021 1042 3079 nobis
1057 3040 1102 3078 ex·

133 3107 243 3180 pectori
257 3114 335 3179 puto.

201 3189 234 3248 V.
256 3185 301 3247 15.
321 3191 356 3246 A.
378 3191 471 3264 Atqui,
488 3191 512 3245 si
526 3205 648 3264 quaeres,
666 3205 717 3262 ego
733 3189 797 3262 quid
809 3195 957 3262 expectem,
974 3191 1102 3264 quoniam

133 3274 270 3347 scriptum
291 3280 334 3328 est
353 3289 368 3328 a
389 3280 417 3329 te
437 3273 471 3330 de
492 3274 596 3348 optimo
617 3274 657 3328 rei
677 3272 798 3346 publicae
819 3279 910 3344 statu,
930 3289 1101 3346 consequens

132 3373 197 3412 esse
222 3355 342 3428 uidetur,
362 3365 394 3414 ut
414 3356 516 3414 scribas
532 3365 563 3414 tu
587 3356 657 3412 idem
672 3356 705 3412 de
720 3355 841 3430 legibus:
862 3357 903 3412 sic
918 3357 989 3411 enirn
1004 3356 1101 3412 iecisse

210 3535 230 3603 ¹)
250 3551 278 3586 se
292 3537 391 3586 means.
