2680 4118
270 189 332 253 702
463 207 522 244 nos.
543 208 575 242 11
592 207 654 244 son.
672 206 762 243 saorra
780 205 880 242 conata
907 189 979 243 XVI.
999 195 1024 244 3.
1325 215 1328 348 p

266 329 386 408 ceptus‚¹
414 343 612 408 postmortem
634 337 717 410 patris
739 343 817 391 natus
840 333 922 411 ’(est,
946 329 1030 415 suus)
1054 331 1130 394 fieri²
1158 349 1234 412 pot·

266 411 333 478 8811
375 414 418 476 12.
443 417 527 486 Quem
549 417 620 474 iilius
644 420 824 492 emancipatus
846 422 980 502 supcepit,
1003 420 1047 476 uei
1069 420 1232 495 adoptauit,

267 503 308 558 sui
330 503 436 558 heredis
458 502 547 558 locum
569 504 596 558 in
619 505 661 557 aui
683 505 869 574 successione,
893 505 1041 578 sicutipse
1062 513 1147 578 pater,
1171 506 1229 562 ob-

267 587 352 642 tinere
374 602 428 642 uon
451 593 553 660 potest.
598 585 748 658 Adoptiuus
776 597 864 642 tamen
885 581 955 643 'ne⁴
982 589 1059 661 quasi
1086 598 1228 660 cognatus

266 668 399 725 bonorum
427 671 628 742 possessionem
657 671 713 724 eius
741 678 833 743 petere
861 665 986 743 potest⁶
1029 669 1071 729 13.
1102 665 1149 728 6Si
1178 675 1227 728 sui

266 753 379 809 heredes
402 770 457 809 non
479 757 551 817 sant,
575 753 608 808 ad
623 761 737 828 agnatos
752 753 871 826 legitima
894 755 1030 811 hereditas
1047 749 1226 828 pertinebit,⁷

265 837 336 892 inter
364 853 432 909 quos
460 839 573 910 primunr
600 836 690 892 locurn
707 839 909 912 ‘consanguinei
937 838 1072 895 obtinent.
1121 841 1224 913 agnati
1326 851 1328 884 1

265 927 353 975 autem
382 929 446 975 sunt
468 921 575 993 cognati
603 920 688 976 uirilis
716 935 797 976 senus
823 937 872 994 per
894 921 997 978 uirilem
1023 921 1230 982 descendentes

266 997 442 1077 '(seccum):⁸
465 1005 534 1059 sicut
556 1001 627 1058 filius
649 1002 751 1075 fratris,
773 1012 800 1060 et
823 1012 946 1079 patruus,
970 1013 996 1061 et
1012 1005 1138 1079 deinceps
1161 1014 1223 1062 tota

265 1089 413 1143 successio.
456 1083 500 1144 14.
531 1081 622 1142 ⁹inter
651 1095 764 1160 agnatos
792 1096 820 1143 et
849 1097 981 1162 cognatos
1011 1090 1064 1146 hoc
1093 1090 1223 1160 interest,

266 1163 368 1247 (quod)
391 1173 418 1226 iu
440 1172 544 1244 agnatis
572 1171 653 1226 etiam
675 1173 784 1244 cognati
808 1173 996 1242 continentur,
1024 1174 1096 1228 inter
1117 1189 1221 1247 cogna-

266 1263 309 1310 tos
331 1270 397 1309 uero
420 1255 509 1327 agnati
531 1270 586 1309 non
608 1255 883 1327 comprehenduntur.
929 1255 961 1311 Et
978 1256 1040 1312 ideo
1062 1265 1175 1330 patruus
1191 1264 1222 1312 et

265 1345 382 1409 agnatus
405 1345 447 1392 est
462 1344 490 1392 et
511 1347 656 1409 cognatus,
679 1339 828 1394 auunculus
848 1347 936 1395 autern
952 1337 1086 1414 cognatus
1102 1347 1222 1397 tantum·

265 1419 345 1475 modo
362 1428 413 1476 cst.
456 1417 499 1480 15.
524 1413 754 1494 ¹⁰Consanguinei
774 1431 836 1478 sunt
854 1423 948 1478 eodem
969 1425 1131 1496 patronati,
1154 1424 1222 1480 licet
1326 1379 1328 1506 )

265 1501 378 1558 diuersis
395 1502 538 1574 matribus,
564 1505 651 1577 quiin
672 1511 808 1576 potestate
831 1505 942 1575 suerunt
962 1508 1057 1562 mortis
1079 1515 1219 1580 tempore:
1326 1511 1328 1596 )

265 1585 408 1659 adoptiuus
425 1603 533 1660 quoque
548 1587 641 1658 irater,
664 1589 687 1642 si
708 1604 762 1642 noa
785 1590 820 1644 sit
842 1591 1038 1662 emancipatus,
1061 1591 1147 1662 ethi,
1171 1592 1219 1663 qui
1326 1603 1328 1666 1

263 1677 454 1743 postmortem
470 1672 555 1744 patris
570 1672 626 1726 nati
641 1680 716 1742 sunt,
739 1671 783 1727 uel
801 1688 907 1728 causam
929 1673 1123 1746 probauerunt.
1168 1671 1217 1732 16.

266 1745 377 1810 1¹Soror
391 1755 451 1810 iure
465 1755 706 1827 consanguinitatis
722 1761 773 1810 tam
789 1755 821 1810 ad
838 1756 943 1827 iratris,
966 1773 1045 1830 quam
1060 1757 1092 1812 ad
1113 1757 1216 1813 sororis
1276 1779 1286 1820 t

264 1837 442 1894 hereditatem
458 1838 616 1894 admittitur.
646 1834 687 1894 17.
705 1830 945 1913 ¹²consanguineis
960 1857 1014 1896 non
1026 1839 1215 1912 existentibus,

265 1923 371 1995 agnatis
387 1921 508 1978 defertur
523 1921 667 1993 hereditas,
688 1930 770 1995 prout
786 1925 846 1996 quis
861 1923 976 1978 alterum
993 1924 1080 1998 gradu
1093 1939 1216 1998 praeces-

265 2007 340 2061 serit.
385 2004 485 2073 Quodsi
506 2005 598 2078 plures
619 2005 714 2062 eodem
735 2007 821 2080 gradu
836 2008 1003 2083 consistunt,
1026 2008 1106 2064 simul
1121 2006 1216 2063 admit·

264 2097 367 2144 tuntur.
403 2086 448 2145 18.
467 2081 521 2144 ¹³st
536 2090 609 2159 sint,
627 2082 744 2144 ¹⁴iratre
759 2083 927 2154 defuncto,¹⁵
941 2099 969 2146 et
984 2093 1075 2148 fratris
1091 2089 1171 2162 iilius,
1187 2099 1217 2147 et

264 2173 358 2246 'nepos
373 2175 431 2229 eius
447 2189 479 2229 en
494 2165 605 2228 11811816
621 2189 676 2228 non
688 2174 830 2245 existente,
846 2172 916 2230 iilius
932 2174 1020 2230 fratris
1035 2177 1129 2248 nepoti
1140 2191 1214 2248 prae·
1226 2185 1284 2234 [cort

263 2291 474 2300 -——..--.-·-

263 2342 313 2391 buc
328 2341 502 2399 oberraverit,
517 2339 561 2390 ubi
574 2342 601 2389 in
617 2346 640 2390 ct
654 2347 707 2389 ortu
721 2341 863 2404 depravato
876 2343 975 2405 effecit,
994 2350 1022 2392 ut
1033 2357 1086 2406 pro
1105 2357 1179 2406 nepos
1193 2345 1214 2392 is

263 2411 422 2460 scriberetur
435 2411 537 2472 nepotis.
566 2411 630 2460 Post
643 2411 791 2459 condicionis
806 2413 936 2461 caeciderit
949 2413 991 2461 otii
1006 2411 1051 2478 (sc.
1065 2413 1112 2462 sub
1126 2415 1213 2464 condi·

263 2482 498 2542 cionepotestotiaa
508 2480 638 2544 instituti).
688 2477 707 2545 l)
724 2481 761 2544 Cf.
772 2489 824 2531 not.
834 2493 859 2532 18
865 2497 893 2544 p.
900 2498 943 2545 pr.
996 2479 1017 2548 1)
1032 2483 1087 2531 iniri
1096 2483 1127 2532 B.
1146 2485 1214 2533 siniri

268 2549 309 2600 Vi.
329 2550 391 2598 finiri
411 2549 455 2599 Ve.
476 2547 528 2614 (sit)
543 2550 599 2598 iniri
613 2550 652 2598 ed.
667 2549 708 2599 Bt.
782 2547 803 2615 ³)
820 2551 882 2601 Tum
895 2554 1007 2614 scilicet,
1026 2554 1050 2602 si
1064 2554 1182 2604 condicio
1197 2569 1212 2603 a

263 2621 385 2670 moriente
396 2621 452 2682 filio
467 2621 569 2682 impleri
582 2621 676 2682 potuit.
707 2620 745 2684 Of.
760 2621 792 2670 L.
807 2633 841 2672 18.
860 2622 892 2671 D.
907 2624 939 2672 de
954 2623 1027 2672 cond.
1042 2624 1101 2674 inst.
1117 2624 1168 2690 (18,
1182 2623 1211 2689 t).

264 2687 285 2754 ⁴)
302 2689 364 2740 Odd.
379 2704 422 2738 nec
437 2690 476 2739 ed.
492 2689 532 2738 Bi.
564 2689 602 2753 Cf.
620 2689 708 2740 Gtuck.
725 2691 808 2741 Pond.
829 2691 876 2740 XI.
887 2709 914 2755 p.
930 2705 976 2744 181.
1042 2691 1117 2758 1)(11.
1132 2694 1163 2742 L.
1178 2707 1229 2757 28„

262 2761 295 2810 D.
310 2761 341 2809 de
356 2759 442 2823 adopt.
457 2758 492 2825 (1,
507 2758 538 2826 t).
558 2761 590 2808 L.
606 2772 625 2810 1.
648 2762 670 2822 ξ.
685 2772 705 2810 4.
732 2761 764 2810 D.
785 2762 851 2810 uude
870 2778 943 2826 copo.
964 2762 1012 2829 (88,
1031 2761 1063 2828 8).
1136 2760 1157 2828 1)
1173 2764 1210 2826 Cf.

262 2846 333 2894 supr.
349 2846 371 2879 c.
386 2841 407 2893 8,
422 2843 442 2882 9.
458 2843 491 2882 10.
543 2827 563 2896 1)
578 2830 631 2880 Η18
651 2830 822 2880 Vercellensis
836 2833 920 2882 codeac
933 2833 1035 2882 desiuit.
1092 2831 1113 2899 8)
1128 2834 1211 2882 Periit

262 2901 310 2950 boc
325 2903 380 2950 ioco
395 2901 425 2950 ob
439 2915 547 2964 sequeus
560 2902 630 2950 sicut.
658 2900 699 2950 Bt.
714 2901 768 2949 ed:
782 2900 883 2967 (sexum)
899 2903 1078 2952 descendentes.
1130 2901 1152 2970 ⁹)
1165 2902 1212 2952 Est

263 2971 339 3020 Poul.
354 2970 380 3020 S.
398 2970 428 3019 R.
443 2983 464 3029 1,
479 2983 499 3022 8.
514 2973 537 3032 ξ.
553 2983 595 3029 11,
610 2986 644 3020 erc
658 2986 707 3034 quo
721 2973 893 3034 supplevimus
907 2974 977 3036 quod.
1008 2973 1046 3037 Cf.
1061 2974 1093 3022 J..
1109 2985 1142 3025 ao.
1157 2975 1209 3034 §.a

262 3041 294 3092 D.
310 3042 341 3090 de
354 3042 430 3106 prad.
447 3039 551 3106 (8818).
567 3042 598 3090 J..
608 3051 621 3092 6
632 3056 675 3104 pr.
696 3041 727 3090 D.
744 3043 811 3091 unde
825 3041 991 3109 1189111881).
1044 3041 1076 3109 11)
1093 3043 1130 3107 Of.
1141 3059 1209 3107 supr.

263 3128 283 3161 c.
300 3123 368 3170 a,1o.
384 3121 404 3163 5.
458 3108 491 3176 11)
508 3111 545 3174 Of.
560 3127 631 3174 supr.
642 3127 663 3161 c.
675 3121 740 3174 e,14.
794 3109 826 3177 11)
844 3113 881 3176 Os.
896 3128 968 3176 supr.
984 3130 1006 3164 c.
1022 3126 1090 3172 2,11.
1105 3115 1134 3176 ᾗ.
1149 3113 1210 3165 cI.

262 3183 293 3231 de
310 3185 379 3248 tegit.
395 3199 454 3246 opu.
468 3197 538 3231 succ.
554 3181 585 3247 (8,
599 3181 630 3248 8).
706 3177 738 3246 11)
752 3181 801 3231 Est
815 3183 891 3232 Poul.
906 3183 932 3232 S.
949 3183 979 3233 R.
994 3196 1015 3246 4,
1030 3196 1051 3235 8.
1070 3186 1092 3246 5.
1108 3195 1141 3235 18.

265 3250 298 3318 ¹⁴)
315 3254 390 3303 Poui.
412 3253 466 3302 Vis.
486 3253 517 3300 sit
533 3253 594 3302 odd.
610 3253 667 3301 edd.
725 3249 758 3317 ¹⁵)
773 3253 845 3301 irater
859 3253 963 3303 defuncti
979 3254 1041 3305 odd.
1056 3255 1112 3303 cdd.
1128 3255 1210 3303 iratres

263 3325 367 3374 defuncti
382 3325 456 3373 Paul.
477 3323 532 3372 Vis.
612 3319 644 3385 1⁶)
659 3337 734 3385 nepus
748 3323 833 3372 iratres
849 3330 872 3372 et
885 3323 916 3373 B.
936 3338 1010 3388 nepos
1025 3326 1096 3373 iratre
1116 3324 1157 3373 Vi.
1171 3325 1209 3373 ed.

262 3394 302 3444 Bt.
318 3402 417 3459 nepotes
432 3395 503 3442 iratre
519 3393 594 3442 Paul.
615 3393 668 3441 Vis.
696 3392 783 3457 Igitur
798 3394 850 3442 e’ex
863 3396 890 3442 in
902 3393 933 3442 B.
957 3401 1079 3444 mutatum
1097 3396 1124 3443 in
1138 3401 1174 3442 set
1186 3402 1211 3443 et

263 3467 445 3528 transpositum
470 3467 497 3512 in
519 3463 594 3512 Paul.
612 3462 677 3512 ·Vis.
699 3463 798 3526 effecit,
828 3471 856 3514 ut
876 3480 928 3527 pro
954 3480 1029 3528 nepos
1054 3464 1211 3515 scriberetur

262 3541 370 3596 nepotes.
394 3534 508 3584 Ceterum
519 3533 577 3592 cius,
589 3533 658 3596 quod
666 3535 767 3599 regitur
777 3550 793 3583 a
804 3535 885 3594 118118,
896 3535 967 3598 refer
977 3537 1099 3598 odfitium
1106 3535 1210 3598 fratris.
