2684 4112
396 195 455 232 om
473 195 571 232 manne.
583 155 638 232 ⁰IV.
658 183 799 234 tos-tto,
1015 168 1093 248 403.

114 348 165 396 est.
202 333 332 396 tuente
348 345 449 408 autem,
465 340 511 410 qui
528 337 632 394 tructus
648 338 797 394 licitatione
809 340 898 395 uictus
915 348 967 411 est,
984 342 1006 395 si
1022 357 1077 397 non

114 421 287 498 probauerit,
309 421 341 478 ati
362 439 392 478 sc
412 424 550 496 pertinere
565 424 783 496 possessionem,
802 431 906 479 tantum
921 426 1077 498 sponsionis

114 517 142 564 et
163 507 381 581 restipulationis
402 523 532 562 summam
555 523 659 580 poenae
682 508 790 562 nomine
813 507 902 564 debet.
941 503 1007 570 ise.
1023 509 1076 564 Act-

112 592 239 649 monendi
256 601 346 647 tannen
362 607 467 661 sumus,
483 591 596 647 liberum
613 607 673 647 esse
689 592 729 660 ei,
745 591 911 664 qui‘lructus
926 592 1075 650 licitatione

112 679 201 732 uictus
224 677 290 746 erit,
321 677 419 731 omissa
441 674 589 731 fructuaria
611 675 801 748 stipulatione,
825 677 896 732 sicut
910 675 1075 734 Cascelliano

111 763 171 816 siue
195 761 334 817 secutorio
357 759 456 816 iudicio
479 759 512 816 de
535 761 712 834 possessione
734 761 907 833 reciperando
927 764 1074 834 experitur,

111 847 149 901 ita
169 837 317 902 similiter¹
338 843 371 900 tle
392 843 497 900 laucius
512 843 659 900 licitatione
676 859 770 918 agere:
786 845 813 899 in
837 861 916 917 quam
939 861 995 901 nem
1012 863 1074 919 pro-

110 931 198 1004 pri-um
214 929 343 986 indicium
360 936 536 1001 conparatum
552 936 609 998 est,
631 928 704 1002 quod
719 927 870 1002 appellatur
885 928 1073 1000 fructuarium,

112 1031 167 1088 quo
183 1015 291 1070 nomine
310 1021 386 1069 actor
402 1011 547 1069 iudicatum
560 1013 631 1068 solui
644 1013 711 1068 satis
724 1006 855 1086 accipit:²
871 1013 970 1070 dicitur
984 1021 1074 1069 autem

110 1108 139 1155 et
160 1099 213 1155 hoc
231 1098 361 1154 iudicium
377 1098 555 1168 secularium,
578 1095 651 1170 quod
672 1099 798 1171 sequitur
816 1099 972 1171 sponsionis
988 1099 1074 1154 nicto-

108 1184 191 1246 riam3
215 1182 264 1238 sed
286 1198 342 1238 non
364 1197 450 1254 aeque
473 1181 666 1238 Cascellianum
690 1191 813 1238 uocatur.
857 1177 922 1240 1⁷0.
943 1181 995 1238 Sed
1012 1183 1074 1256 quia

107 1267 235 1324 nonnulli
250 1266 395 1322 interdicto
412 1265 517 1322 reddito
541 1259 650 1322 cetera³
672 1282 704 1321 ex
720 1266 864 1322 interdicto
886 1266 976 1323 iacere
996 1267 1072 1322 nole·

107 1349 189 1421 bant,
211 1357 291 1423 atque
307 1349 341 1406 oh
356 1350 383 1405 itl
399 1367 454 1406 non
470 1358 579 1424 poterat
593 1366 637 1406 res
653 1349 788 1424 expediri,
805 1359 916 1424 praetor
931 1344 936 1430 Ι
954 1343 998 1406 ⁴in
1014 1367 1072 1406 eam
1085 1353 1144 1405 246.

106 1451 167 1490 rem
182 1435 323 1508 prospexit
338 1441 364 1490 et
378 1436 546 1508 comparauit
561 1434 714 1506 interdicta,
731 1451 799 1508 quae
811 1435 968 1492 secundaria
980 1435 1071 1510 appel·
1085 1421 1103 1459 ²·
1116 1429 1135 1460 ¹·

104 1519 205 1590 lamus,
222 1518 294 1592 quod
311 1519 430 1574 secundo
446 1520 507 1574 loco
523 1519 689 1575 redduntur:
713 1535 829 1594 quorum
844 1525 931 1577 uisci
947 1529 1071 1593 potestas

104 1605 181 1660 lacae
196 1609 251 1671 est,
274 1597 393 1677 utqui5
414 1612 504 1659 cetera
520 1619 551 1659 et
566 1603 712 1661 interdicto
728 1619 783 1660 non
804 1604 902 1676 iaciat,
927 1605 1003 1660 uelut
1025 1607 1070 1678 qui

104 1689 160 1744 uim
181 1705 235 1743 non
257 1687 355 1752 iaciat,
380 1695 426 1743 aut
448 1687 567 1744 fructum
590 1705 645 1743 non
668 1687 802 1759 licentur,
826 1698 887 1760 aut,
911 1705 975 1746 cum
1003 1688 1072 1744 uicit

104 1772 211 1830 tructus
234 1764 412 1843 licitatione,6
434 1776 502 1829 satis
524 1789 579 1828 non
602 1773 660 1844 det,
683 1781 730 1828 aut
752 1765 814 1850 ’[si]
836 1775 1000 1846 sponsiones
1016 1789 1069 1828 uon

104 1857 197 1928 iaciat,
214 1852 279 1931 (ea)
296 1849 543 1930 sponsionibusue⁷
566 1856 663 1913 iudicia
686 1871 740 1912 uon
761 1858 883 1928 accipiat,
903 1857 961 1911 siue
982 1857 1070 1928 possi·

179 2007 200 2076 ¹)
214 2009 259 2060 Sic
269 2025 304 2060 ecc
318 2007 345 2059 V
346 2004 368 2040 'l
376 2008 540 2058 scribendum
551 2009 613 2072 fuit,
629 2007 673 2058 ubi
681 2008 771 2072 prima
786 2007 874 2056 littera
884 2011 922 2056 est
932 2021 943 2054 s
953 2009 1070 2070 sequenti

102 2083 189 2145 spatio
203 2097 252 2132 seco
266 2083 421 2138 litterarum,
436 2095 471 2129 en·
481 2079 573 2144 quibus
582 2081 671 2130 ultima
681 2075 739 2144 t(er)
751 2077 837 2141 fuerit
850 2084 945 2128 notata.
963 2078 1070 2142 fructus

102 2154 216 2203 licitatio
235 2159 260 2202 et
278 2154 349 2215 ipsos
364 2151 471 2214 fructus
488 2165 581 2215 eosque
599 2166 616 2200 a
635 2151 733 2200 uictore
747 2149 895 2199 aestimatos
913 2147 1068 2198 counnebat.

103 2223 155 2291 (Cf.
171 2220 277 2274 ‘Gaius'
289 2239 318 2286 p.
334 2219 399 2288 aas)‚·
414 2237 462 2272 nec
475 2223 557 2288 ipitur
572 2235 636 2286 opus
650 2223 735 2287 tepere
757 2216 799 2269 ‘de
813 2219 946 2282 fructibus
961 2216 995 2268 et’
1012 2235 1069 2268 cum

102 2297 143 2345 ed.
152 2309 209 2344 mea
218 2306 238 2346 s.
291 2289 314 2359 ²)
324 2293 427 2356 accipiat
438 2292 464 2342 0.
480 2293 582 2356 accipiet
591 2293 631 2342 ed.
641 2291 689 2358 Bp.
743 2286 763 2356 ³)
779 2292 796 2340 i.
809 2306 830 2340 e.
842 2306 907 2355 quae
917 2292 1068 2340 necessaria

102 2373 186 2424 erant,
201 2373 285 2415 utres
299 2365 336 2414 ad
349 2364 459 2414 iudicem
471 2365 561 2413 uenire
570 2370 667 2428 posset.
719 2358 741 2430 ⁴)
756 2360 826 2422 Quae
835 2369 979 2427 sequuntur
990 2377 1067 2426 usque

102 2439 138 2486 ad
147 2454 169 2486 o.
180 2449 192 2488 s
202 2435 281 2485 uerba
291 2449 321 2484 ne
337 2435 416 2497 iaciat,
432 2434 557 2484 debentur
572 2434 600 2484 V
600 2430 621 2468 ’ὓ
633 2435 774 2484 secuudum
788 2434 938 2484 relationem
949 2432 1068 2499 Kriperi

101 2507 185 2573 (Krit.
210 2506 284 2556 Vero.
305 2522 332 2569 p.
351 2503 401 2571 se),
425 2507 501 2555 cuius
523 2507 599 2555 etiam
622 2507 798 2557 correctiones
820 2505 944 2569 quasdam
970 2507 1065 2568 recepi.

101 2578 172 2627 Edd.
185 2590 204 2628 1.
216 2589 237 2627 a.
251 2592 338 2627 eorum
352 2584 377 2626 et
390 2592 456 2641 quae
470 2583 613 2640 sequuntur
625 2578 778 2626 sententiam
791 2591 826 2624 ea
834 2573 949 2626 Blulemii
958 2574 1068 2626 Schedis

100 2649 237 2698 resarcire
256 2655 363 2698 conatus
381 2663 466 2706 mam,
484 2657 619 2707 successu,
638 2655 666 2697 ut
684 2663 752 2696 nuuc
768 2653 858 2710 paret,
880 2647 997 2710 infelici:
1020 2661 1067 2696 uec

100 2722 207 2778 mirum,
226 2735 282 2769 cam
301 2734 366 2784 quae
384 2718 474 2768 Sidus
492 2721 566 2784 lepit,
586 2734 673 2769 eorum
692 2733 757 2782 quae
774 2716 815 2766 Bi.
835 2723 996 2775 cantaverat,
1016 2724 1066 2766 tum

100 2792 241 2842 dissimilia
255 2792 320 2849 sint,
340 2797 381 2850 ut,
400 2791 453 2839 nisi
467 2791 498 2840 de
509 2790 562 2853 fide
576 2791 711 2854 utriusque
730 2795 873 2847 constaret,
892 2789 971 2837 alium
988 2789 1066 2838 aliam

95 2864 224 2928 popinam
234 2877 304 2926 prae
318 2862 401 2911 oculis
415 2860 535 2911 notuisse
550 2861 677 2910 crederes.
740 2857 761 2926 ⁶)
771 2857 902 2922 Scriptum
909 2860 1008 2922 suerit:
1021 2859 1065 2908 heo

100 2941 112 2982 e
132 2941 159 2982 ut
177 2931 248 2998 q(ui).
265 2959 297 2969 -
315 2931 430 2981 Ceterum
448 2933 510 2982 ltine
524 2947 653 2995 apparere
671 2931 787 2988 uidetur,
806 2945 874 2989 eum,
894 2932 938 2994 qui
949 2931 1066 2994 fructum

99 3005 226 3054 licitaudo
241 3010 329 3054 cetera
343 3017 378 3052 ea·
392 3004 533 3053 interdicto
544 3004 637 3066 facere
651 3003 790 3064 inciperet,
807 3015 824 3050 a
834 3008 959 3064 praetore
973 3003 1006 3060 ei,
1021 3002 1066 3064 qui
1136 3065 1139 3070 Ι

99 3077 149 3124 uim
156 3075 268 3138 faceret,
279 3075 355 3139 quasi
361 3075 563 3138 aequiperatum,
574 3075 619 3138 qui
626 3088 777 3139 quacunque
785 3073 887 3122 ratione
895 3088 946 3122 nou
953 3073 1064 3136 faceret,

94 3161 147 3210 pro
162 3147 271 3210 indipna
286 3147 332 3209 qui
346 3147 449 3194 inierim
459 3145 618 3208 possideret,
632 3143 746 3194 debitum
760 3157 823 3194 esse.
888 3140 909 3208 ⁶)
924 3159 938 3206 q
954 3143 999 3208 (=
1014 3141 1064 3207 qui)

98 3218 190 3266 tructus
209 3216 349 3274 licitationis
374 3212 419 3264 Vct
436 3217 463 3265 in
482 3231 532 3281 quo
551 3216 684 3279 offendens
703 3215 743 3278 qui
757 3216 846 3264 uitium
863 3215 976 3271 indicat,
991 3221 1063 3276 post·

98 3303 174 3352 quam
188 3303 223 3338 ecc
237 3287 381 3350 licitatione,
397 3287 554 3336 adhaerente
569 3302 580 3335 s
595 3302 630 3336 ecc
645 3286 716 3348 suis,
731 3285 831 3349 sactum
845 3291 903 3334 erat
917 3283 1063 3344 licitationis,

96 3358 514 3408 eacc’uicitabiectocitenatum.
568 3355 712 3424 ⁷)Scripsi.
737 3349 1063 3421 sisponsionilt(us)ln(on)

167 3487 194 3560 ᾖ.
211 3493 271 3542 169.
288 3489 326 3554 Of.
338 3491 362 3553 ξ.
373 3501 419 3543 166.
439 3489 528 3556 Polyb.
540 3501 574 3553 aa,
584 3501 605 3540 e.
621 3485 693 3539 indic.
705 3484 779 3556 solui]
790 3488 824 3550 cf.
835 3487 859 3550 5.
869 3498 904 3538 91.
959 3480 985 3552 ξ.
1002 3485 1061 3534 170.

96 3562 136 3626 Cf.
154 3563 273 3613 lloutin.
284 3577 313 3626 p.
327 3573 363 3626 44,
377 3573 398 3612 c.

804 3641 860 3696 26*
