2678 4116
411 259 468 296 oen
485 257 577 294 rnsrrr.
597 239 617 292 Ι.
638 245 785 294 rot-196.
1003 229 1068 293 219

117 393 253 456 feminae:
275 398 317 448 set
336 397 426 446 tamen
446 389 607 462 plerumque
627 388 702 461 quasi
717 387 745 444 in
760 385 845 444 tutela
859 394 938 444 suut:
960 393 990 440 ut
1010 400 1072 442 eece

116 479 160 536 lex
178 477 367 548 Bithynorum,
382 473 406 529 si
421 473 489 546 quid
502 471 598 528 mulier
613 469 771 541 contrahat,
793 472 916 528 maritum
932 476 1073 526 auctorem

117 577 180 618 esse
196 561 272 616 iubet
286 567 331 614 aut
346 556 430 614 iillum
445 557 503 614 eius
518 554 655 630 puberem.

183 639 247 702 194.
283 640 378 698 Tutela
404 648 493 696 autem
519 638 668 696 liberantur
695 639 828 712 ingenuae
855 637 964 712 quidem
992 639 1073 694 trium

118 725 293 803 (liberorum
307 729 387 796 iure,
409 727 560 782 libertinae
579 723 659 780 ‘uero
674 729 821 795 quattuor,
837 726 863 780 si
871 715 877 754 ¹
899 727 929 778 iu
938 718 1074 795 patroni)

120 811 305 870 liberorumne
326 810 384 866 eius
405 809 524 883 legitima
544 807 644 864 ’tutelo
665 798 756 870 sint;²
776 798 856 862 111111θ
871 815 990 878 ceterae,
1006 821 1074 878 quae

121 896 235 952 alterius
251 893 359 967 generis
375 900 481 948 tutores
497 890 605 962 babent,
621 889 696 947 uelut
712 889 842 946 Atilianos
853 899 899 946 aut
911 887 1075 961 fiduciarios,

122 981 205 1038 etiam
223 979 304 1034 trium
324 975 470 1034 liberorum
489 969 495 1050 l
514 977 572 1032 iure
594 973 677 1032 tutela
696 973 855 1032 liberantur.
897 969 958 1034 teo.
982 974 1076 1030 Potest
1086 972 1127 1021 ⁶2-

124 1071 214 1120 autem
234 1060 357 1136 pluribus
378 1059 464 1117 modis
484 1058 593 1116 ’liberto
616 1054 755 1116 tutorem⁴
775 1057 887 1114 alterius
905 1059 1012 1130 generis
1032 1059 1078 1113 ba·

124 1147 205 1217 bere,
233 1145 319 1201 ueluti
339 1146 363 1202 si
382 1161 397 1200 a
417 1143 514 1200 iemina
535 1143 696 1200 manumissa
721 1142 772 1211 sit;
799 1151 865 1198 tuno
890 1143 960 1198 enim
981 1157 996 1196 e
1016 1141 1078 1216 lege

125 1229 206 1286 nulia
222 1237 316 1303 petere
332 1226 412 1284 debet
428 1235 556 1297 tutorem,
572 1225 616 1284 uel
632 1227 659 1282 in
673 1227 812 1302 prouincia
828 1228 920 1300 slepe
935 1222 1024 1301 (Iulio
1040 1222 1077 1303 et)

126 1314 208 1370 Titia:
223 1329 284 1369 nam
305 1313 331 1370 iu
346 1319 475 1386 patronae
498 1310 582 1367 tutela
596 1325 656 1366 esse
671 1326 726 1368 nou
740 1318 841 1386 potest.
877 1309 952 1372 196⁸.
974 1311 1040 1368 ltem
1056 1311 1079 1368 si

128 1396 177 1469 (sit
193 1393 220 1470 α)
237 1395 355 1454 masculo
372 1396 542 1467 manumissa,
558 1402 586 1450 et
600 1402 711 1451 auctore
722 1411 755 1451 eo
767 1397 963 1469 coemptionem
975 1396 1080 1466 iecerit,

130 1478 229 1536 deinde
243 1481 418 1553 remancipata
434 1487 461 1535 et
476 1478 637 1535 manumissa
652 1480 697 1550 sit,
712 1486 854 1552 patronum
864 1480 971 1553 quidem
982 1479 1080 1536 habere

59 1576 117 1626 [rto]
132 1571 251 1620 tutorem
272 1562 384 1636 desinit,
407 1563 500 1636 incipit
520 1570 609 1618 autent
630 1561 728 1619 habere
749 1578 808 1619 eum
834 1571 968 1635 tutorem,
991 1579 1079 1638 aquo

128 1649 291 1705 manumissa
302 1656 354 1710 ost,
366 1642 422 1720 'qui
434 1645 587 1703 fiduciarius
597 1641 718 1704 dicitur⁵.
748 1641 823 1707 lbbb.
837 1647 903 1704 ltern
914 1650 936 1704 si
948 1655 1081 1722 patronus

129 1737 230 1790 eiusne
244 1733 323 1804 filius
337 1732 365 1788 in
378 1730 548 1806 adoptionem
558 1748 587 1787 se
598 1730 682 1804 dedit,
698 1729 777 1787 debet
789 1729 884 1788 liberta
895 1734 982 1805 slepe
993 1732 1081 1788 Atilio
1107 1722 1114 1736 '

129 1819 176 1873 uel
190 1815 268 1874 Iulia
284 1823 311 1872 et
327 1814 395 1871 'litia
410 1823 528 1871 tutorem
543 1809 634 1889 siibil⁰
655 1823 756 1888 petere.
797 1811 873 1873 195⁰.
900 1815 1029 1870 Similiter
1051 1829 1098 1869 ex²

129 1901 224 1958 iisdem
240 1897 345 1974 legibus
360 1905 452 1972 petere
467 1897 547 1954 debet
560 1907 678 1956 tutorem
688 1897 800 1970 liberta,
814 1900 838 1954 si
850 1906 980 1971 patronus
991 1897 1083 1954 deces-

130 1986 198 2042 serit
217 1999 268 2040 nec
288 1983 372 2040 ullum
393 1983 478 2038 uirilis
499 1998 577 2038 serus
598 1981 746 2039 liberorum
759 1983 788 2037 in
802 1981 901 2038 iamilia
915 1971 1084 2054 reliquerit.⁷

13 1281 20 1314 l

129 2064 197 2124 teu.
221 2066 332 2124 liasouli
346 2065 451 2123 'cutem
466 2083 528 2124 cum
538 2060 550 2102 ⁸
561 2065 677 2141 puberes
689 2081 750 2122 esse
761 2065 910 2140 coeperint,
921 2064 1005 2121 tutela
1020 2063 1084 2120 iibe-

131 2201 345 2212 ——-—-—

206 2269 227 2336 ¹)
247 2269 293 2320 Sic
307 2286 376 2320 nuuc
390 2270 484 2322 Hollto.
499 2279 606 2322 erectore
619 2271 735 2321 scribere
749 2271 835 2319 malui.
910 2266 932 2336 ²)
946 2275 1021 2318 tutum
1039 2268 1087 2318 sint

137 2344 163 2393 V
165 2339 194 2391 ⁸³.
253 2337 274 2407 ³)
288 2355 341 2390 nam
356 2347 380 2390 et
395 2341 428 2398 0,·
447 2343 585 2406 etquidem
600 2343 672 2392 etiem
682 2341 904 2406 perscribendum,
918 2340 965 2390 sed
978 2347 1003 2388 et
1016 2341 1044 2389 ire
1060 2338 1085 2389 0.

133 2414 177 2464 bic
191 2413 278 2461 alieno
292 2413 348 2462 loco
359 2413 472 2474 positum
489 2420 611 2476 tanquam
626 2413 766 2478 sopitivum
783 2419 842 2462 unte
860 2411 932 2461 trium
950 2412 1087 2460 restituen-

134 2485 195 2534 dum
217 2488 291 2538 erat,-
314 2482 408 2532 deiude
429 2497 491 2534 uero
513 2483 591 2534 uerbo
614 2483 678 2532 uelut
700 2483 814 2532 Atilianos
837 2488 878 2531 out
900 2481 1037 2530 fiduciarius
1060 2487 1087 2530 ut

131 2568 185 2618 pro
205 2555 358 2618 ptoosemare
381 2553 537 2613 iubeantur,
561 2555 633 2604 nulla
656 2556 725 2604 iusta
748 2568 829 2604 cauea
851 2567 906 2602 esee
928 2553 1038 2601 uidetur.

138 2621 160 2690 ⁴)
175 2623 286 2672 libertina
304 2623 331 2672 V
333 2619 353 2655 ¹¹
362 2638 415 2686 pro
429 2625 515 2674 liberta
530 2631 577 2684 tut,
596 2631 624 2674 ut
633 2631 713 2688 putor
733 2639 792 2673 nam
810 2617 963 2684 91919190.
983 2629 1007 2671 et
1021 2623 1088 2670 alios

137 2693 183 2744 ubi
195 2694 226 2743 de
236 2695 343 2758 priuato
358 2695 415 2744 iure
429 2697 641 2745 manumissorum
655 2695 798 2760 quaeritur,
812 2700 851 2743 est
864 2693 956 2742 liberta.
1015 2689 1036 2757 ⁶)
1052 2690 1089 2739 Ne

136 2765 201 2816 baec
216 2764 317 2828 quidem
331 2763 416 2824 uerba,
438 2767 552 2829 quumvis
567 2767 664 2816 maiore
679 2766 737 2814 iure
750 2770 870 2828 suspecta
883 2764 969 2814 uideri
978 2763 1089 2826 possint,

132 2850 186 2898 pro
198 2836 351 2900 plessemate
364 2834 477 2886 babeam.
551 2833 572 2902 θ)
587 2835 729 2886 Librarius
747 2834 774 2884 V
775 2831 796 2868 rt
808 2841 885 2884 antea
898 2848 911 2882 e
925 2835 977 2896 lego
991 2833 1052 2882 Titia
1067 2839 1091 2881 et

136 2906 200 2954 i’itia
209 2906 347 2968 scripsisse
362 2911 386 2954 et
395 2914 488 2968 postea
502 2907 550 2956 sibi
563 2905 678 2956 scribere
689 2907 803 2969 coepisse
813 2905 922 2954 uidetur.
970 2901 990 2969 l)
1005 2903 1090 2966 recipit

135 2975 230 3026 Scbed.
246 2975 358 3040 relinquit
371 2976 429 3026 edd.
481 2973 502 3043 8)
517 2976 576 3028 Hoc
591 2977 729 3026 uerisimile
743 2974 851 3026 Studuio
866 2975 946 3024 uisum
960 2980 1005 3024 est.

135 3082 351 3094 ——-.-——-

135 3154 165 3201 in
179 3150 267 3214 Steplr.
283 3161 303 3199 e.
314 3164 343 3212 p.
357 3159 404 3198 994.
430 3144 596 3195 Wacllsmutll
610 3143 711 3192 Hellen.
727 3141 780 3190 Ate.
795 3139 833 3190 II.
848 3153 867 3191 1.
882 3142 905 3202 5.
920 3152 954 3192 91.
990 3137 1016 3208 ὅ.
1033 3143 1091 3192 194.

138 3222 179 3286 Of.
199 3234 219 3280 1,
235 3230 281 3272 145.
301 3230 327 3277 9,
340 3229 375 3271 es.
404 3216 459 3279 Uip.
478 3225 512 3274 ro,
532 3227 553 3266 9.
574 3213 618 3264 Pr.
637 3211 737 3264 Dositlr.
757 3223 790 3262 rr.
810 3211 945 3260 Plutarch.
967 3211 1039 3260 Num.
1056 3223 1092 3262 ro.

140 3292 237 3342 Gruter
248 3306 276 3354 p.
292 3301 352 3340 1otn.
374 3285 573 3338 bretti-Herum
588 3295 648 3336 emo.
685 3279 711 3352 ξ.
726 3285 785 3333 195.
808 3281 883 3345 019.
899 3292 944 3332 185.
982 3277 1007 3349 ξ.
1021 3283 1094 3332 195¹.

139 3362 180 3425 Gs.
194 3363 235 3424 ἐξ.
250 3370 297 3412 115.
313 3370 359 3410 199.
414 3353 441 3425 ξ.
459 3351 531 3407 luuh.
552 3355 591 3418 Cf.
606 3357 629 3417 ξ.
643 3365 664 3405 4.
684 3353 706 3403 I.
721 3352 788 3418 quib.
803 3353 868 3403 mod.
883 3359 929 3400 tut.
942 3352 987 3413 lin.
1002 3348 1034 3414 (1,
1048 3349 1093 3414 22).

143 3431 199 3496 tltp.
214 3443 249 3489 11,
263 3442 284 3482 e.
335 3425 362 3497 §-
378 3430 449 3478 1950.
470 3426 509 3490 Cf.
524 3426 582 3476 hin.
597 3436 631 3482 so,
646 3436 667 3476 9.
686 3439 767 3488 supra
780 3425 803 3485 ς.
819 3433 865 3474 ruo.
933 3417 959 3488 ξ.
977 3421 1034 3470 196.
1056 3418 1094 3481 us.

139 3504 179 3564 ἓξ.
194 3513 240 3553 roo.
256 3513 303 3552 roe.
319 3511 365 3552 reo.
390 3497 444 3561 Utp.
461 3508 494 3556 11,
508 3506 542 3548 es.
561 3511 603 3560 pr.
619 3494 641 3544 I.
657 3494 723 3560 quib.
739 3494 804 3544 mod.
819 3499 864 3542 tur.
877 3492 921 3554 pin.
938 3489 969 3556 (t,
984 3487 1020 3555 ro)
1035 3488 1094 3553 tbtq.

140 3571 281 3622 Schrader.
