2700 4118
264 183 328 248 642
426 203 530 240 oourm
548 203 655 240 verum
674 188 706 255 (f)
725 202 823 240 rusum.
842 205 877 239 us
895 203 957 240 rues
974 202 1051 240 umor.

229 350 256 391 es
328 329 371 390 to.
394 332 446 389 Pro
462 331 606 404 bubonis,
623 331 783 405 quaefisous
797 333 947 406 iniquietent,
961 348 1056 390 manus
1067 329 1220 407 oppofnero

159 420 346 474 uteunemo
370 417 476 489 quidem
499 410 704 490 profififetur3l
725 446 767 456 —
784 446 821 458 -
837 445 879 458 -·
903 427 908 475 t
931 445 972 456 -
988 446 1026 456 -
1045 445 1082 457 -
1101 445 1139 458 -
1154 425 1218 480 tort

167 490 249 566 ‚⁰⁰¹·⁰·
265 502 506 558 -—-e**i
530 495 535 572 Ι
559 501 797 557 ----rfon*
820 500 825 568 Ι
849 499 1087 574 --*peffuut
1103 500 1108 567 Ι
1124 529 1219 541 --

264 584 433 642 ionium
450 587 477 651 Ι.

329 663 374 726 16.
392 661 546 725 ²Aatuoooti
556 669 618 740 fisci
634 671 718 724 etium
734 671 738 735 Ι
754 675 820 738 post
834 669 991 739 depositum
1004 665 1121 724 officium
1135 671 1140 736 Ι
1152 683 1218 725 eou-

265 759 313 810 tra
326 754 435 826 (iseum,
451 769 464 807 n
477 768 531 825 quo
546 751 692 821 ’salefrium
704 759 875 825 aeceperunt,
891 752 943 808 uisi
955 753 989 813 int
1003 755 1101 809 eunus
1108 767 1218 824 poren-

266 844 339 908 tum,
362 834 494 907 filiorum,
519 836 523 908 Ι
547 835 750 908 pupillorumue
771 851 900 906 suorum,
923 851 1002 892 causa
1025 839 1030 901 Ι
1054 834 1219 892 libertorum

231 930 256 972 15
266 913 370 991 etiem,³
390 919 484 976 adesse
497 917 699 991 prohibentur,
718 927 745 974 et
760 920 783 974 si
798 919 947 988 adfuerint,
962 914 1080 983 infrimis
1095 917 1219 992 pfeetuu·

267 1011 323 1062 tur.
340 1019 408 1060 sone
418 1011 422 1067 Ι
433 1005 485 1060 hoe
496 1002 634 1077 principali
644 1001 782 1074 beneficio
792 1013 797 1061 t
806 1004 1011 1076 impetrarenou
1021 1001 1218 1075 prohibentium

230 1099 257 1139 eo
329 1083 372 1146 1⁷.
395 1081 477 1144 ⁴Fisof
493 1086 624 1157 aduocati,
641 1089 645 1153 Ι
662 1085 759 1160 quibus
774 1085 807 1142 ed
823 1095 930 1160 tempus
946 1086 1071 1157 officium
1089 1091 1093 1156 Ι
1109 1084 1218 1142 munda·

266 1181 324 1230 tum
339 1180 395 1242 est,
419 1173 480 1244 quia
494 1170 631 1242 solertium
645 1186 699 1228 uon
715 1171 859 1244 occipiunt,
875 1174 880 1232 f
902 1179 997 1226 eontra
1011 1167 1107 1226 fissum
1122 1169 1216 1226 adesse
1228 1187 1290 1236 [su]

265 1273 321 1314 uon
335 1255 530 1329 prohubemur.
902 1327 904 1330 Ι

231 1344 257 1384 25
329 1335 374 1395 le.
404 1339 494 1411 Capite
522 1333 613 1410 ’lefgis
637 1330 794 1394 censorfee⁵
818 1345 949 1408 causitus,
976 1344 1084 1394 utnon
1106 1343 1220 1404 tentum,

176 1421 414 1495 notionemque
438 1426 442 1488 Ι
465 1423 536 1492 fiseo
559 1421 706 1493 aufertur,
729 1422 780 1478 sed
800 1427 827 1477 et
849 1438 913 1478 oum
935 1413 1007 1478 nonfl
1030 1425 1035 1488 Ι
1055 1429 1216 1494 praestatur,

267 1507 343 1564 ouius
366 1506 404 1560 rei
428 1506 534 1565 omisise
556 1497 703 1578 professio⁷
725 1505 877 1570 commistso
897 1497 984 1562 intre8
1006 1506 1218 1579 quinquennium

341 1775 361 1844 ¹)
381 1778 440 1828 Vid.
452 1778 567 1842 praefat.
595 1776 665 1838 Quae
678 1785 828 1842 sequuntur,
842 1779 900 1828 edd.
916 1791 935 1830 1.
950 1789 971 1829 t.
986 1793 1021 1828 en
1035 1779 1110 1828 Paul.
1120 1789 1140 1836 ὅ,
1151 1789 1185 1837 12,
1195 1791 1216 1830 6.

268 1853 295 1900 in
310 1865 365 1901 eum
378 1851 529 1898 sententiam
542 1851 678 1898 restituere
692 1855 862 1898 tentaveram:
875 1849 955 1898 tutius
969 1856 1052 1898 tamen
1061 1856 1230 1912 procurato·

268 1937 321 1970 rem
335 1921 419 1978 adiri,
434 1927 462 1968 ut
475 1921 499 1970 is
513 1920 649 1977 iniuriam,
663 1935 738 1983 quam
754 1919 906 1968 Caesariani
920 1921 1114 1978 committerent,
1129 1921 1217 1982 erpei-

260 1994 340 2042 ,ieret
372 1989 442 2050 Quae
456 1997 483 2039 ut
497 2005 559 2040 uero
573 1991 614 2048 sit,
629 2005 697 2038 nuno
711 2004 746 2038 en
761 1987 817 2038 Cir.
833 2005 898 2054 quae
912 1991 979 2038 teoto
992 1997 1059 2048 sunt,
1072 2003 1218 2053 proponere

268 2063 354 2112 motui.
420 2057 439 2126 ¹)
455 2059 541 2109 Etiam
554 2060 623 2110 tuno
637 2061 660 2120 §-
675 2067 771 2109 mutatu
785 2060 823 2108 ed.
840 2073 859 2110 1.
874 2071 894 2110 s.
910 2075 979 2110 nuno
993 2075 1028 2110 ero
1042 2057 1099 2110 0¹⁶.
1120 2061 1218 2110 rectius

268 2133 383 2190 restitui,
402 2131 551 2196 quibusdum
566 2145 582 2179 o
596 2129 645 2178 Kr.
660 2132 814 2180 monstratis.
846 2130 977 2180 Caeterum
991 2131 1025 2193 of.
1040 2130 1073 2180 Iu
1088 2142 1120 2182 ιο.
1139 2131 1171 2179 Ι).
1186 2131 1218 2180 de

264 2205 359 2266 postui.
375 2200 407 2266 (s,
422 2200 453 2267 1).
473 2217 529 2250 oum
546 2201 626 2250 sofroi.
649 2200 818 2250 Tioieiaeano
838 2201 873 2250 ad
890 2200 1046 2258 Basii.s,1,
1062 2212 1095 2253 su.
1114 2201 1145 2250 L.
1160 2213 1180 2258 1.
1196 2213 1216 2252 t.

271 2274 295 2324 0.
311 2274 343 2322 de
356 2273 446 2322 aduae.
459 2273 520 2334 fisci
533 2269 564 2336 (s,
578 2269 609 2336 s).
624 2271 656 2319 L.
667 2283 700 2324 re.
715 2271 747 2320 L.
757 2282 791 2320 m.
806 2273 830 2332 ξ.
845 2284 865 2321 1.
880 2271 911 2320 L.
922 2283 955 2322 ss.
971 2273 993 2332 §-
1005 2283 1025 2321 1.
1042 2271 1067 2320 0.
1082 2271 1114 2320 de
1128 2271 1217 2322 aduae.

268 2345 319 2393 aiio.
336 2344 388 2391 iud.
405 2341 436 2407 (s,
450 2341 472 2406 t)
487 2349 512 2390 et
521 2342 641 2404 praefati
695 2337 716 2406 8)
731 2343 825 2391 sutoria
839 2339 884 2406 (of.
900 2343 923 2402 §-
938 2339 973 2406 17)
988 2349 1013 2390 et
1026 2343 1119 2391 deinde
1133 2342 1179 2390 nisi
1194 2343 1217 2390 in

268 2415 323 2462 suis
342 2415 383 2461 uel
396 2419 531 2474 pareutum
549 2412 565 2459 f.
585 2425 608 2472 p.
630 2426 732 2461 suorum
753 2427 836 2470 causo,
858 2412 996 2460 libertorum
1017 2412 1087 2460 etium
1108 2411 1147 2461 ed.
1166 2411 1216 2460 Kr.

264 2484 363 2545 purtim
377 2483 457 2530 invito
474 2477 530 2530 δῖ’.
545 2496 591 2530 nee
606 2483 633 2529 in
647 2496 695 2530 suo
709 2497 790 2532 causa
803 2483 944 2532 advocatus
958 2483 1014 2545 puis
1024 2483 1114 2532 adesse
1123 2489 1216 2546 potest.

269 2550 291 2618 ⁴)
308 2552 345 2614 Cf.
356 2551 388 2600 L.
399 2563 419 2600 1.
437 2551 461 2599 0.
477 2551 509 2598 de
523 2551 611 2600 adooo.
623 2553 680 2613 fise.
690 2549 721 2616 (2,
731 2551 761 2618 8).
810 2550 830 2616 ⁵)
839 2553 989 2611 Domitiani,
999 2559 1027 2602 ut
1035 2555 1135 2615 opinor,
1146 2567 1217 2616 quem

270 2623 338 2671 Ptin.
350 2637 412 2684 pon.
427 2633 460 2672 40.
479 2627 596 2683 spectare
615 2623 723 2670 uidetur.
789 2618 809 2686 6)
824 2621 870 2672 Sic
887 2625 999 2686 primum
1017 2638 1117 2672 versum
1131 2625 1178 2672 eoi.
1194 2623 1216 2672 It.

270 2694 371 2742 collatis
385 2707 407 2740 o.
423 2702 442 2740 t.
457 2701 478 2742 s.
493 2692 603 2749 restitui,
613 2699 749 2755 postquam
762 2695 893 2755 apparuit,
907 2695 1099 2757 oersusoipinti
1107 2695 1217 2757 quinque

269 2777 392 2827 quamque
407 2763 548 2811 columnam
560 2762 687 2812 habuisse.
710 2761 840 2825 Scriptum
847 2764 931 2826 fuerit
940 2765 998 2812 fiseo
1008 2765 1091 2814 aufert’
1101 2764 1121 2811 s'
1132 2765 1215 2811 eto'ri.

269 2831 322 2882 Sed
341 2834 417 2882 etiam
438 2833 465 2880 in
486 2832 647 2896 sequentibus
668 2833 834 2882 aestimandis
853 2840 878 2882 et
898 2834 1076 2892 restituendis,
1097 2833 1217 2884 koenon

270 2910 397 2966 comperto
412 2909 436 2950 et
449 2910 508 2952 onte
524 2900 580 2952 Ost.
596 2909 733 2952 commento
747 2905 786 2952 oei
804 2910 902 2952 tentato
920 2906 999 2953 irrito
1014 2905 1129 2967 fuerunt.
1160 2900 1217 2952 ‘nou

269 2981 360 3024 tautum
374 2987 427 3022 eum
437 2973 493 3037 quid
511 2977 514 3033 Ι
530 2973 749 3036 praestetu1·‚ouius
765 2973 800 3023 rei
810 2974 906 3032 omisfse
916 2975 1034 3036 professio
1046 2975 1137 3037 fuerit,
1152 2975 1218 3024 aetio

270 3039 402 3095 commisisi
415 3045 477 3092 intra
491 3037 675 3108 quinquennium
689 3044 766 3092 locum
782 3047 785 3104 Ι
802 3043 894 3094 iubeat
906 3045 953 3094 sed
965 3046 996 3094 et'
1011 3044 1116 3094 Lucium.
1131 3051 1156 3094 et
1168 3043 1216 3108 Bp.

269 3116 327 3165 edd.
344 3112 404 3164 ‘tum
418 3122 516 3173 tantum,
531 3130 551 3163 e.
563 3130 585 3178 q.
596 3128 619 3176 p.
630 3129 651 3163 e.
666 3129 686 3162 r.
701 3129 723 3163 o.
738 3115 856 3178 professio
871 3115 932 3164 intre
947 3115 1090 3172 commislsis
1105 3121 1218 3164 statutum

269 3187 453 3251 quinquennium
467 3185 545 3234 locum
556 3187 620 3246 fisco
634 3181 689 3234 dut'
706 3200 760 3234 meo
774 3187 812 3236 ed.
829 3197 848 3236 1.
864 3185 969 3235 laudato
984 3184 1050 3234 libro
1064 3201 1095 3234 m.
1110 3181 1219 3234 ‘Census

270 3275 294 3308 a.
313 3257 470 3320 Steueroerf.
490 3257 515 3304 d.
534 3251 665 3304 Kaisere.’
683 3271 710 3318 p.
725 3267 772 3307 194.
791 3271 814 3305 u.
834 3261 852 3304 t.
869 3269 889 3304 o.
904 3271 927 3319 q.
945 3271 969 3319 p.
990 3255 1056 3306 ouius
1075 3255 1111 3304 rei
1129 3256 1218 3304 omisso

269 3329 386 3392 professio
402 3325 454 3393 (sit,
468 3325 515 3375 sed
527 3333 551 3375 et
565 3323 631 3389 oum)
641 3326 761 3374 commissi
776 3341 852 3388 poena
868 3327 929 3376 intre
943 3325 1127 3389 quinquennium
1140 3326 1219 3374 locum

270 3398 300 3449 ob
316 3399 345 3448 id
357 3397 438 3447 nater
454 3397 493 3446 ed.
508 3407 528 3446 o.
581 3392 601 3460 7)
619 3393 744 3454 Quaene
759 3397 786 3445 in
802 3394 858 3446 01³⁹.
874 3398 990 3461 sequitur
1003 3413 1025 3445 u.
1041 3396 1102 3446 intra
1117 3395 1219 3458 abipso

270 3468 379 3518 librario
393 3470 433 3517 oei
446 3473 595 3516 correctore
609 3475 737 3529 expuncta
751 3474 795 3516 est.
847 3464 868 3532 θ)
882 3482 917 3516 ere
927 3466 1076 3518 Mommseni
1085 3469 1117 3532 qi.
1128 3467 1221 3516 literae

269 3553 309 3589 -so
324 3541 362 3587 in·
372 3539 553 3601 perforatione
563 3537 625 3599 folii
634 3539 777 3599 perierunt.
