2678 4116
423 247 480 284 ean
498 247 589 284 nasas.
609 231 642 284 11.
664 237 810 286 rot-me.
1023 231 1089 296 259

137 381 321 453 necessarius,
334 395 389 447 non
404 380 483 435 etiam
497 395 563 434 suus
579 379 656 434 heres
671 380 722 448 sit,
737 385 870 451 tamquam
886 395 992 436 seruus.
1028 377 1089 440 tttt.

137 464 236 532 Ceteri,
259 464 306 535 qui
323 465 459 520 testatoris
474 463 526 518 iuri
547 461 661 520 subiecti
677 479 731 518 uon
746 470 826 532 sunt,
842 465 959 520 extranei
974 464 1089 521 heredes

137 545 323 622 appellantur:
334 548 425 620 itaque
436 546 513 604 liberi
525 563 633 619 quoque
645 548 739 614 nostri,
754 548 838 619 quiin
850 555 985 620 potestate
997 557 1090 605 nostra

137 648 193 689 non
208 640 286 702 sunt,
308 630 422 688 heredes
437 647 452 686 a
469 629 546 686 nobis
563 631 681 686 instituti
697 623 793 700 'sicut-¹
810 633 927 687 extranei
945 631 1089 701 uidentur;

138 731 191 788 qua
217 715 251 771 de
275 731 355 770 causa
376 723 402 770 et
423 716 469 788 qui
495 722 614 769 amatre
640 713 753 770 heredes
778 715 972 786 instituuntur,
995 716 1090 772 eodem

64 809 126 858 [188]
138 815 252 856 numero
274 806 354 869 sunt,
372 800 433 872 quia
453 797 566 854 feminae
587 797 687 854 liberos
707 799 734 854 in
754 807 891 871 potestate
906 815 960 855 non
982 799 1088 856 habent.

138 885 213 940 serui
228 899 349 956 quoque,
359 884 405 956 qui
417 898 478 938 etun
490 881 618 938 libertate
630 882 743 938 heredes
755 884 870 938 instituti
882 890 947 938 sunt
959 890 986 938 et
995 893 1090 957 postea

5 967 7 986 ²
105 987 113 1000 ·
137 967 277 1024 adomino
294 967 459 1033 manumissi,
470 965 564 1022 eodem
574 982 687 1022 numero
698 966 840 1022 habentur.
870 964 935 1024 162.
952 966 1088 1024 Extraneis

139 1059 228 1108 autem
245 1049 389 1106 heredibus
400 1049 563 1106 deliberandi
575 1058 697 1121 potestas
708 1051 769 1106 data
781 1059 823 1105 est
834 1049 868 1104 de
880 1049 1001 1105 adeunda
1013 1051 1089 1106 here·

139 1135 223 1190 ditate
245 1134 288 1189 uei
309 1149 364 1190 non
385 1131 517 1190 adeunda.
569 1129 632 1190 166.
662 1133 715 1188 Sed
734 1135 793 1188 siue
815 1135 854 1202 is,
875 1135 918 1189 eui
939 1134 1088 1190 abstinendi

139 1226 262 1292 potestas
278 1225 332 1289 est,
347 1219 517 1274 immiscuerit
531 1234 561 1273 se
576 1217 654 1273 bonis
670 1217 853 1287 hereditariis,
869 1219 927 1272 siue
942 1219 982 1289 is,
997 1219 1043 1273 cui
1056 1217 1090 1273 de

140 1302 263 1359 adeunda
288 1299 467 1374 (hereditate)
488 1301 634 1358 deliberare
654 1301 730 1370 iicet,
758 1301 867 1372 adierit,
893 1308 988 1374 postea
1009 1301 1090 1374 relin-

141 1385 265 1459 quendae
285 1386 439 1442 hereditatis
463 1385 616 1443 [acuitatem
638 1383 809 1454 nonhabet,
830 1386 881 1440 uisi
902 1388 925 1442 si
947 1387 1034 1442 minor
1054 1387 1090 1442 sit

143 1483 275 1524 annorum
288 1479 361 1528 xxv:
383 1486 445 1526 nam
460 1470 540 1526 huius
560 1471 654 1526 aetatis
671 1468 838 1540 hominibus,
859 1471 930 1526 sicut
950 1471 978 1526 in
993 1471 1089 1526 ceteris

142 1550 266 1609 omnihus
281 1556 367 1610 causis
383 1554 520 1627 deceptis,
535 1555 572 1608 ita
587 1556 665 1610 etiana
681 1555 704 1609 si
721 1562 820 1609 temere
840 1553 996 1610 damnosam
1010 1554 1089 1610 here-

140 1636 252 1694 ditatem
270 1640 453 1712 susceperint,
475 1646 583 1710 praetor
603 1639 744 1694 succurrit.
780 1637 837 1692 scic
853 1637 976 1710 quidem,
998 1637 1091 1697 diuum

141 1720 304 1778 Hadrianum
321 1724 399 1778 etiam
415 1723 508 1778 maiori
522 1737 584 1779 xxv
605 1737 736 1776 annorum
758 1722 865 1776 ueniam
885 1721 1008 1792 dedisse,
1030 1737 1091 1777 cum

140 1812 205 1878 post
229 1805 324 1862 aditam
351 1806 524 1862 hereditatem
545 1805 647 1878 grande
671 1821 720 1860 aes
746 1803 879 1875 alienum,
906 1805 980 1878 quod
1006 1804 1091 1860 aditae

141 1889 297 1946 hereditatis
313 1899 435 1963 tempore
449 1889 559 1959 latebat,
575 1890 752 1962 apparuisset.
772 1880 777 1964 Ι

207 1969 271 2032 tue
292 1973 430 2030 Extraneis
445 1972 588 2029 heredibus
603 1971 674 2028 sciet
688 1974 773 2028 cretio
789 1971 855 2042 dari,
872 1970 898 2026 id
911 1977 955 2027 est
969 1967 1029 2026 huis
1045 1970 1088 2027 de·
1101 1986 1143 2036 oe.

141 2055 284 2126 liberandi,
300 2066 331 2114 ut
346 2057 419 2113 intra*
431 2067 535 2114 certum
552 2065 657 2130 tempus
674 2055 717 2112 uel
733 2054 830 2110 adeant
844 2053 1031 2125 hereditatem,
1047 2054 1092 2110 uel

141 2141 165 2196 si
180 2157 235 2196 non
251 2141 357 2210 adeant,
373 2143 502 2214 temporis
516 2138 569 2196 bne
580 2147 815 2196 summoueantur:
832 2138 893 2194 ideo
905 2146 995 2194 autem
1007 2139 1091 2194 cretio

141 2224 275 2297 appellata
290 2233 343 2296 est,
359 2225 421 2298 quia
436 2239 548 2282 cernere
563 2233 605 2280 est
620 2225 696 2298 quasi
711 2223 857 2280 decernere
873 2231 901 2278 et
915 2223 1091 2278 constituere.

141 2305 207 2364 tan.
231 2309 295 2364 Cum
315 2325 382 2383 ergo
397 2309 434 2364 ita
448 2309 579 2378 scriptum
600 2311 649 2364 sit:
670 2321 772 2365 annas
793 2320 1013 2375 1181188810,
1038 2305 1093 2362 adi·

140 2408 203 2448 cere
218 2391 357 2448 dehemus:
381 2407 579 2458 onnnrroovn
601 2408 633 2450 nr
652 2407 776 2449 csnrvu
797 2406 909 2448 nraevs
931 2404 1093 2461 1110111118,

143 2491 257 2540 evauno
280 2490 368 2534 80188
390 2490 595 2540 rornnrsuvn.
639 2491 757 2540 uvonnr
779 2490 833 2532 rra
855 2489 1017 2545 cedrenus,
1039 2491 1092 2530 nx·

140 2575 243 2619 118888
264 2575 355 2620 saro.
399 2555 464 2620 166.
486 2559 517 2615 Et
532 2561 576 2634 qui
593 2559 632 2615 ita
654 2561 732 2616 heres
746 2561 888 2615 institutus
903 2566 957 2626 est,
982 2561 1005 2614 si
1028 2557 1093 2614 uelit

141 2644 222 2700 heres
238 2659 314 2710 esse,
337 2643 447 2700 debebit
461 2645 530 2700 intra
545 2643 615 2698 diem
630 2645 757 2700 cretionis
777 2659 900 2710 cernere,
923 2642 949 2697 id
971 2650 1013 2698 est
1027 2642 1095 2696 haec

142 2726 225 2784 uerba
240 2727 343 2785 dicere:
368 2743 451 2792 uvcu
466 2745 509 2784 ue
529 2741 661 2785 evemus
677 2741 794 2785 mamus
811 2741 1018 2783 resrnunnro
1035 2739 1093 2783 evo

140 2827 292 2869 uenenum
306 2827 477 2883 1nsr1rmr,
492 2827 556 2868 unu
570 2825 796 2868 annenrrarsu
814 2825 898 2866 auec
915 2824 1093 2878 casnedum

216 2977 236 3045 ¹)
254 2979 285 3030 tlt
297 2981 422 3046 piceaema
437 2979 586 3029 Mommaem’
599 2980 753 3029 auctoritate
768 2979 852 3028 omisit
865 2978 905 3027 ed.
919 2975 991 3027 stud.

213 3151 239 3223 ξ.
255 3158 315 3207 181.
331 3175 364 3198 =
378 3157 401 3217 5.
417 3167 437 3206 8.
462 3151 701 3219 Ltit.eit.(e,1a).
728 3153 765 3216 Of.
785 3153 840 3217 Uip.
855 3163 889 3215 88,
904 3163 936 3204 an.
951 3165 985 3210 ec,
1001 3164 1021 3204 r.
1040 3152 1095 3216 quia

141 3223 253 3292 ieminae]
270 3227 309 3289 Cf.
324 3239 345 3284 1,
359 3237 405 3277 151.
430 3225 485 3290 Ulp.
500 3235 534 3283 18,
549 3236 568 3276 t.
589 3225 651 3274 serui
667 3220 772 3290 quoque]
790 3223 828 3286 Of.
839 3233 916 3281 1,188.
971 3219 1094 3291 §§.162.

145 3301 204 3349 163.
219 3317 253 3338 =
267 3298 291 3358 ἓ.
306 3307 326 3348 5.
347 3295 368 3345 Ι.
385 3299 422 3346 tit.
438 3298 481 3345 cit.
503 3295 540 3358 Cf.
558 3295 632 3344 Paul.
647 3307 668 3354 a,
681 3290 717 3345 ab.
734 3296 757 3356 §-
773 3306 806 3344 11.
857 3289 882 3361 ἓ.
899 3295 958 3344 154.
980 3294 1018 3354 Of.
1038 3292 1093 3354 Uip.

141 3379 177 3430 11,
192 3378 225 3419 11.
250 3367 337 3418 Varro
351 3367 383 3416 de
397 3367 428 3426 L.
445 3366 477 3416 L.
492 3377 513 3424 t,
527 3376 547 3416 5.
562 3367 586 3428 ξ.
600 3377 634 3417 88.
658 3365 754 3434 isidor.
772 3363 843 3428 Orip.
858 3375 879 3421 5,
894 3375 927 3415 11.
947 3363 987 3423 ἐξ.
1003 3373 1028 3412 15
1042 3376 1093 3424 aeq.

142 3433 168 3506 ξ.
186 3440 244 3489 165.
266 3437 403 3500 015111.
432 3437 485 3500 Uip.
502 3439 518 3485 l.
534 3453 555 3486 c.
577 3435 663 3486 Varro
682 3437 713 3485 de
728 3435 759 3484 L.
775 3435 806 3484 L.
822 3446 842 3490 8,
857 3445 877 3484 8.
898 3435 921 3494 §-
936 3443 970 3482 81.
992 3431 1043 3480 Cic.
1063 3431 1095 3479 de

142 3516 210 3558 orat.
225 3521 246 3566 r,
261 3519 295 3558 ee.
310 3510 333 3570 §-
349 3520 394 3558 rcr.
481 3503 506 3575 ξ.
523 3510 581 3558 168.
607 3506 645 3570 Of.
665 3505 719 3568 tltp.
734 3517 768 3564 88,
784 3516 817 3557 as.
832 3515 866 3555 ae.
881 3514 914 3556 88.
936 3500 1002 3552 Fece.
1017 3515 1055 3564 ep.
1071 3516 1094 3548 υ.

145 3579 220 3628 Greci
230 3595 257 3642 p.
273 3590 306 3630 51.
328 3579 475 3636 Consules,
491 3589 523 3629 19.
542 3579 565 3636 ,6.
576 3589 596 3628 t.
614 3576 633 3626 I.
649 3577 681 3626 de
694 3577 748 3625 her.
764 3577 832 3640 qual.
848 3572 879 3638 (1,
890 3571 934 3639 18).

850 3653 903 3712 ii*
