2692 4114
840 87 849 113 d

366 238 471 274 nourrn
489 237 595 275 verunt
612 237 710 274 rutero
729 221 776 275 XI.
795 226 873 276 2-8.
1034 219 1099 286 583

145 369 346 437 infirmitatem
367 368 472 424 feminis
495 375 583 423 antem
608 365 685 443 (tum)
707 368 881 442 impuberibus
898 385 977 444 quam
992 369 1099 444 puberi·

146 453 196 510 bus
212 461 238 508 et
254 461 367 526 propter
381 467 461 508 serus
478 451 659 508 infirmitatem
675 459 702 507 et
717 461 830 526 propter
845 453 992 511 sorensium
1008 470 1099 511 rerum

146 538 336 612 ignorantiam.

75 621 136 671 [4⁸⁷]
209 619 238 678 2.
263 613 399 677 ¹Tut0res
415 627 461 675 aut
477 619 589 692 legitimi
605 627 684 689 sunt,
700 626 746 674 aut
762 628 871 676 senatus
887 621 1019 677 consultis
1035 637 1100 678 con·

146 705 254 776 stituti,
267 713 313 760 aut
329 703 448 759 moribus
463 703 622 759 introducti.

209 783 238 844 8.
268 781 409 860 ²Legitlmi
432 794 538 843 tutores
564 794 642 862 sunt,
662 779 857 859 'quicunque3
879 803 912 842 ex
932 787 994 860 lege
1013 787 1100 860 aliqua

146 871 331 938 descendunt;
357 887 406 944 per
427 872 597 927 eminentiam
623 878 712 926 autem
734 870 848 944 legitimi
871 870 997 926 dicuntur
1024 869 1100 945 'lege

147 955 288 1012 duodecim
311 954 462 1012 tabularum
483 947 660 1023 introducti,4
682 969 730 1009 seu
745 954 901 1028 propalam,
924 955 1015 1027 quales
1038 963 1101 1010 sunt

147 1041 256 1113 agnati,
286 1056 335 1095 seu
362 1055 412 1114 per
439 1040 673 1112 consequentiam,
702 1037 794 1110 quales
817 1046 881 1093 sunt
908 1040 1027 1111 patroni.
1070 1035 1099 1096 4.

147 1118 264 1196 ingrati
280 1131 373 1178 sunta
388 1132 465 1196 patre
480 1123 587 1192 cognati
603 1121 687 1177 uirilis
702 1137 797 1190 sexus,
819 1137 868 1194 per
887 1121 992 1177 uirilem
1007 1137 1101 1177 sexum

147 1206 356 1276 descendentes,
376 1206 494 1262 eiusdem
511 1205 640 1276 lamiliae,
662 1204 737 1261 uelut
753 1223 771 1260 α
788 1200 883 1278 (putre
895 1205 1033 1276 fratres)
1054 1223 1102 1280 pa·

147 1291 219 1358 trui,
238 1289 328 1344 iratris
344 1288 408 1359 lilii,
428 1289 522 1344 iratres
538 1281 698 1361 patrueles.⁶

211 1365 309 1429 ***⁷
331 1369 360 1428 d.
383 1370 433 1438 Qui
449 1371 561 1426 liberum
581 1381 678 1446 caput,
698 1373 876 1446 mancipatum
898 1371 948 1428 sihi
964 1372 1009 1428 uel
1024 1389 1039 1428 a
1054 1389 1101 1447 pa-

148 1462 225 1511 rente
247 1455 291 1510 uel
317 1472 331 1510 a
354 1456 600 1528 coemptionutore,
628 1457 796 1528 manumisit,
824 1471 872 1529 per
900 1455 1101 1514 similitudinem

148 1539 256 1612 patroni
271 1546 346 1594 tutor
361 1536 495 1610 elicitur,
512 1541 558 1613 qui
573 1537 726 1595 fiduciarius
743 1547 819 1594 tutor
834 1536 1010 1613 appellatur.⁸

212 1617 241 1680 6.
265 1616 406 1696 9legitimi
427 1631 533 1680 tutores
553 1623 597 1680 alli
613 1623 725 1679 tutelam
740 1625 767 1678 in
783 1624 841 1678 iure
861 1624 955 1679 cedere
975 1632 1101 1696 possunt.

147 1701 176 1762 7.
201 1699 271 1778 ¹⁰ls,
295 1709 338 1764 cui
359 1708 442 1764 tutela
458 1710 484 1763 in
500 1709 557 1763 iure
573 1723 649 1762 cessa
670 1714 725 1775 est,
749 1707 879 1761 cessicius
895 1713 970 1760 tutor
985 1707 1101 1781 appella·

148 1797 206 1856 tur3
229 1793 275 1864 qui
290 1794 348 1848 siue
363 1801 486 1848 mortuus
508 1791 602 1860 luerit,
626 1792 684 1845 siue
705 1789 792 1861 capite
813 1790 942 1858 minutus,
959 1781 963 1866 Ι
979 1791 1036 1844 siue
1057 1789 1100 1846 alii
1114 1794 1208 1862 194hp

148 1875 259 1930 tutelam
280 1891 367 1947 porro
389 1876 518 1943 cesserit,
544 1872 613 1928 redit
635 1872 667 1927 ad
690 1869 842 1944 legitimum
863 1879 982 1926 tutorem
1006 1873 1099 1930 tutela.

147 1957 195 2010 sed
210 1965 238 2011 et
254 1959 276 2012 si
291 1958 429 2030 legitimus
445 1957 593 2012 decesserit
608 1964 653 2010 sut
668 1957 755 2026 capite
771 1955 890 2010 minutus
907 1955 1002 2025 luerit,
1019 1958 1101 2012 cessi·

146 2039 187 2094 cia
202 2055 310 2111 quoque
328 2040 410 2094 tutela
426 2039 601 2110 extinguitur.
631 2037 661 2094 8.
684 2031 705 2070 ¹¹
715 2035 849 2104 Quantum
864 2037 897 2092 ad
912 2047 1026 2110 agnatos
1041 2055 1102 2113 per-

221 2229 240 2296 1)
253 2231 442 2294 OfiGur'.1,188.
482 2227 502 2296 ²)
515 2231 553 2294 Of.
564 2231 620 2280 Gai.
632 2241 706 2290 1‚155.
746 2227 766 2296 Β)
780 2229 909 2280 Omittitur
919 2235 945 2278 in
961 2231 1019 2281 Vnt.
1033 2227 1099 2296 ‘qui'

147 2305 330 2366 suppleverunt
338 2301 396 2351 edd.
414 2301 468 2351 Sed
476 2302 537 2350 mili
547 2317 703 2366 persuasum
712 2310 756 2360 est,
769 2317 844 2351 voees
853 2303 893 2365 qui
905 2315 940 2358 er,
951 2317 1016 2366 quae
1026 2317 1101 2353 uersu

148 2373 241 2422 abhinc
251 2374 328 2421 tertio
334 2379 395 2435 post
403 2375 531 2436 leguntur,
541 2373 602 2421 ilinc
614 2388 643 2423 eu
654 2375 797 2422 translatus
805 2379 829 2420 el
839 2388 873 2421 erc
883 2372 953 2436 quiic'p
963 2381 1102 2437 corruptas

148 2459 202 2494 esse
212 2443 248 2492 ud
256 2443 448 2492 similitudinem
457 2444 561 2492 illorum
571 2458 599 2492 ex
609 2443 659 2505 lege
671 2443 760 2506 aliqua3
773 2458 853 2506 neque
863 2445 930 2492 enim
938 2445 1020 2493 solum
1032 2441 1098 2508 ‘qui'

148 2520 236 2564 nostro
252 2515 308 2563 loeo
321 2513 427 2576 suffieit,
442 2529 522 2577 neque
537 2529 564 2562 ex
579 2515 629 2576 lege
644 2514 763 2563 introduci
777 2528 806 2564 eo
820 2528 904 2572 sensu,
919 2515 963 2578 qui
976 2514 1019 2564 dic
1033 2515 1100 2565 desi·

147 2585 270 2645 deretur,
285 2590 355 2634 reete
369 2585 474 2633 dieitur.
540 2581 561 2650 ⁴)
576 2585 615 2648 qui
631 2599 657 2632 er
673 2585 724 2646 lege
739 2583 864 2632 duodecim
879 2584 1011 2634 tabularum
1025 2586 1101 2634 intro-

148 2653 266 2702 ducuntur
286 2653 344 2703 Vnt.
366 2655 423 2703 edd.
444 2662 469 2703 et
486 2653 653 2725 unnotpmm'pc
672 2657 718 2704 illu
738 2655 895 2703 dicuntur-
911 2655 1100 2717 introducuntur,

147 2731 173 2772 et
182 2731 320 2787 praesente
334 2725 407 2774 modo
422 2727 501 2788 plane
520 2727 605 2788 inepto
625 2726 713 2774 uitium
726 2725 865 2788 prodente,
887 2725 955 2788 quod
968 2725 1100 2776 uocabulis

147 2795 187 2858 qui
202 2809 230 2842 ex
243 2794 293 2843 due
307 2797 372 2844 male
386 2797 523 2844 translatis
537 2797 661 2860 originem
676 2795 755 2845 debet.
812 2793 832 2860 δ)
850 2795 888 2858 Of.
906 2795 963 2847 Gai.
979 2809 999 2853 1,
1014 2806 1060 2848 156.
1075 2804 1101 2845 et

146 2865 221 2927 infra
230 2875 264 2926 ac,
275 2877 295 2915 1.
343 2861 365 2930 ⁶)
379 2865 453 2914 ueluti
467 2867 547 2929 patrui
560 2867 654 2914 iratres.
670 2866 713 2914 lilii
728 2866 812 2914 iratres
822 2866 936 2928 patruelis
952 2865 1010 2916 Vnt.
1025 2867 1100 2916 ueluti

146 2935 237 2998 patrui,
252 2935 351 2996 fratres,
366 2935 408 2984 lllii
423 2937 516 2997 iratris,
531 2937 651 2999 patrueles
670 2937 710 2984 ed.
724 2935 772 3000 Bp.
791 2935 926 2998 Ulpianum
940 2952 987 2986 nec
1001 2943 1099 3000 patruos

146 3012 206 3055 ante
220 3006 315 3066 iratres,
329 3020 376 3054 nec
391 3007 476 3054 tratres
490 3009 649 3068 simpliciter,
665 3021 712 3056 nec
726 3007 768 3054 tuit
782 3007 862 3055 [ratris
873 3007 935 3071 (pro
946 3008 1026 3056 lrutris
1036 3005 1099 3073 lilii),

146 3090 193 3124 nec
207 3076 326 3138 patrueles
345 3083 441 3124 tantum
457 3075 556 3141 (quales
574 3079 650 3125 etium
662 3091 766 3126 sorores
783 3075 853 3142 sunt)
872 3079 960 3127 dicere
975 3079 1099 3142 potuisse,

142 3147 233 3209 pulum
246 3153 292 3195 est.
320 3144 374 3194 Sed
387 3153 412 3195 et
426 3149 514 3195 uitium
528 3162 563 3196 erc
576 3147 744 3196 similitudine
762 3162 816 3197 uoe.
831 3155 899 3210 patre
914 3150 999 3196 iratres
1014 3156 1039 3198 et
1057 3163 1098 3211 pa·

144 3217 193 3264 trui
213 3215 292 3264 iratris
309 3217 392 3278 facile
413 3219 481 3266 oriri
498 3219 614 3281 potuisse
636 3225 754 3281 apparet.
792 3217 831 3280 Os.
853 3233 997 3281 comparem
1017 3221 1099 3268 locum

145 3287 169 3348 ἓ.
185 3298 205 3336 1.
224 3285 247 3334 I.
262 3287 293 3335 de
308 3287 377 3351 legit.
396 3301 455 3352 agn.
475 3302 545 3337 suec.
565 3286 600 3353 (s,
615 3286 648 3353 r).
713 3285 733 3353 ⁷)
749 3288 902 3346 Perierunt,
920 3303 986 3350 quae
1007 3285 1063 3340 Gai.
1079 3301 1099 3349 1,

145 3367 193 3407 164.
208 3366 254 3408 tot.
274 3357 430 3416 tradiderat,
445 3365 470 3408 et
484 3360 556 3408 locus
570 3359 602 3408 de
616 3360 729 3424 legitima
740 3360 860 3422 parentis
874 3359 961 3406 tutela.
1023 3354 1044 3422 8)
1060 3357 1099 3420 Of.

147 3425 205 3474 dat.
220 3439 245 3484 1,
260 3437 307 3478 16⁰.
335 3425 389 3477 Sed
407 3435 431 3478 et
448 3429 480 3478 de
498 3429 548 3478 nae
567 3432 647 3479 tutela
665 3427 798 3492 Ulpianum
813 3429 894 3490 plura
909 3427 1008 3475 dimisse
1026 3434 1099 3489 puto.

147 3495 185 3558 Of.
204 3495 261 3545 Gai.
276 3509 296 3554 1,
311 3508 359 3548 rra.
424 3496 445 3564 ⁰)
462 3497 501 3562 Of.
518 3498 575 3549 dat.
591 3513 610 3558 1,
626 3511 672 3551 res.
740 3495 1062 3564 ²⁰)0fitlut.1,1ts.1ru.

148 3561 181 3630 ¹¹)
197 3565 235 3629 Of.
253 3567 309 3616 Gai.
325 3581 406 3630 1,1r1.
