<?xml version="1.0" encoding="UTF-8"?>
<!DOCTYPE html PUBLIC "-//W3C//DTD XHTML 1.0 Transitional//EN"
    "http://www.w3.org/TR/xhtml1/DTD/xhtml1-transitional.dtd">
<html xmlns="http://www.w3.org/1999/xhtml" xml:lang="en" lang="en">
 <head>
  <title>
</title>
<meta http-equiv="Content-Type" content="text/html;charset=utf-8" />
  <meta name='ocr-system' content='tesseract 3.04.00' />
  <meta name='ocr-capabilities' content='ocr_page ocr_carea ocr_par ocr_line ocrx_word'/>
</head>
<body>
  <div class='ocr_page' id='page_1' title='image "./ivrisprvdentiae00huscgoog_0358.png"; bbox 0 0 2696 4120; ppageno 0'>
   <div class='ocr_carea' id='block_1_1' title="bbox 225 204 912 273">
    <p class='ocr_par' dir='ltr' id='par_1_1' title="bbox 225 204 912 273">
     <span class='ocr_line' id='line_1_1' title="bbox 225 204 912 273; baseline -0.007 -8"><span class='ocrx_word' id='word_1_1' title='bbox 225 209 289 273; x_wconf 85' lang='lat'>334</span> <span class='ocrx_word' id='word_1_2' title='bbox 507 222 565 259; x_wconf 75' lang='lat' dir='ltr'>usn</span> <span class='ocrx_word' id='word_1_3' title='bbox 583 221 683 259; x_wconf 81' lang='lat' dir='ltr'>rusurr.</span> <span class='ocrx_word' id='word_1_4' title='bbox 701 204 751 261; x_wconf 88' lang='lat' dir='ltr'>Ill.</span> <span class='ocrx_word' id='word_1_5' title='bbox 770 209 912 260; x_wconf 78' lang='lat' dir='ltr'>ost-196.</span> 
     </span>
    </p>
   </div>
   <div class='ocr_carea' id='block_1_2' title="bbox 226 363 1194 527">
    <p class='ocr_par' dir='ltr' id='par_1_2' title="bbox 226 363 1194 527">
     <span class='ocr_line' id='line_1_2' title="bbox 226 363 1194 442; baseline -0.004 -18"><span class='ocrx_word' id='word_1_6' title='bbox 226 365 373 442; x_wconf 89' lang='lat' dir='ltr'>prohibet,</span> <span class='ocrx_word' id='word_1_7' title='bbox 395 365 419 421; x_wconf 92' lang='lat' dir='ltr'>is</span> <span class='ocrx_word' id='word_1_8' title='bbox 442 373 469 420; x_wconf 93' lang='lat' dir='ltr'>et</span> <span class='ocrx_word' id='word_1_9' title='bbox 490 364 594 422; x_wconf 89' lang='lat' dir='ltr'>nudum</span> <span class='ocrx_word' id='word_1_10' title='bbox 609 381 739 439; x_wconf 78' lang='lat' dir='ltr'>quaerere</span> <span class='ocrx_word' id='word_1_11' title='bbox 759 363 953 440; x_wconf 78' lang='lat' dir='ltr'><strong>prohibiturus</strong></span> <span class='ocrx_word' id='word_1_12' title='bbox 969 373 1028 435; x_wconf 88' lang='lat' dir='ltr'>est,</span> <span class='ocrx_word' id='word_1_13' title='bbox 1051 379 1083 420; x_wconf 92' lang='lat' dir='ltr'>eo</span> <span class='ocrx_word' id='word_1_14' title='bbox 1107 367 1194 439; x_wconf 78' lang='lat' dir='ltr'>magis</span> 
     </span>
     <span class='ocr_line' id='line_1_3' title="bbox 228 440 1191 527; baseline -0.004 -19"><span class='ocrx_word' id='word_1_15' title='bbox 228 450 301 525; x_wconf 86' lang='lat' dir='ltr'>quod</span> <span class='ocrx_word' id='word_1_16' title='bbox 317 449 354 506; x_wconf 88' lang='lat' dir='ltr'>ita</span> <span class='ocrx_word' id='word_1_17' title='bbox 369 449 495 522; x_wconf 85' lang='lat' dir='ltr'>quaesita</span> <span class='ocrx_word' id='word_1_18' title='bbox 510 447 550 504; x_wconf 88' lang='lat' dir='ltr'>&#39;re</span> <span class='ocrx_word' id='word_1_19' title='bbox 565 440 633 527; x_wconf 84' lang='lat' dir='ltr'>(et)¹</span> <span class='ocrx_word' id='word_1_20' title='bbox 658 452 768 506; x_wconf 90' lang='lat' dir='ltr'>iuuenta</span> <span class='ocrx_word' id='word_1_21' title='bbox 791 451 886 506; x_wconf 88' lang='lat' dir='ltr'>maiori</span> <span class='ocrx_word' id='word_1_22' title='bbox 904 464 1009 522; x_wconf 89' lang='lat' dir='ltr'>poenae</span> <span class='ocrx_word' id='word_1_23' title='bbox 1031 447 1191 508; x_wconf 84' lang='lat' dir='ltr'>subiciatur.</span> 
     </span>
    </p>
   </div>
   <div class='ocr_carea' id='block_1_3' title="bbox 161 527 1195 2382">
    <p class='ocr_par' dir='ltr' id='par_1_3' title="bbox 227 527 1195 1535">
     <span class='ocr_line' id='line_1_4' title="bbox 228 527 1192 608; baseline -0.001 -17"><span class='ocrx_word' id='word_1_24' title='bbox 228 534 325 592; x_wconf 88' lang='lat' dir='ltr'>deinde</span> <span class='ocrx_word' id='word_1_25' title='bbox 342 533 415 608; x_wconf 89' lang='lat' dir='ltr'>quod</span> <span class='ocrx_word' id='word_1_26' title='bbox 430 533 535 590; x_wconf 91' lang='lat' dir='ltr'>lancem</span> <span class='ocrx_word' id='word_1_27' title='bbox 550 535 610 590; x_wconf 83' lang='lat' dir='ltr'>siue</span> <span class='ocrx_word' id='word_1_28' title='bbox 630 533 692 590; x_wconf 92' lang='lat' dir='ltr'>ideo</span> <span class='ocrx_word' id='word_1_29' title='bbox 709 533 818 590; x_wconf 87' lang='lat' dir='ltr'>’habere</span> <span class='ocrx_word' id='word_1_30' title='bbox 841 527 996 604; x_wconf 81' lang='lat' dir='ltr'>iubeatur,²</span> <span class='ocrx_word' id='word_1_31' title='bbox 1018 541 1049 590; x_wconf 94' lang='lat' dir='ltr'>ut</span> <span class='ocrx_word' id='word_1_32' title='bbox 1069 532 1192 590; x_wconf 90' lang='lat' dir='ltr'>manibus</span> 
     </span>
     <span class='ocr_line' id='line_1_5' title="bbox 227 611 1195 693; baseline -0.002 -17"><span class='ocrx_word' id='word_1_33' title='bbox 227 611 395 693; x_wconf 76' lang='lat' dir='ltr'>’occupatis³</span> <span class='ocrx_word' id='word_1_34' title='bbox 406 617 474 674; x_wconf 88' lang='lat' dir='ltr'>nihil</span> <span class='ocrx_word' id='word_1_35' title='bbox 484 616 646 689; x_wconf 85' lang='lat' dir='ltr'>subiciatur,</span> <span class='ocrx_word' id='word_1_36' title='bbox 660 619 718 674; x_wconf 93' lang='lat' dir='ltr'>siue</span> <span class='ocrx_word' id='word_1_37' title='bbox 729 617 802 688; x_wconf 87' lang='lat' dir='ltr'>ideo,</span> <span class='ocrx_word' id='word_1_38' title='bbox 816 626 845 674; x_wconf 96' lang='lat' dir='ltr'>ut</span> <span class='ocrx_word' id='word_1_39' title='bbox 855 617 928 692; x_wconf 91' lang='lat' dir='ltr'>quod</span> <span class='ocrx_word' id='word_1_40' title='bbox 940 619 1085 692; x_wconf 84' lang='lat' dir='ltr'>inuenerit,</span> <span class='ocrx_word' id='word_1_41' title='bbox 1098 618 1135 674; x_wconf 93' lang='lat' dir='ltr'>ibi</span> <span class='ocrx_word' id='word_1_42' title='bbox 1145 619 1195 674; x_wconf 89' lang='lat' dir='ltr'>im·</span> 
     </span>
     <span class='ocr_line' id='line_1_6' title="bbox 228 693 1194 780; baseline -0.002 -20"><span class='ocrx_word' id='word_1_43' title='bbox 228 712 323 778; x_wconf 86' lang='lat' dir='ltr'>ponat,</span> <span class='ocrx_word' id='word_1_44' title='bbox 338 710 465 758; x_wconf 89' lang='lat' dir='ltr'>neutrum</span> <span class='ocrx_word' id='word_1_45' title='bbox 481 717 576 758; x_wconf 87' lang='lat' dir='ltr'>eorum</span> <span class='ocrx_word' id='word_1_46' title='bbox 592 702 726 776; x_wconf 85' lang='lat' dir='ltr'>procedit,</span> <span class='ocrx_word' id='word_1_47' title='bbox 742 702 765 758; x_wconf 93' lang='lat' dir='ltr'>si</span> <span class='ocrx_word' id='word_1_48' title='bbox 779 702 817 773; x_wconf 91' lang='lat' dir='ltr'>id,</span> <span class='ocrx_word' id='word_1_49' title='bbox 838 701 911 775; x_wconf 91' lang='lat' dir='ltr'><strong>quod</strong></span> <span class='ocrx_word' id='word_1_50' title='bbox 927 693 1119 780; x_wconf 62' lang='lat' dir='ltr'>(puoelratum</span> <span class='ocrx_word' id='word_1_51' title='bbox 1135 705 1194 758; x_wconf 88' lang='lat' dir='ltr'>eius</span> 
     </span>
     <span class='ocr_line' id='line_1_7' title="bbox 229 785 1193 862; baseline -0.004 -16"><span class='ocrx_word' id='word_1_52' title='bbox 229 786 422 862; x_wconf 79' lang='lat' dir='ltr'><strong>magnitudinis</strong></span> <span class='ocrx_word' id='word_1_53' title='bbox 437 795 484 843; x_wconf 93' lang='lat' dir='ltr'>aut</span> <span class='ocrx_word' id='word_1_54' title='bbox 499 793 611 844; x_wconf 86' lang='lat' dir='ltr'>naturae</span> <span class='ocrx_word' id='word_1_55' title='bbox 626 789 672 856; x_wconf 89' lang='lat' dir='ltr'>sit,</span> <span class='ocrx_word' id='word_1_56' title='bbox 692 795 722 842; x_wconf 96' lang='lat' dir='ltr'>ut</span> <span class='ocrx_word' id='word_1_57' title='bbox 737 803 826 859; x_wconf 87' lang='lat' dir='ltr'>neque</span> <span class='ocrx_word' id='word_1_58' title='bbox 841 785 926 844; x_wconf 81' lang='lat' dir='ltr'>subiet</span> <span class='ocrx_word' id='word_1_59' title='bbox 942 802 1031 860; x_wconf 87' lang='lat' dir='ltr'>nequo</span> <span class='ocrx_word' id='word_1_60' title='bbox 1046 785 1083 842; x_wconf 91' lang='lat' dir='ltr'>ihi</span> <span class='ocrx_word' id='word_1_61' title='bbox 1098 788 1193 860; x_wconf 83' lang='lat' dir='ltr'>inponi</span> 
     </span>
     <span class='ocr_line' id='line_1_8' title="bbox 228 870 1191 947; baseline -0.003 -18"><span class='ocrx_word' id='word_1_62' title='bbox 228 873 327 947; x_wconf 90' lang='lat' dir='ltr'>possit.</span> <span class='ocrx_word' id='word_1_63' title='bbox 359 879 432 930; x_wconf 87' lang='lat' dir='ltr'>certe</span> <span class='ocrx_word' id='word_1_64' title='bbox 448 887 503 928; x_wconf 90' lang='lat' dir='ltr'>non</span> <span class='ocrx_word' id='word_1_65' title='bbox 518 870 666 942; x_wconf 87' lang='lat' dir='ltr'>dubitatur,</span> <span class='ocrx_word' id='word_1_66' title='bbox 682 871 879 945; x_wconf 83' lang='lat' dir='ltr'>cuiuscumque</span> <span class='ocrx_word' id='word_1_67' title='bbox 892 871 1018 927; x_wconf 89' lang='lat' dir='ltr'>materiae</span> <span class='ocrx_word' id='word_1_68' title='bbox 1028 872 1064 928; x_wconf 87' lang='lat' dir='ltr'>sit</span> <span class='ocrx_word' id='word_1_69' title='bbox 1076 887 1106 928; x_wconf 87' lang='lat' dir='ltr'>ea</span> <span class='ocrx_word' id='word_1_70' title='bbox 1120 871 1191 936; x_wconf 80' lang='lat' dir='ltr'>lanx,</span> 
     </span>
     <span class='ocr_line' id='line_1_9' title="bbox 228 949 1194 1030; baseline -0.004 -16"><span class='ocrx_word' id='word_1_71' title='bbox 228 959 295 1014; x_wconf 91' lang='lat' dir='ltr'>satis</span> <span class='ocrx_word' id='word_1_72' title='bbox 311 956 366 1030; x_wconf 77' lang='lat' dir='ltr'>legi</span> <span class='ocrx_word' id='word_1_73' title='bbox 382 953 452 1012; x_wconf 83' lang='lat' dir='ltr'>fieri.</span> <span class='ocrx_word' id='word_1_74' title='bbox 483 949 549 1012; x_wconf 84' lang='grc'><strong>194.</strong></span> <span class='ocrx_word' id='word_1_75' title='bbox 565 955 683 1029; x_wconf 80' lang='lat' dir='ltr'>Propter</span> <span class='ocrx_word' id='word_1_76' title='bbox 698 955 752 1011; x_wconf 88' lang='lat' dir='ltr'>hoo</span> <span class='ocrx_word' id='word_1_77' title='bbox 767 964 867 1027; x_wconf 90' lang='lat' dir='ltr'>tamen,</span> <span class='ocrx_word' id='word_1_78' title='bbox 883 955 955 1028; x_wconf 91' lang='lat' dir='ltr'>quod</span> <span class='ocrx_word' id='word_1_79' title='bbox 970 955 1013 1012; x_wconf 81' lang='lat' dir='ltr'>lex</span> <span class='ocrx_word' id='word_1_80' title='bbox 1025 971 1056 1010; x_wconf 82' lang='lat' dir='ltr'>ex</span> <span class='ocrx_word' id='word_1_81' title='bbox 1068 971 1099 1012; x_wconf 88' lang='lat' dir='ltr'>ea</span> <span class='ocrx_word' id='word_1_82' title='bbox 1114 971 1194 1011; x_wconf 86' lang='lat' dir='ltr'>eausa</span> 
     </span>
     <span class='ocr_line' id='line_1_10' title="bbox 228 1038 1193 1113; baseline -0.001 -16"><span class='ocrx_word' id='word_1_83' title='bbox 228 1040 401 1098; x_wconf 76' lang='lat' dir='ltr'>manifestum</span> <span class='ocrx_word' id='word_1_84' title='bbox 430 1039 533 1096; x_wconf 85' lang='lat' dir='ltr'>lurtum</span> <span class='ocrx_word' id='word_1_85' title='bbox 556 1055 617 1096; x_wconf 87' lang='lat' dir='ltr'>esse</span> <span class='ocrx_word' id='word_1_86' title='bbox 638 1038 728 1109; x_wconf 88' lang='lat' dir='ltr'>iubet,</span> <span class='ocrx_word' id='word_1_87' title='bbox 751 1049 832 1112; x_wconf 90' lang='lat' dir='ltr'>suut,</span> <span class='ocrx_word' id='word_1_88' title='bbox 861 1042 908 1113; x_wconf 86' lang='lat' dir='ltr'>qui</span> <span class='ocrx_word' id='word_1_89' title='bbox 929 1038 1067 1108; x_wconf 81' lang='lat' dir='ltr'>scribunt,</span> <span class='ocrx_word' id='word_1_90' title='bbox 1090 1041 1193 1096; x_wconf 87' lang='lat' dir='ltr'>lurtum</span> 
     </span>
     <span class='ocr_line' id='line_1_11' title="bbox 229 1115 1193 1202; baseline -0.002 -20"><span class='ocrx_word' id='word_1_91' title='bbox 229 1125 399 1182; x_wconf 80' lang='lat' dir='ltr'>manifestum</span> <span class='ocrx_word' id='word_1_92' title='bbox 422 1132 468 1180; x_wconf 91' lang='lat' dir='ltr'>aut</span> <span class='ocrx_word' id='word_1_93' title='bbox 490 1124 553 1198; x_wconf 79' lang='lat' dir='ltr'>lege</span> <span class='ocrx_word' id='word_1_94' title='bbox 574 1115 757 1202; x_wconf 76' lang='lat' dir='ltr'>²(tntettept)⁴</span> <span class='ocrx_word' id='word_1_95' title='bbox 779 1132 826 1180; x_wconf 89' lang='lat' dir='ltr'>aut</span> <span class='ocrx_word' id='word_1_96' title='bbox 841 1133 950 1198; x_wconf 80' lang='lat' dir='ltr'>natura3</span> <span class='ocrx_word' id='word_1_97' title='bbox 974 1123 1037 1198; x_wconf 76' lang='lat' dir='ltr'>tege</span> <span class='ocrx_word' id='word_1_98' title='bbox 1052 1124 1078 1180; x_wconf 96' lang='lat' dir='ltr'>id</span> <span class='ocrx_word' id='word_1_99' title='bbox 1092 1126 1193 1198; x_wconf 90' lang='lat' dir='ltr'>ipsum,</span> 
     </span>
     <span class='ocr_line' id='line_1_12' title="bbox 228 1208 1191 1284; baseline 0 -18"><span class='ocrx_word' id='word_1_100' title='bbox 228 1209 262 1266; x_wconf 92' lang='lat' dir='ltr'>de</span> <span class='ocrx_word' id='word_1_101' title='bbox 282 1225 337 1284; x_wconf 89' lang='lat' dir='ltr'>quo</span> <span class='ocrx_word' id='word_1_102' title='bbox 358 1209 509 1281; x_wconf 67' lang='lat' dir='ltr'>lequinium</span> <span class='ocrx_word' id='word_1_103' title='bbox 531 1216 628 1264; x_wconf 91' lang='lat' dir='ltr'>natura</span> <span class='ocrx_word' id='word_1_104' title='bbox 643 1208 721 1280; x_wconf 86' lang='lat' dir='ltr'>illud,</span> <span class='ocrx_word' id='word_1_105' title='bbox 742 1208 776 1264; x_wconf 91' lang='lat' dir='ltr'>de</span> <span class='ocrx_word' id='word_1_106' title='bbox 796 1226 851 1282; x_wconf 89' lang='lat' dir='ltr'>quo</span> <span class='ocrx_word' id='word_1_107' title='bbox 867 1209 992 1282; x_wconf 89' lang='lat' dir='ltr'>superius</span> <span class='ocrx_word' id='word_1_108' title='bbox 1008 1210 1191 1282; x_wconf 82' lang='lat' dir='ltr'><strong>exposuimus.</strong></span> 
     </span>
     <span class='ocr_line' id='line_1_13' title="bbox 228 1293 1192 1366; baseline -0.002 -16"><span class='ocrx_word' id='word_1_109' title='bbox 228 1293 277 1350; x_wconf 90' lang='lat' dir='ltr'>sed</span> <span class='ocrx_word' id='word_1_110' title='bbox 297 1294 389 1350; x_wconf 89' lang='lat' dir='ltr'>uerius</span> <span class='ocrx_word' id='word_1_111' title='bbox 411 1302 468 1365; x_wconf 86' lang='lat' dir='ltr'>est,</span> <span class='ocrx_word' id='word_1_112' title='bbox 491 1301 588 1348; x_wconf 90' lang='lat' dir='ltr'>natura</span> <span class='ocrx_word' id='word_1_113' title='bbox 610 1301 713 1348; x_wconf 92' lang='lat' dir='ltr'>tautum</span> <span class='ocrx_word' id='word_1_114' title='bbox 735 1293 907 1350; x_wconf 85' lang='lat' dir='ltr'>manifestum</span> <span class='ocrx_word' id='word_1_115' title='bbox 928 1293 1031 1349; x_wconf 86' lang='lat' dir='ltr'>lurtum</span> <span class='ocrx_word' id='word_1_116' title='bbox 1052 1293 1192 1366; x_wconf 77' lang='lat' dir='ltr'>intellegi3</span> 
     </span>
     <span class='ocr_line' id='line_1_14' title="bbox 228 1377 1193 1451; baseline 0.001 -19"><span class='ocrx_word' id='word_1_117' title='bbox 228 1393 318 1450; x_wconf 87' lang='lat' dir='ltr'>neque</span> <span class='ocrx_word' id='word_1_118' title='bbox 334 1379 404 1432; x_wconf 87' lang='lat' dir='ltr'>euim</span> <span class='ocrx_word' id='word_1_119' title='bbox 420 1377 463 1434; x_wconf 80' lang='lat' dir='ltr'>lex</span> <span class='ocrx_word' id='word_1_120' title='bbox 483 1377 573 1432; x_wconf 86' lang='lat' dir='ltr'>iacere</span> <span class='ocrx_word' id='word_1_121' title='bbox 595 1384 702 1450; x_wconf 90' lang='lat' dir='ltr'>potest,</span> <span class='ocrx_word' id='word_1_122' title='bbox 727 1386 757 1434; x_wconf 91' lang='lat' dir='ltr'>ut</span> <span class='ocrx_word' id='word_1_123' title='bbox 780 1379 827 1451; x_wconf 89' lang='lat' dir='ltr'>qui</span> <span class='ocrx_word' id='word_1_124' title='bbox 843 1377 1002 1434; x_wconf 81' lang='lat' dir='ltr'>manifestus</span> <span class='ocrx_word' id='word_1_125' title='bbox 1018 1377 1061 1434; x_wconf 88' lang='lat' dir='ltr'>iur</span> <span class='ocrx_word' id='word_1_126' title='bbox 1077 1379 1193 1450; x_wconf 79' lang='lat' dir='ltr'>nonsit,</span> 
     </span>
     <span class='ocr_line' id='line_1_15' title="bbox 229 1461 1194 1535; baseline 0.001 -19"><span class='ocrx_word' id='word_1_127' title='bbox 229 1461 390 1518; x_wconf 87' lang='lat' dir='ltr'>maullestus</span> <span class='ocrx_word' id='word_1_128' title='bbox 402 1462 446 1532; x_wconf 86' lang='lat' dir='ltr'>sit,</span> <span class='ocrx_word' id='word_1_129' title='bbox 463 1476 519 1517; x_wconf 91' lang='lat' dir='ltr'>non</span> <span class='ocrx_word' id='word_1_130' title='bbox 531 1462 615 1535; x_wconf 80' lang='lat' dir='ltr'>magis</span> <span class='ocrx_word' id='word_1_131' title='bbox 632 1477 710 1534; x_wconf 88' lang='lat' dir='ltr'>quam</span> <span class='ocrx_word' id='word_1_132' title='bbox 723 1463 769 1534; x_wconf 94' lang='lat' dir='ltr'>qui</span> <span class='ocrx_word' id='word_1_133' title='bbox 780 1463 890 1520; x_wconf 90' lang='lat' dir='ltr'>omuino</span> <span class='ocrx_word' id='word_1_134' title='bbox 902 1461 946 1518; x_wconf 86' lang='lat' dir='ltr'>sur</span> <span class='ocrx_word' id='word_1_135' title='bbox 958 1478 1013 1518; x_wconf 94' lang='lat' dir='ltr'>non</span> <span class='ocrx_word' id='word_1_136' title='bbox 1028 1463 1075 1532; x_wconf 87' lang='lat' dir='ltr'>sit,</span> <span class='ocrx_word' id='word_1_137' title='bbox 1091 1461 1135 1518; x_wconf 90' lang='lat' dir='ltr'>iur</span> <span class='ocrx_word' id='word_1_138' title='bbox 1148 1463 1194 1532; x_wconf 91' lang='lat' dir='ltr'>sit,</span> 
     </span>
    </p>

    <p class='ocr_par' dir='ltr' id='par_1_4' title="bbox 161 1539 1195 1873">
     <span class='ocr_line' id='line_1_16' title="bbox 161 1539 1192 1623; baseline 0 -21"><span class='ocrx_word' id='word_1_139' title='bbox 161 1551 218 1602; x_wconf 77' lang='lat'>179.</span> <span class='ocrx_word' id='word_1_140' title='bbox 231 1556 258 1600; x_wconf 91' lang='lat' dir='ltr'>et</span> <span class='ocrx_word' id='word_1_141' title='bbox 274 1547 320 1617; x_wconf 85' lang='lat' dir='ltr'>qui</span> <span class='ocrx_word' id='word_1_142' title='bbox 335 1545 440 1602; x_wconf 79' lang='lat' dir='ltr'>adulter</span> <span class='ocrx_word' id='word_1_143' title='bbox 455 1553 502 1602; x_wconf 89' lang='lat' dir='ltr'>aut</span> <span class='ocrx_word' id='word_1_144' title='bbox 517 1545 649 1602; x_wconf 87' lang='lat' dir='ltr'>homicida</span> <span class='ocrx_word' id='word_1_145' title='bbox 665 1563 720 1602; x_wconf 92' lang='lat' dir='ltr'>nou</span> <span class='ocrx_word' id='word_1_146' title='bbox 736 1548 781 1614; x_wconf 80' lang='lat' dir='ltr'>sit,</span> <span class='ocrx_word' id='word_1_147' title='bbox 796 1546 903 1603; x_wconf 80' lang='lat' dir='ltr'>adulter</span> <span class='ocrx_word' id='word_1_148' title='bbox 915 1546 958 1602; x_wconf 89' lang='lat' dir='ltr'>uel</span> <span class='ocrx_word' id='word_1_149' title='bbox 975 1539 980 1623; x_wconf 88' lang='grc' dir='ltr'>Ι</span> <span class='ocrx_word' id='word_1_150' title='bbox 996 1546 1132 1604; x_wconf 73' lang='lat' dir='ltr'>homicida</span> <span class='ocrx_word' id='word_1_151' title='bbox 1142 1548 1192 1611; x_wconf 88' lang='lat' dir='ltr'>sit;</span> 
     </span>
     <span class='ocr_line' id='line_1_17' title="bbox 231 1629 1195 1704; baseline 0.001 -19"><span class='ocrx_word' id='word_1_152' title='bbox 231 1638 259 1686; x_wconf 89' lang='lat' dir='ltr'>at</span> <span class='ocrx_word' id='word_1_153' title='bbox 273 1629 344 1688; x_wconf 83' lang='lat' dir='ltr'>illud</span> <span class='ocrx_word' id='word_1_154' title='bbox 356 1645 421 1686; x_wconf 90' lang='lat' dir='ltr'>sane</span> <span class='ocrx_word' id='word_1_155' title='bbox 436 1629 479 1686; x_wconf 81' lang='lat' dir='ltr'>lex</span> <span class='ocrx_word' id='word_1_156' title='bbox 494 1629 581 1688; x_wconf 82' lang='lat' dir='ltr'>iacere</span> <span class='ocrx_word' id='word_1_157' title='bbox 596 1638 699 1703; x_wconf 89' lang='lat' dir='ltr'>potest,</span> <span class='ocrx_word' id='word_1_158' title='bbox 716 1639 746 1686; x_wconf 93' lang='lat' dir='ltr'>ut</span> <span class='ocrx_word' id='word_1_159' title='bbox 761 1631 876 1704; x_wconf 85' lang='lat' dir='ltr'>proinde</span> <span class='ocrx_word' id='word_1_160' title='bbox 891 1631 988 1704; x_wconf 91' lang='lat' dir='ltr'>aliquis</span> <span class='ocrx_word' id='word_1_161' title='bbox 1004 1647 1091 1704; x_wconf 89' lang='lat' dir='ltr'>poena</span> <span class='ocrx_word' id='word_1_162' title='bbox 1103 1639 1195 1686; x_wconf 88' lang='lat' dir='ltr'>tenea·</span> 
     </span>
     <span class='ocr_line' id='line_1_18' title="bbox 231 1714 1194 1788; baseline 0.002 -18"><span class='ocrx_word' id='word_1_163' title='bbox 231 1722 285 1785; x_wconf 89' lang='lat' dir='ltr'>tur,</span> <span class='ocrx_word' id='word_1_164' title='bbox 301 1722 383 1788; x_wconf 87' lang='lat' dir='ltr'>atque</span> <span class='ocrx_word' id='word_1_165' title='bbox 398 1715 420 1770; x_wconf 93' lang='lat' dir='ltr'>si</span> <span class='ocrx_word' id='word_1_166' title='bbox 437 1715 539 1772; x_wconf 89' lang='lat' dir='ltr'>lurtum</span> <span class='ocrx_word' id='word_1_167' title='bbox 554 1714 597 1770; x_wconf 90' lang='lat' dir='ltr'>uel</span> <span class='ocrx_word' id='word_1_168' title='bbox 607 1714 770 1772; x_wconf 84' lang='lat' dir='ltr'>adulterium</span> <span class='ocrx_word' id='word_1_169' title='bbox 782 1715 826 1772; x_wconf 93' lang='lat' dir='ltr'>uel</span> <span class='ocrx_word' id='word_1_170' title='bbox 839 1715 1013 1772; x_wconf 85' lang='lat' dir='ltr'><strong>homicidium</strong></span> <span class='ocrx_word' id='word_1_171' title='bbox 1029 1715 1194 1786; x_wconf 74' lang='lat' dir='ltr'>admisisset,</span> 
     </span>
     <span class='ocr_line' id='line_1_19' title="bbox 229 1797 709 1873; baseline 0.004 -19"><span class='ocrx_word' id='word_1_172' title='bbox 229 1800 353 1873; x_wconf 88' lang='lat' dir='ltr'>quamuis</span> <span class='ocrx_word' id='word_1_173' title='bbox 368 1797 435 1854; x_wconf 84' lang='lat' dir='ltr'>uilril</span> <span class='ocrx_word' id='word_1_174' title='bbox 450 1815 544 1856; x_wconf 89' lang='lat' dir='ltr'>eorum</span> <span class='ocrx_word' id='word_1_175' title='bbox 560 1798 709 1856; x_wconf 87' lang='lat' dir='ltr'>admiserit.</span> 
     </span>
    </p>

    <p class='ocr_par' dir='ltr' id='par_1_5' title="bbox 228 1881 1195 2382">
     <span class='ocr_line' id='line_1_20' title="bbox 292 1881 1195 1957; baseline -0.002 -15"><span class='ocrx_word' id='word_1_176' title='bbox 292 1881 358 1942; x_wconf 76' lang='grc'><strong>195.</strong></span> <span class='ocrx_word' id='word_1_177' title='bbox 382 1883 496 1940; x_wconf 78' lang='lat' dir='ltr'>Furtum</span> <span class='ocrx_word' id='word_1_178' title='bbox 519 1891 609 1940; x_wconf 90' lang='lat' dir='ltr'>autem</span> <span class='ocrx_word' id='word_1_179' title='bbox 631 1881 662 1939; x_wconf 89' lang='lat' dir='ltr'>lit</span> <span class='ocrx_word' id='word_1_180' title='bbox 676 1900 732 1940; x_wconf 88' lang='lat' dir='ltr'>uon</span> <span class='ocrx_word' id='word_1_181' title='bbox 746 1881 836 1939; x_wconf 90' lang='lat' dir='ltr'>solum</span> <span class='ocrx_word' id='word_1_182' title='bbox 851 1900 913 1940; x_wconf 89' lang='lat' dir='ltr'>oum</span> <span class='ocrx_word' id='word_1_183' title='bbox 928 1885 990 1956; x_wconf 88' lang='lat' dir='ltr'>quis</span> <span class='ocrx_word' id='word_1_184' title='bbox 1006 1882 1195 1957; x_wconf 81' lang='lat' dir='ltr'>intercipiendi</span> 
     </span>
     <span class='ocr_line' id='line_1_21' title="bbox 229 1967 1195 2042; baseline 0.001 -18"><span class='ocrx_word' id='word_1_185' title='bbox 229 1984 307 2024; x_wconf 86' lang='lat' dir='ltr'>eausa</span> <span class='ocrx_word' id='word_1_186' title='bbox 323 1985 379 2024; x_wconf 90' lang='lat' dir='ltr'>rem</span> <span class='ocrx_word' id='word_1_187' title='bbox 396 1969 508 2026; x_wconf 87' lang='lat' dir='ltr'>alienam</span> <span class='ocrx_word' id='word_1_188' title='bbox 523 1977 643 2039; x_wconf 81' lang='lat' dir='ltr'>annuet,</span> <span class='ocrx_word' id='word_1_189' title='bbox 667 1976 710 2026; x_wconf 85' lang='lat' dir='ltr'>set</span> <span class='ocrx_word' id='word_1_190' title='bbox 725 1967 890 2041; x_wconf 79' lang='lat' dir='ltr'>generaliter</span> <span class='ocrx_word' id='word_1_191' title='bbox 905 1985 965 2026; x_wconf 92' lang='lat' dir='ltr'>oum</span> <span class='ocrx_word' id='word_1_192' title='bbox 981 1969 1116 2042; x_wconf 86' lang='lat' dir='ltr'>quierem</span> <span class='ocrx_word' id='word_1_193' title='bbox 1131 1967 1195 2025; x_wconf 91' lang='lat' dir='ltr'>alie·</span> 
     </span>
     <span class='ocr_line' id='line_1_22' title="bbox 228 2047 1194 2128; baseline 0.003 -21"><span class='ocrx_word' id='word_1_194' title='bbox 228 2069 288 2108; x_wconf 91' lang='lat' dir='ltr'>nam</span> <span class='ocrx_word' id='word_1_195' title='bbox 303 2054 390 2128; x_wconf 91' lang='lat' dir='ltr'>inuito</span> <span class='ocrx_word' id='word_1_196' title='bbox 406 2054 518 2110; x_wconf 89' lang='lat' dir='ltr'>domino</span> <span class='ocrx_word' id='word_1_197' title='bbox 534 2060 695 2112; x_wconf 83' lang='lat' dir='ltr'>contrectat.</span> <span class='ocrx_word' id='word_1_198' title='bbox 731 2047 797 2110; x_wconf 87' lang='grc'><strong>196.</strong></span> <span class='ocrx_word' id='word_1_199' title='bbox 814 2051 906 2126; x_wconf 88' lang='lat' dir='ltr'>ltaque</span> <span class='ocrx_word' id='word_1_200' title='bbox 925 2053 948 2108; x_wconf 91' lang='lat' dir='ltr'>si</span> <span class='ocrx_word' id='word_1_201' title='bbox 971 2055 1032 2126; x_wconf 89' lang='lat' dir='ltr'>quis</span> <span class='ocrx_word' id='word_1_202' title='bbox 1055 2069 1100 2120; x_wconf 92' lang='lat' dir='ltr'>re,</span> <span class='ocrx_word' id='word_1_203' title='bbox 1124 2068 1194 2125; x_wconf 86' lang='lat' dir='ltr'>quae</span> 
     </span>
     <span class='ocr_line' id='line_1_23' title="bbox 228 2136 1194 2212; baseline -0.001 -19"><span class='ocrx_word' id='word_1_204' title='bbox 228 2140 303 2210; x_wconf 87' lang='lat' dir='ltr'>apud</span> <span class='ocrx_word' id='word_1_205' title='bbox 316 2154 377 2194; x_wconf 91' lang='lat' dir='ltr'>eum</span> <span class='ocrx_word' id='word_1_206' title='bbox 392 2138 518 2212; x_wconf 89' lang='lat' dir='ltr'>deposita</span> <span class='ocrx_word' id='word_1_207' title='bbox 533 2138 585 2209; x_wconf 87' lang='lat' dir='ltr'>sit,</span> <span class='ocrx_word' id='word_1_208' title='bbox 610 2145 715 2208; x_wconf 88' lang='lat' dir='ltr'>utatur,</span> <span class='ocrx_word' id='word_1_209' title='bbox 738 2136 842 2194; x_wconf 87' lang='lat' dir='ltr'>lurtum</span> <span class='ocrx_word' id='word_1_210' title='bbox 864 2138 1027 2206; x_wconf 82' lang='lat' dir='ltr'>committit3</span> <span class='ocrx_word' id='word_1_211' title='bbox 1050 2138 1116 2193; x_wconf 87' lang='lat' dir='ltr'>etsi</span> <span class='ocrx_word' id='word_1_212' title='bbox 1132 2137 1194 2210; x_wconf 85' lang='lat' dir='ltr'>quis</span> 
     </span>
     <span class='ocr_line' id='line_1_24' title="bbox 228 2220 1194 2296; baseline -0.001 -20"><span class='ocrx_word' id='word_1_213' title='bbox 228 2222 354 2279; x_wconf 91' lang='lat' dir='ltr'>utendam</span> <span class='ocrx_word' id='word_1_214' title='bbox 377 2239 434 2279; x_wconf 92' lang='lat' dir='ltr'>rem</span> <span class='ocrx_word' id='word_1_215' title='bbox 455 2223 605 2296; x_wconf 86' lang='lat' dir='ltr'>acceperit,</span> <span class='ocrx_word' id='word_1_216' title='bbox 629 2238 742 2296; x_wconf 87' lang='lat' dir='ltr'>eamque</span> <span class='ocrx_word' id='word_1_217' title='bbox 763 2223 791 2276; x_wconf 91' lang='lat' dir='ltr'>in</span> <span class='ocrx_word' id='word_1_218' title='bbox 813 2220 893 2278; x_wconf 92' lang='lat' dir='ltr'>alium</span> <span class='ocrx_word' id='word_1_219' title='bbox 917 2238 996 2276; x_wconf 91' lang='lat' dir='ltr'>usum</span> <span class='ocrx_word' id='word_1_220' title='bbox 1013 2221 1194 2293; x_wconf 88' lang='lat' dir='ltr'>transtulerit,</span> 
     </span>
     <span class='ocr_line' id='line_1_25' title="bbox 229 2305 1194 2382; baseline 0.001 -22"><span class='ocrx_word' id='word_1_221' title='bbox 229 2305 293 2362; x_wconf 88' lang='lat' dir='ltr'>iurti</span> <span class='ocrx_word' id='word_1_222' title='bbox 317 2305 468 2380; x_wconf 79' lang='lat' dir='ltr'>obligatur,</span> <span class='ocrx_word' id='word_1_223' title='bbox 492 2307 578 2362; x_wconf 94' lang='lat' dir='ltr'>ueluti</span> <span class='ocrx_word' id='word_1_224' title='bbox 601 2307 624 2362; x_wconf 90' lang='lat' dir='ltr'>si</span> <span class='ocrx_word' id='word_1_225' title='bbox 647 2307 707 2380; x_wconf 91' lang='lat' dir='ltr'>quis</span> <span class='ocrx_word' id='word_1_226' title='bbox 729 2313 872 2380; x_wconf 79' lang='lat' dir='ltr'>argentum</span> <span class='ocrx_word' id='word_1_227' title='bbox 897 2305 1026 2362; x_wconf 89' lang='lat' dir='ltr'>utendum</span> <span class='ocrx_word' id='word_1_228' title='bbox 1049 2307 1194 2382; x_wconf 78' lang='lat' dir='ltr'>acceperit,</span> 
     </span>
    </p>
   </div>
   <div class='ocr_carea' id='block_1_4' title="bbox 222 2455 1193 3307">
    <p class='ocr_par' dir='ltr' id='par_1_6' title="bbox 222 2455 1193 3307">
     <span class='ocr_line' id='line_1_26' title="bbox 231 2455 1193 2522; baseline 0.001 -17"><span class='ocrx_word' id='word_1_229' title='bbox 231 2455 323 2508; x_wconf 76' lang='lat' dir='ltr'>Gdseit.</span> <span class='ocrx_word' id='word_1_230' title='bbox 348 2464 430 2516; x_wconf 85' lang='lat' dir='ltr'>reete,</span> <span class='ocrx_word' id='word_1_231' title='bbox 455 2459 570 2522; x_wconf 84' lang='lat' dir='ltr'>quamvis</span> <span class='ocrx_word' id='word_1_232' title='bbox 589 2465 665 2507; x_wconf 83' lang='lat' dir='ltr'>notae</span> <span class='ocrx_word' id='word_1_233' title='bbox 686 2456 715 2506; x_wconf 78' lang='lat' dir='ltr'>O.</span> <span class='ocrx_word' id='word_1_234' title='bbox 731 2463 790 2506; x_wconf 85' lang='lat' dir='ltr'>unte</span> <span class='ocrx_word' id='word_1_235' title='bbox 813 2457 850 2505; x_wconf 81' lang='lat' dir='ltr'>lex</span> <span class='ocrx_word' id='word_1_236' title='bbox 872 2462 920 2505; x_wconf 89' lang='lat' dir='ltr'>tota</span> <span class='ocrx_word' id='word_1_237' title='bbox 935 2458 1047 2521; x_wconf 82' lang='lat' dir='ltr'>proprie</span> <span class='ocrx_word' id='word_1_238' title='bbox 1069 2473 1130 2521; x_wconf 88' lang='lat' dir='ltr'>quae</span> <span class='ocrx_word' id='word_1_239' title='bbox 1154 2471 1193 2506; x_wconf 89' lang='lat' dir='ltr'>res</span> 
     </span>
     <span class='ocr_line' id='line_1_27' title="bbox 227 2524 1192 2596; baseline 0 -20"><span class='ocrx_word' id='word_1_240' title='bbox 227 2528 383 2592; x_wconf 64' lang='lat' dir='ltr'>significent.</span> <span class='ocrx_word' id='word_1_241' title='bbox 407 2543 467 2592; x_wconf 84' lang='lat' dir='ltr'>quae</span> <span class='ocrx_word' id='word_1_242' title='bbox 487 2543 526 2577; x_wconf 90' lang='lat' dir='ltr'>res</span> <span class='ocrx_word' id='word_1_243' title='bbox 546 2525 595 2596; x_wconf 84' lang='lat' dir='ltr'>[lex</span> <span class='ocrx_word' id='word_1_244' title='bbox 614 2524 675 2595; x_wconf 89' lang='lat' dir='ltr'>tota]</span> <span class='ocrx_word' id='word_1_245' title='bbox 695 2528 835 2577; x_wconf 85' lang='lat' dir='ltr'>seeundum</span> <span class='ocrx_word' id='word_1_246' title='bbox 850 2527 1035 2579; x_wconf 85' lang='lat' dir='ltr'>Poleneerium</span> <span class='ocrx_word' id='word_1_247' title='bbox 1049 2530 1089 2578; x_wconf 88' lang='lat' dir='ltr'>ed.</span> <span class='ocrx_word' id='word_1_248' title='bbox 1104 2528 1154 2578; x_wconf 87' lang='lat' dir='ltr'>Kr.</span> <span class='ocrx_word' id='word_1_249' title='bbox 1171 2539 1192 2577; x_wconf 93' lang='grc'>1.</span> 
     </span>
     <span class='ocr_line' id='line_1_28' title="bbox 228 2598 1193 2666; baseline 0.002 -20"><span class='ocrx_word' id='word_1_250' title='bbox 228 2600 307 2654; x_wconf 89' lang='lat' dir='ltr'>mole;</span> <span class='ocrx_word' id='word_1_251' title='bbox 327 2614 385 2647; x_wconf 84' lang='lat' dir='ltr'>nam</span> <span class='ocrx_word' id='word_1_252' title='bbox 404 2615 435 2648; x_wconf 84' lang='lat' dir='ltr'>ea</span> <span class='ocrx_word' id='word_1_253' title='bbox 453 2615 496 2649; x_wconf 88' lang='lat' dir='ltr'>res</span> <span class='ocrx_word' id='word_1_254' title='bbox 515 2598 624 2666; x_wconf 82' lang='lat' dir='ltr'>(tioium)</span> <span class='ocrx_word' id='word_1_255' title='bbox 644 2599 745 2664; x_wconf 85' lang='lat' dir='ltr'>quidem</span> <span class='ocrx_word' id='word_1_256' title='bbox 763 2600 873 2648; x_wconf 81' lang='lat' dir='ltr'>maxime</span> <span class='ocrx_word' id='word_1_257' title='bbox 892 2613 926 2647; x_wconf 74' lang='lat' dir='ltr'>eae</span> <span class='ocrx_word' id='word_1_258' title='bbox 945 2600 992 2648; x_wconf 85' lang='lat' dir='ltr'>illa</span> <span class='ocrx_word' id='word_1_259' title='bbox 1011 2600 1114 2648; x_wconf 85' lang='lat' dir='ltr'>veriore</span> <span class='ocrx_word' id='word_1_260' title='bbox 1135 2613 1193 2648; x_wconf 85' lang='lat' dir='ltr'>sen·</span> 
     </span>
     <span class='ocr_line' id='line_1_29' title="bbox 228 2667 1192 2734; baseline -0.002 -16"><span class='ocrx_word' id='word_1_261' title='bbox 228 2671 309 2719; x_wconf 84' lang='lat' dir='ltr'>tentia</span> <span class='ocrx_word' id='word_1_262' title='bbox 327 2671 428 2720; x_wconf 82' lang='lat' dir='ltr'>minime</span> <span class='ocrx_word' id='word_1_263' title='bbox 447 2678 505 2720; x_wconf 86' lang='lat' dir='ltr'>erat</span> <span class='ocrx_word' id='word_1_264' title='bbox 523 2672 651 2730; x_wconf 81' lang='lat' dir='ltr'>ridiculo,</span> <span class='ocrx_word' id='word_1_265' title='bbox 670 2671 718 2720; x_wconf 86' lang='lat' dir='ltr'>sed</span> <span class='ocrx_word' id='word_1_266' title='bbox 735 2672 791 2727; x_wconf 76' lang='lat' dir='ltr'>iem,</span> <span class='ocrx_word' id='word_1_267' title='bbox 811 2677 835 2719; x_wconf 90' lang='lat' dir='ltr'>et</span> <span class='ocrx_word' id='word_1_268' title='bbox 854 2676 908 2719; x_wconf 85' lang='lat' dir='ltr'>toto</span> <span class='ocrx_word' id='word_1_269' title='bbox 925 2670 1025 2734; x_wconf 81' lang='lat' dir='ltr'>quidem</span> <span class='ocrx_word' id='word_1_270' title='bbox 1039 2667 1100 2732; x_wconf 87' lang='lat' dir='ltr'>(tam</span> <span class='ocrx_word' id='word_1_271' title='bbox 1110 2683 1192 2732; x_wconf 88' lang='lat' dir='ltr'>prae-</span> 
     </span>
     <span class='ocr_line' id='line_1_30' title="bbox 229 2737 1190 2808; baseline -0.003 -19"><span class='ocrx_word' id='word_1_272' title='bbox 229 2747 301 2804; x_wconf 84' lang='lat' dir='ltr'>cepto</span> <span class='ocrx_word' id='word_1_273' title='bbox 316 2756 391 2805; x_wconf 84' lang='lat' dir='ltr'>quum</span> <span class='ocrx_word' id='word_1_274' title='bbox 404 2743 562 2808; x_wconf 81' lang='lat' dir='ltr'>sanctione),</span> <span class='ocrx_word' id='word_1_275' title='bbox 582 2757 648 2808; x_wconf 84' lang='lat' dir='ltr'>quoe</span> <span class='ocrx_word' id='word_1_276' title='bbox 667 2740 712 2806; x_wconf 83' lang='lat' dir='ltr'>(eae</span> <span class='ocrx_word' id='word_1_277' title='bbox 729 2741 884 2804; x_wconf 82' lang='lat' dir='ltr'>posterioris</span> <span class='ocrx_word' id='word_1_278' title='bbox 898 2741 956 2789; x_wconf 86' lang='lat' dir='ltr'>oeoi</span> <span class='ocrx_word' id='word_1_279' title='bbox 968 2737 1082 2789; x_wconf 83' lang='lat' dir='ltr'>moribus</span> <span class='ocrx_word' id='word_1_280' title='bbox 1095 2745 1121 2786; x_wconf 87' lang='lat' dir='ltr'>et</span> <span class='ocrx_word' id='word_1_281' title='bbox 1132 2753 1190 2786; x_wconf 86' lang='lat' dir='ltr'>sen·</span> 
     </span>
     <span class='ocr_line' id='line_1_31' title="bbox 228 2807 1190 2878; baseline -0.004 -18"><span class='ocrx_word' id='word_1_282' title='bbox 228 2809 319 2877; x_wconf 82' lang='lat' dir='ltr'>tentio)</span> <span class='ocrx_word' id='word_1_283' title='bbox 334 2813 403 2877; x_wconf 82' lang='lat' dir='ltr'>quod</span> <span class='ocrx_word' id='word_1_284' title='bbox 412 2808 553 2878; x_wconf 60' lang='lat' dir='ltr'>prodidere</span> <span class='ocrx_word' id='word_1_285' title='bbox 568 2813 674 2871; x_wconf 84' lang='lat' dir='ltr'>nolebat,</span> <span class='ocrx_word' id='word_1_286' title='bbox 690 2809 795 2861; x_wconf 83' lang='lat' dir='ltr'>iuuabat</span> <span class='ocrx_word' id='word_1_287' title='bbox 809 2812 895 2875; x_wconf 81' lang='lat' dir='ltr'>itaque</span> <span class='ocrx_word' id='word_1_288' title='bbox 904 2811 1018 2859; x_wconf 81' lang='lat' dir='ltr'>seuerius</span> <span class='ocrx_word' id='word_1_289' title='bbox 1032 2807 1190 2858; x_wconf 82' lang='lat' dir='ltr'>vindicabat.</span> 
     </span>
     <span class='ocr_line' id='line_1_32' title="bbox 230 2877 1191 2949; baseline -0.002 -19"><span class='ocrx_word' id='word_1_290' title='bbox 230 2877 250 2946; x_wconf 88' lang='lat'>¹)</span> <span class='ocrx_word' id='word_1_291' title='bbox 265 2896 278 2930; x_wconf 92' lang='lat' dir='ltr'>r</span> <span class='ocrx_word' id='word_1_292' title='bbox 293 2889 381 2932; x_wconf 84' lang='lat' dir='ltr'>notato</span> <span class='ocrx_word' id='word_1_293' title='bbox 393 2885 418 2935; x_wconf 81' lang='lat'>0.</span> <span class='ocrx_word' id='word_1_294' title='bbox 430 2908 463 2928; x_wconf 85' lang='lat'>=</span> <span class='ocrx_word' id='word_1_295' title='bbox 474 2900 522 2948; x_wconf 82' lang='lat' dir='ltr'>res,</span> <span class='ocrx_word' id='word_1_296' title='bbox 537 2892 564 2935; x_wconf 84' lang='lat' dir='ltr'>ut</span> <span class='ocrx_word' id='word_1_297' title='bbox 570 2886 686 2949; x_wconf 77' lang='lat' dir='ltr'>fortusse</span> <span class='ocrx_word' id='word_1_298' title='bbox 696 2881 823 2932; x_wconf 84' lang='lat' dir='ltr'>librarius</span> <span class='ocrx_word' id='word_1_299' title='bbox 836 2883 862 2930; x_wconf 83' lang='lat' dir='ltr'>in</span> <span class='ocrx_word' id='word_1_300' title='bbox 873 2881 929 2931; x_wconf 87' lang='lat' dir='ltr'>eod.</span> <span class='ocrx_word' id='word_1_301' title='bbox 939 2895 1010 2946; x_wconf 85' lang='lat' dir='ltr'>quem</span> <span class='ocrx_word' id='word_1_302' title='bbox 1021 2877 1191 2937; x_wconf 79' lang='lat' dir='ltr'>describebat,</span> 
     </span>
     <span class='ocr_line' id='line_1_33' title="bbox 227 2951 1191 3023; baseline -0.002 -23"><span class='ocrx_word' id='word_1_303' title='bbox 227 2966 266 3000; x_wconf 90' lang='lat' dir='ltr'>res</span> <span class='ocrx_word' id='word_1_304' title='bbox 277 2968 329 3016; x_wconf 88' lang='lat' dir='ltr'>pro</span> <span class='ocrx_word' id='word_1_305' title='bbox 345 2961 382 3004; x_wconf 89' lang='lat' dir='ltr'>ret</span> <span class='ocrx_word' id='word_1_306' title='bbox 396 2979 429 3000; x_wconf 83' lang='lat'><em>=</em></span> <span class='ocrx_word' id='word_1_307' title='bbox 444 2972 470 3006; x_wconf 89' lang='lat' dir='ltr'>re</span> <span class='ocrx_word' id='word_1_308' title='bbox 481 2964 504 3006; x_wconf 89' lang='lat' dir='ltr'>et</span> <span class='ocrx_word' id='word_1_309' title='bbox 514 2959 607 3023; x_wconf 78' lang='lat' dir='ltr'>lepisse</span> <span class='ocrx_word' id='word_1_310' title='bbox 617 2961 641 3004; x_wconf 88' lang='lat' dir='ltr'>et</span> <span class='ocrx_word' id='word_1_311' title='bbox 651 2961 754 3005; x_wconf 82' lang='lat' dir='ltr'>notasse</span> <span class='ocrx_word' id='word_1_312' title='bbox 766 2954 894 3002; x_wconf 83' lang='lat' dir='ltr'>videatur.</span> <span class='ocrx_word' id='word_1_313' title='bbox 914 2967 954 3001; x_wconf 89' lang='lat' dir='ltr'>res</span> <span class='ocrx_word' id='word_1_314' title='bbox 968 2951 1026 3000; x_wconf 87' lang='lat' dir='ltr'>edd.</span> <span class='ocrx_word' id='word_1_315' title='bbox 1037 2951 1112 3000; x_wconf 86' lang='lat' dir='ltr'>etium</span> <span class='ocrx_word' id='word_1_316' title='bbox 1121 2965 1191 2999; x_wconf 85' lang='lat' dir='ltr'>meae</span> 
     </span>
     <span class='ocr_line' id='line_1_34' title="bbox 227 3021 1191 3091; baseline -0.002 -19"><span class='ocrx_word' id='word_1_317' title='bbox 227 3033 246 3072; x_wconf 90' lang='lat'>1.</span> <span class='ocrx_word' id='word_1_318' title='bbox 258 3035 278 3074; x_wconf 87' lang='grc'>1.</span> <span class='ocrx_word' id='word_1_319' title='bbox 299 3039 324 3072; x_wconf 88' lang='lat' dir='ltr'>re</span> <span class='ocrx_word' id='word_1_320' title='bbox 335 3028 367 3087; x_wconf 70' lang='lat' dir='ltr'>es.</span> <span class='ocrx_word' id='word_1_321' title='bbox 379 3044 401 3077; x_wconf 89' lang='lat' dir='ltr'>o.</span> <span class='ocrx_word' id='word_1_322' title='bbox 412 3029 437 3077; x_wconf 89' lang='lat' dir='ltr'>d.</span> <span class='ocrx_word' id='word_1_323' title='bbox 448 3029 553 3079; x_wconf 83' lang='lat' dir='ltr'>Hoeven</span> <span class='ocrx_word' id='word_1_324' title='bbox 564 3031 580 3078; x_wconf 85' lang='lat' dir='ltr'>l.</span> <span class='ocrx_word' id='word_1_325' title='bbox 593 3043 614 3077; x_wconf 86' lang='lat' dir='ltr'>o.</span> <span class='ocrx_word' id='word_1_326' title='bbox 667 3021 689 3091; x_wconf 61' lang='grc' dir='ltr'>ἵ)</span> <span class='ocrx_word' id='word_1_327' title='bbox 704 3024 749 3074; x_wconf 79' lang='lat' dir='ltr'>Em</span> <span class='ocrx_word' id='word_1_328' title='bbox 759 3024 849 3074; x_wconf 83' lang='lat' dir='ltr'>Pelen.</span> <span class='ocrx_word' id='word_1_329' title='bbox 860 3024 900 3073; x_wconf 84' lang='lat' dir='ltr'>ed.</span> <span class='ocrx_word' id='word_1_330' title='bbox 910 3023 993 3072; x_wconf 86' lang='lat' dir='ltr'>haberi</span> <span class='ocrx_word' id='word_1_331' title='bbox 1004 3023 1083 3071; x_wconf 86' lang='lat' dir='ltr'>iubeat</span> <span class='ocrx_word' id='word_1_332' title='bbox 1095 3021 1121 3073; x_wconf 83' lang='lat'>0.</span> <span class='ocrx_word' id='word_1_333' title='bbox 1132 3021 1191 3071; x_wconf 88' lang='lat' dir='ltr'>edd.</span> 
     </span>
     <span class='ocr_line' id='line_1_35' title="bbox 228 3089 1192 3160; baseline 0 -18"><span class='ocrx_word' id='word_1_334' title='bbox 228 3089 251 3158; x_wconf 82' lang='lat'>³)</span> <span class='ocrx_word' id='word_1_335' title='bbox 264 3092 310 3144; x_wconf 87' lang='lat' dir='ltr'>Sie</span> <span class='ocrx_word' id='word_1_336' title='bbox 325 3104 394 3147; x_wconf 88' lang='lat' dir='ltr'>reete</span> <span class='ocrx_word' id='word_1_337' title='bbox 404 3100 443 3148; x_wconf 87' lang='lat' dir='ltr'>ed.</span> <span class='ocrx_word' id='word_1_338' title='bbox 455 3100 545 3152; x_wconf 83' lang='lat' dir='ltr'>Polen.</span> <span class='ocrx_word' id='word_1_339' title='bbox 556 3097 695 3160; x_wconf 83' lang='lat' dir='ltr'>occupantis</span> <span class='ocrx_word' id='word_1_340' title='bbox 708 3096 733 3145; x_wconf 80' lang='grc' dir='ltr'>θ.</span> <span class='ocrx_word' id='word_1_341' title='bbox 752 3095 800 3144; x_wconf 90' lang='lat' dir='ltr'>sed</span> <span class='ocrx_word' id='word_1_342' title='bbox 808 3095 901 3143; x_wconf 83' lang='lat' dir='ltr'>deinde</span> <span class='ocrx_word' id='word_1_343' title='bbox 907 3109 959 3158; x_wconf 87' lang='lat' dir='ltr'>pro</span> <span class='ocrx_word' id='word_1_344' title='bbox 970 3093 1073 3143; x_wconf 81' lang='lat' dir='ltr'>subiciat</span> <span class='ocrx_word' id='word_1_345' title='bbox 1089 3092 1114 3142; x_wconf 81' lang='lat'>0.</span> <span class='ocrx_word' id='word_1_346' title='bbox 1135 3093 1192 3142; x_wconf 89' lang='lat' dir='ltr'>sub-</span> 
     </span>
     <span class='ocr_line' id='line_1_36' title="bbox 227 3164 1192 3236; baseline 0.001 -25"><span class='ocrx_word' id='word_1_347' title='bbox 227 3164 317 3214; x_wconf 86' lang='lat' dir='ltr'>ieiator</span> <span class='ocrx_word' id='word_1_348' title='bbox 335 3169 392 3218; x_wconf 86' lang='lat' dir='ltr'>edd.</span> <span class='ocrx_word' id='word_1_349' title='bbox 412 3173 516 3220; x_wconf 84' lang='lat' dir='ltr'>retinui.</span> <span class='ocrx_word' id='word_1_350' title='bbox 578 3166 601 3236; x_wconf 81' lang='lat'>⁴)</span> <span class='ocrx_word' id='word_1_351' title='bbox 619 3167 679 3218; x_wconf 89' lang='lat' dir='ltr'>Hoe</span> <span class='ocrx_word' id='word_1_352' title='bbox 697 3169 753 3217; x_wconf 87' lang='lat' dir='ltr'>loeo</span> <span class='ocrx_word' id='word_1_353' title='bbox 768 3172 830 3228; x_wconf 84' lang='lat' dir='ltr'>post</span> <span class='ocrx_word' id='word_1_354' title='bbox 843 3171 896 3214; x_wconf 77' lang='lat' dir='ltr'>out</span> <span class='ocrx_word' id='word_1_355' title='bbox 915 3165 966 3226; x_wconf 81' lang='lat' dir='ltr'>lege</span> <span class='ocrx_word' id='word_1_356' title='bbox 982 3165 1094 3228; x_wconf 82' lang='lat' dir='ltr'>facilius</span> <span class='ocrx_word' id='word_1_357' title='bbox 1110 3165 1192 3214; x_wconf 84' lang='lat' dir='ltr'>omitti</span> 
     </span>
     <span class='ocr_line' id='line_1_37' title="bbox 222 3233 1192 3307; baseline -0.001 -23"><span class='ocrx_word' id='word_1_358' title='bbox 222 3238 308 3298; x_wconf 85' lang='lat' dir='ltr'>potuit</span> <span class='ocrx_word' id='word_1_359' title='bbox 329 3239 408 3303; x_wconf 76' lang='lat' dir='ltr'>†legi‚</span> <span class='ocrx_word' id='word_1_360' title='bbox 428 3258 503 3307; x_wconf 84' lang='lat' dir='ltr'>quam</span> <span class='ocrx_word' id='word_1_361' title='bbox 517 3257 566 3306; x_wconf 83' lang='lat' dir='ltr'>quo</span> <span class='ocrx_word' id='word_1_362' title='bbox 581 3240 638 3290; x_wconf 85' lang='lat' dir='ltr'>edd.</span> <span class='ocrx_word' id='word_1_363' title='bbox 655 3237 691 3305; x_wconf 85' lang='lat' dir='ltr'>(et</span> <span class='ocrx_word' id='word_1_364' title='bbox 709 3252 763 3286; x_wconf 86' lang='lat' dir='ltr'>meo</span> <span class='ocrx_word' id='word_1_365' title='bbox 781 3233 805 3302; x_wconf 89' lang='lat'>1)</span> <span class='ocrx_word' id='word_1_366' title='bbox 824 3238 1009 3300; x_wconf 82' lang='lat' dir='ltr'>suppleverunt</span> <span class='ocrx_word' id='word_1_367' title='bbox 1022 3242 1084 3298; x_wconf 84' lang='lat' dir='ltr'>post</span> <span class='ocrx_word' id='word_1_368' title='bbox 1099 3242 1192 3284; x_wconf 86' lang='lat' dir='ltr'>natura.</span> 
     </span>
    </p>
   </div>
   <div class='ocr_carea' id='block_1_5' title="bbox 225 3325 437 3340">
    <p class='ocr_par' dir='ltr' id='par_1_7' title="bbox 225 3325 437 3340">
     <span class='ocr_line' id='line_1_38' title="bbox 225 3325 437 3340; baseline -0.005 1"><span class='ocrx_word' id='word_1_369' title='bbox 225 3325 437 3340; x_wconf 49' lang='grc' dir='ltr'>ξ·--ν--ι</span> 
     </span>
    </p>
   </div>
   <div class='ocr_carea' id='block_1_6' title="bbox 225 3362 1190 3654">
    <p class='ocr_par' dir='ltr' id='par_1_8' title="bbox 225 3362 1190 3654">
     <span class='ocr_line' id='line_1_39' title="bbox 296 3362 1190 3436; baseline -0.008 -14"><span class='ocrx_word' id='word_1_370' title='bbox 296 3365 323 3436; x_wconf 68' lang='grc' dir='ltr'><strong>ξ.</strong></span> <span class='ocrx_word' id='word_1_371' title='bbox 342 3374 398 3422; x_wconf 86' lang='grc'><strong>194.</strong></span> <span class='ocrx_word' id='word_1_372' title='bbox 421 3373 459 3436; x_wconf 81' lang='lat' dir='ltr'>Cf.</span> <span class='ocrx_word' id='word_1_373' title='bbox 475 3365 506 3422; x_wconf 82' lang='lat' dir='ltr'>L&#39;.</span> <span class='ocrx_word' id='word_1_374' title='bbox 517 3384 537 3424; x_wconf 91' lang='grc'>1.</span> <span class='ocrx_word' id='word_1_375' title='bbox 553 3374 576 3435; x_wconf 71' lang='lat'>§-</span> <span class='ocrx_word' id='word_1_376' title='bbox 587 3385 608 3424; x_wconf 90' lang='lat'>1.</span> <span class='ocrx_word' id='word_1_377' title='bbox 628 3372 659 3420; x_wconf 86' lang='lat' dir='ltr'>D.</span> <span class='ocrx_word' id='word_1_378' title='bbox 676 3371 707 3418; x_wconf 84' lang='lat' dir='ltr'>de</span> <span class='ocrx_word' id='word_1_379' title='bbox 723 3369 807 3431; x_wconf 84' lang='lat' dir='ltr'>usufr.</span> <span class='ocrx_word' id='word_1_380' title='bbox 823 3383 877 3418; x_wconf 87' lang='lat' dir='ltr'>ear.</span> <span class='ocrx_word' id='word_1_381' title='bbox 893 3383 946 3418; x_wconf 84' lang='lat' dir='ltr'>rer.</span> <span class='ocrx_word' id='word_1_382' title='bbox 957 3365 1031 3432; x_wconf 62' lang='lat' dir='ltr'>(me).</span> <span class='ocrx_word' id='word_1_383' title='bbox 1088 3362 1112 3434; x_wconf 65' lang='grc' dir='ltr'>ξ.</span> <span class='ocrx_word' id='word_1_384' title='bbox 1131 3367 1190 3416; x_wconf 80' lang='lat'>195.</span> 
     </span>
     <span class='ocr_line' id='line_1_40' title="bbox 226 3435 1189 3509; baseline -0.005 -18"><span class='ocrx_word' id='word_1_385' title='bbox 226 3441 298 3501; x_wconf 51' lang='grc' dir='ltr'><strong>ἓξ.</strong></span> <span class='ocrx_word' id='word_1_386' title='bbox 313 3440 415 3493; x_wconf 66' lang='lat' dir='ltr'>mlle.</span> <span class='ocrx_word' id='word_1_387' title='bbox 431 3451 448 3491; x_wconf 84' lang='lat' dir='ltr'>t.</span> <span class='ocrx_word' id='word_1_388' title='bbox 464 3441 496 3509; x_wconf 80' lang='lat' dir='ltr'>(t,</span> <span class='ocrx_word' id='word_1_389' title='bbox 512 3442 542 3508; x_wconf 94' lang='lat'>1).</span> <span class='ocrx_word' id='word_1_390' title='bbox 564 3443 602 3506; x_wconf 86' lang='lat' dir='ltr'>Cf.</span> <span class='ocrx_word' id='word_1_391' title='bbox 617 3441 689 3506; x_wconf 83' lang='lat' dir='ltr'>Epit.</span> <span class='ocrx_word' id='word_1_392' title='bbox 704 3451 725 3502; x_wconf 86' lang='grc'>1,</span> <span class='ocrx_word' id='word_1_393' title='bbox 740 3451 773 3490; x_wconf 85' lang='grc'>10.</span> <span class='ocrx_word' id='word_1_394' title='bbox 793 3441 816 3500; x_wconf 70' lang='grc' dir='ltr'>ξ.</span> <span class='ocrx_word' id='word_1_395' title='bbox 830 3451 850 3490; x_wconf 83' lang='lat' dir='ltr'>u.</span> <span class='ocrx_word' id='word_1_396' title='bbox 872 3439 948 3488; x_wconf 83' lang='lat' dir='ltr'>Paul.</span> <span class='ocrx_word' id='word_1_397' title='bbox 960 3449 980 3500; x_wconf 86' lang='grc'>1,</span> <span class='ocrx_word' id='word_1_398' title='bbox 995 3449 1029 3488; x_wconf 78' lang='lat' dir='ltr'>st.</span> <span class='ocrx_word' id='word_1_399' title='bbox 1045 3439 1068 3499; x_wconf 63' lang='grc' dir='ltr'><strong>ᾖ.</strong></span> <span class='ocrx_word' id='word_1_400' title='bbox 1084 3450 1103 3488; x_wconf 94' lang='grc'>1.</span> <span class='ocrx_word' id='word_1_401' title='bbox 1126 3435 1189 3486; x_wconf 74' lang='lat' dir='ltr'>dett.</span> 
     </span>
     <span class='ocr_line' id='line_1_41' title="bbox 225 3508 1190 3578; baseline 0 -20"><span class='ocrx_word' id='word_1_402' title='bbox 225 3520 259 3569; x_wconf 87' lang='lat'>11,</span> <span class='ocrx_word' id='word_1_403' title='bbox 274 3522 307 3560; x_wconf 87' lang='lat' dir='ltr'>rs.</span> <span class='ocrx_word' id='word_1_404' title='bbox 372 3508 397 3578; x_wconf 65' lang='grc' dir='ltr'>ξ.</span> <span class='ocrx_word' id='word_1_405' title='bbox 416 3516 474 3564; x_wconf 85' lang='grc'><strong>196.</strong></span> <span class='ocrx_word' id='word_1_406' title='bbox 496 3514 533 3576; x_wconf 81' lang='lat' dir='ltr'>Cf.</span> <span class='ocrx_word' id='word_1_407' title='bbox 550 3516 573 3576; x_wconf 74' lang='lat'>§-</span> <span class='ocrx_word' id='word_1_408' title='bbox 588 3526 608 3565; x_wconf 87' lang='lat' dir='ltr'>a.</span> <span class='ocrx_word' id='word_1_409' title='bbox 629 3513 710 3562; x_wconf 79' lang='lat' dir='ltr'>Leia.</span> <span class='ocrx_word' id='word_1_410' title='bbox 725 3510 795 3572; x_wconf 81' lang='lat' dir='ltr'>Epic.</span> <span class='ocrx_word' id='word_1_411' title='bbox 806 3521 827 3571; x_wconf 90' lang='grc'>1,</span> <span class='ocrx_word' id='word_1_412' title='bbox 843 3522 876 3560; x_wconf 83' lang='lat' dir='ltr'>ro.</span> <span class='ocrx_word' id='word_1_413' title='bbox 895 3511 936 3572; x_wconf 72' lang='lat' dir='ltr'>§d-</span> <span class='ocrx_word' id='word_1_414' title='bbox 950 3522 971 3560; x_wconf 81' lang='lat'>4.</span> <span class='ocrx_word' id='word_1_415' title='bbox 987 3520 1007 3560; x_wconf 80' lang='lat' dir='ltr'>u.</span> <span class='ocrx_word' id='word_1_416' title='bbox 1029 3509 1104 3558; x_wconf 78' lang='lat' dir='ltr'>Part.</span> <span class='ocrx_word' id='word_1_417' title='bbox 1120 3519 1141 3569; x_wconf 83' lang='grc'>1,</span> <span class='ocrx_word' id='word_1_418' title='bbox 1156 3518 1190 3558; x_wconf 86' lang='lat' dir='ltr'>m.</span> 
     </span>
     <span class='ocr_line' id='line_1_42' title="bbox 226 3579 785 3654; baseline 0.007 -26"><span class='ocrx_word' id='word_1_419' title='bbox 226 3579 249 3639; x_wconf 73' lang='lat'>§-</span> <span class='ocrx_word' id='word_1_420' title='bbox 264 3590 298 3630; x_wconf 82' lang='lat' dir='ltr'>so.</span> <span class='ocrx_word' id='word_1_421' title='bbox 321 3580 384 3632; x_wconf 84' lang='lat' dir='ltr'>Gett.</span> <span class='ocrx_word' id='word_1_422' title='bbox 400 3595 420 3644; x_wconf 80' lang='lat' dir='ltr'>r,</span> <span class='ocrx_word' id='word_1_423' title='bbox 436 3594 468 3634; x_wconf 80' lang='lat'>1⁵.</span> <span class='ocrx_word' id='word_1_424' title='bbox 494 3583 552 3634; x_wconf 89' lang='lat' dir='ltr'>Vat.</span> <span class='ocrx_word' id='word_1_425' title='bbox 568 3584 643 3634; x_wconf 72' lang='lat' dir='ltr'>Max,</span> <span class='ocrx_word' id='word_1_426' title='bbox 658 3595 680 3645; x_wconf 82' lang='lat' dir='ltr'>a,</span> <span class='ocrx_word' id='word_1_427' title='bbox 695 3594 715 3644; x_wconf 89' lang='grc'>1,</span> <span class='ocrx_word' id='word_1_428' title='bbox 730 3593 750 3632; x_wconf 77' lang='grc'>1.</span> <span class='ocrx_word' id='word_1_429' title='bbox 783 3649 785 3654; x_wconf 17' lang='lat'><strong>¹</strong></span> 
     </span>
    </p>
   </div>
   <div class='ocr_carea' id='block_1_7' title="bbox 1347 2679 1348 3492">
    <p class='ocr_par' dir='ltr' id='par_1_9' title="bbox 1347 2679 1348 3492">
     <span class='ocr_line' id='line_1_43' title="bbox 1347 2679 1348 3492; baseline 0 0"><span class='ocrx_word' id='word_1_430' title='bbox 1347 2679 1348 3492; x_wconf 95' lang='lat' dir='ltr'> </span> 
     </span>
    </p>
   </div>
   <div class='ocr_carea' id='block_1_8' title="bbox 0 0 1352 4120">
    <p class='ocr_par' dir='ltr' id='par_1_10' title="bbox 0 0 1352 4120">
     <span class='ocr_line' id='line_1_44' title="bbox 0 0 1352 4120; baseline 0 0"><span class='ocrx_word' id='word_1_431' title='bbox 0 0 1352 4120; x_wconf 95' lang='lat' dir='ltr'> </span> 
     </span>
    </p>
   </div>
  </div>
 </body>
</html>
