2680 4118
240 141 300 206 726
316 164 327 186 ·
506 160 603 196 naseu.
623 160 675 196 sva.
694 160 756 196 aon.
776 159 860 196 rame.
880 147 923 196 35.

239 291 344 345 tionum
360 287 474 360 qualitas
492 289 630 362 disparari,
651 305 749 363 parens
764 289 900 346 carissime
916 297 996 362 atque
1011 289 1198 346 amantissime

239 365 349 428 ηοὸιέ.1
394 371 452 428 Pari
474 373 607 447 siquidem
630 373 751 446 exemplo
775 372 1013 430 uociferationibus
1035 366 1196 429 'transulta²

240 454 425 511 multitudines
440 465 635 528 memorarunt,
657 473 711 514 non
728 458 799 512 iuste
812 473 857 512 res
872 473 935 512 suas
950 467 1010 512 esse
1024 455 1195 526 diuenditas3

240 537 298 594 aliis
319 540 536 612 possidentibus,
559 558 588 597 se
611 539 711 597 fiscalia
732 541 821 597 luere:
848 540 983 612 frequenti
1006 541 1119 612 deniqne
1141 538 1195 594 ob·

241 624 391 678 secretione
406 624 492 681 delata
507 625 654 682 remedium
665 625 838 697 cupiuerunt.
869 618 927 698 (2.)
944 623 991 679 llis
1007 639 1097 680 sumus
1112 621 1196 678 ualde

239 707 372 779 permoti,
401 717 542 778 umentes,
570 725 604 764 ne
627 708 738 764 alicuius
761 706 864 764 ’callidi
887 703 1013 762 artibus³
1035 700 1197 764 auersabili⁴

240 790 421 847 emolumento
436 793 558 865 persuasi
573 808 617 847 res
632 807 693 847 snas
708 791 858 847 uenderent
876 793 934 848 sine
957 807 1055 862 censu,
1078 807 1109 848 ac
1129 799 1196 864 post

240 873 356 930 subsidia
371 882 480 931 nostrae
495 876 706 932 mansuetndinis
725 883 915 949 precarentur,
937 876 1028 948 itaque
1049 869 1195 930 ’uersutis5

241 957 391 1014 calliditatis
414 967 563 1016 commenta
585 958 769 1032 miscentibus,
792 959 854 1014 dnm
874 960 1028 1015 insidiarum
1044 958 1194 1014 fallentium

240 1057 295 1097 non
311 1043 477 1114 suspicamur
489 1059 592 1113 arcana,
609 1059 659 1116 pro
674 1044 841 1098 innocentiae
857 1051 966 1098 nostrae
981 1051 1074 1098 natura
1086 1050 1195 1099 ceteros

241 1127 424 1196 aestimantes,
439 1127 601 1184 detrimento
614 1143 709 1183 census
726 1119 880 1182 ’nocentesss
894 1126 1052 1184 leuaremus.
1077 1120 1126 1199 (3.)
1140 1125 1194 1182 llas

239 1208 358 1278 fraudes,
380 1210 430 1266 hos
453 1210 542 1282 dulos,
563 1213 628 1266 istas
648 1211 766 1284 argutias
781 1210 844 1284 lege
859 1209 1040 1282 prohibemns,
1063 1211 1195 1265 constitu·

240 1292 514 1350 tione-excludimus:
537 1303 565 1351 et
579 1294 680 1352 idcireo
695 1295 782 1350 iustae
796 1294 981 1367 prouidentiae
1002 1293 1125 1350 consulta
1147 1293 1194 1352 de·

239 1373 396 1430 liberatione
412 1372 569 1448 sancimus,⁷
584 1386 614 1433 ut
630 1379 739 1434 omuino
755 1381 800 1450 qui
815 1385 952 1450 conparat,
970 1377 1018 1433 'rei
1031 1385 1194 1450 conparatae

239 1459 281 1512 ius
303 1469 451 1531 cognoscat
472 1470 499 1516 et
515 1456 650 1532 censum,8
671 1477 759 1534 neque
778 1461 856 1517 lieeat
871 1461 949 1516 alicui
965 1477 1022 1516 rem
1034 1461 1096 1515 'sine
1111 1475 1193 1517 ceusu

140 1534 307 1614 [aparinen
327 1558 474 1615 conparare
487 1545 532 1601 uel
547 1545 674 1602 uendere.
696 1539 747 1617 (4.)
765 1537 907 1622 lnlspeetio
923 1552 1010 1600 autem
1026 1543 1133 1618 publica
1149 1543 1194 1600 uel

239 1624 336 1683 fiscalis
352 1641 411 1683 esse
425 1626 544 1701 debebit,
559 1631 607 1685 hac
622 1630 693 1700 lege,
708 1637 740 1684 ut
756 1627 887 1700 sialiquid
903 1629 960 1683 siue
972 1644 1055 1684 censu
1070 1629 1191 1698 uenierit,

240 1718 269 1766 et
282 1719 346 1783 post
361 1709 393 1766 ab
409 1711 499 1784 aliquo
516 1705 707 1783 ’deleratur,¹⁰
720 1711 846 1767 uenditor
858 1711 964 1784 quidem
979 1712 1191 1784 possessionem,

239 1803 402 1866 comparator
415 1812 482 1852 uero
502 1796 543 1868 id,
567 1796 638 1869 quod
653 1795 741 1865 dedit,
762 1797 880 1868 pretium
895 1794 961 1851 fisco
978 1795 1129 1851 uindicante
1144 1794 1190 1848 de·

239 1878 344 1951 perdat.
382 1876 433 1951 (5.)
449 1878 476 1934 ld
493 1881 572 1935 etiam
588 1878 713 1936 uolumus
730 1878 852 1934 omnibus
866 1879 994 1951 intimari,
1015 1888 1122 1934 nostrae
1136 1877 1191 1934 cle-

239 1964 354 2018 mentiae
369 1962 518 2036 placuisse,
540 1965 672 2020 neminem
688 1963 786 2018 debere
800 1963 833 2018 ad
849 1961 1033 2018 uenditionem
1049 1964 1089 2017 rei
1103 1963 1190 2018 cuius·
1202 1973 1259 2022 [aar]

239 2045 305 2102 libet
319 2046 454 2102 adfectare
467 2056 494 2102 et
505 2047 641 2120 accedere,
657 2048 709 2102 nisi
719 2063 750 2102 eo
762 2055 894 2119 tempore,
911 2063 965 2119 qno
979 2048 1053 2102 inter
1067 2045 1190 2102 uendito-

239 2147 296 2186 rem
312 2139 339 2186 et
354 2139 503 2204 emptorem
518 2139 672 2187 contractus
694 2130 862 2186 sollemniter
883 2129 1045 2202 explicatur,
1068 2137 1140 2185 certa
1163 2137 1191 2184 et

239 2231 303 2270 uera
323 2217 476 2287 proprietas
490 2215 587 2271 uicinis
603 2213 789 2288 praesentibus
810 2213 1026 2282 demonstratum
1048 2228 1136 2286 usque
1157 2227 1190 2268 eo

313 2369 333 2435 1)
351 2371 470 2422 Solemnis
484 2375 646 2436 praefectum
665 2381 751 2436 praet.
770 2373 919 2436 alloquendi
933 2373 1049 2436 formula
1067 2370 1113 2437 (cs.
1132 2371 1190 2422 snb·

238 2441 423 2506 scriptionem).
453 2439 547 2492 ‘nobis’
568 2443 674 2492 debetur
688 2444 850 2494 Mommseno.
916 2438 937 2508 2)
957 2442 987 2492 tlr
1001 2444 1124 2492 dicuntur
1137 2443 1192 2493 doli

239 2513 340 2562 consuti
354 2519 378 2560 et
391 2514 496 2561 sutelae.
524 2514 635 2562 consules
654 2513 712 2562 Vct.
727 2515 766 2562 ed.
781 2513 875 2563 Hcllw.
890 2514 1007 2562 consertis
1022 2514 1060 2562 ed.
1076 2513 1189 2564 Momms.

240 2579 261 2647 ³)
277 2581 445 2630 calliditatibus
465 2581 522 2630 Vnt.
543 2583 599 2632 edd.
628 2583 744 2632 Eundent
763 2585 877 2648 intellipe
895 2585 1029 2642 callidum,
1050 2599 1123 2647 quem
1140 2585 1191 2632 iem

237 2650 451 2717 sipmifioaneramt
461 2655 525 2714 pari
539 2657 654 2718 ememplo
669 2654 832 2718 querentibus
842 2655 1041 2717 vociferationes
1051 2656 1188 2704 conscisse.

239 2720 261 2788 4)
283 2723 426 2774 aduersabili
456 2723 513 2772 Vct.
536 2725 592 2775 eriri.
618 2724 737 2789 (praeter
761 2722 893 2790 Mennis).
931 2723 1131 2774 Emolumentum
1152 2731 1190 2773 eet

239 2799 365 2842 ostensum
379 2795 413 2842 iis
427 2795 539 2853 lucrum,
559 2796 627 2858 qnod
640 2810 687 2844 mec
700 2801 798 2858 emptor
816 2809 851 2844 eac
864 2802 944 2858 pacto
962 2810 1009 2844 nec
1027 2796 1144 2844 venditor
1157 2793 1189 2843 ab

239 2865 314 2926 impp.
337 2866 436 2912 levatus
457 2864 554 2914 tributa
570 2867 750 2928 pensitatores
770 2873 842 2914 esset.
916 2862 937 2930 ὅ)
957 2864 1001 2914 Em
1022 2865 1135 2914 Momms.
1156 2867 1187 2928 ei.

238 2933 351 2982 uersutiis
372 2933 429 2982 Vct.
503 2931 581 3000 θ)Ιιιι
595 2943 620 2984 et
638 2935 750 2984 Momms.
770 2935 809 2983 ed.
828 2937 936 2984 nocentis
960 2935 1018 2984 Vct.
1037 2937 1076 2984 ed.
1096 2935 1188 2984 Hcllm.

240 3002 260 3068 ⁷)
276 3005 346 3054 Hinc
366 3006 459 3068 incipit
477 3007 583 3069 epitome
601 3006 678 3054 knies
696 3007 761 3069 lepis
778 3007 805 3054 in
820 3005 851 3054 L.
866 3017 887 3056 a.
916 3005 959 3054 Ta.
981 3005 1006 3054 0.
1022 3005 1054 3055 de
1073 3005 1187 3054 contrait.

239 3083 311 3139 empt.
328 3074 359 3141 (a,
369 3073 391 3142 1)
407 3091 430 3125 α.
441 3088 487 3128 ast.
504 3078 531 3125 in
546 3077 644 3126 oriente
654 3077 827 3139 promulpeta,
842 3078 917 3125 cuius
926 3077 1014 3140 prima
1028 3075 1105 3124 cerba
1115 3076 1189 3124 etiam

242 3145 415 3196 Tribonianus
429 3148 511 3196 assuit
524 3149 572 3196 aiii
586 3147 763 3197 constitutioni
776 3161 800 3194 a.
814 3157 863 3197 ³19.
881 3146 914 3195 L.
928 3159 948 3198 a.
966 3146 992 3196 0.
1007 3146 1049 3209 (L.
1064 3159 1084 3196 1.
1103 3143 1146 3193 Tlt.
1162 3143 1187 3194 Ο.

239 3231 276 3276 11,
291 3216 315 3282 s)
329 3220 385 3267 sime
404 3231 481 3266 censu
500 3233 522 3265 v.
538 3218 646 3280 reliquis
665 3215 700 3281 (4,
714 3214 759 3282 tt).
833 3213 854 3281 8)
870 3231 966 3265 censum
985 3217 1021 3264 rel
1040 3221 1188 3279 comparatae

238 3295 367 3349 cognoscat
384 3287 428 3336 ΤΙι.
445 3287 471 3337 0,
486 3302 584 3336 censum
598 3287 633 3335 rel
647 3294 796 3350 comparatae
811 3287 976 3348 agnoscereI.
993 3286 1018 3336 0.
1051 3285 1122 3335 Unde
1133 3285 1189 3348 for·

238 3365 305 3408 tasse
320 3361 383 3422 lep:
401 3373 421 3406 c.
437 3355 511 3423 (cum)
530 3372 556 3406 re
575 3364 702 3418 conparata
722 3357 773 3406 eins
792 3364 905 3418 agnoscat
923 3365 947 3405 et
966 3370 1063 3405 censum
1081 3355 1189 3421 (seilicet

238 3435 299 3476 nota
313 3443 334 3476 c.
349 3425 526 3492 transposita).
578 3425 599 3492 ⁹)
618 3427 661 3475 Tm
678 3426 704 3477 0.
719 3428 811 3490 etipse
831 3427 858 3474 V
858 3425 877 3474 ⁶.
926 3423 960 3492 10)
975 3425 1188 3475 desereretne.

238 3497 371 3545 deterretur
391 3497 450 3546 Vnt.

114 2787 125 2813 ἱ
