2678 4116
418 237 478 272 oen
497 238 594 274 rnsr1r.
615 219 636 274 Ι.
656 225 799 278 tea—200.
1027 221 1088 285 221

186 375 252 436 199.
273 379 311 435 Ne
334 389 423 436 tamen
446 388 473 435 et
488 378 653 454 pupillorum
670 389 697 436 et
713 396 817 452 eorum,
840 382 886 454 qui
906 382 1090 437 incuratione

27 483 30 488 ·
122 473 200 537 sunt,
215 465 325 537 negotia
342 481 356 520 a
373 463 510 520 tutoribus
526 464 752 536 curatoribusque
773 473 969 522 consumantur
989 474 1035 521 aut
1051 465 1090 521 di·

122 551 291 617 minuantur,
307 557 383 605 curat
405 556 529 621 praetor,
555 556 584 604 nt
600 557 627 604 et
643 557 749 605 tutores
764 541 819 627 (et)
837 559 976 606 curatores
992 566 1025 606 eo
1042 567 1090 606 no·

120 637 195 690 mine
218 632 361 689 satisdant.
398 628 471 690 200.
494 633 541 689 Set
562 633 615 688 hoe
636 650 692 690 non
715 642 756 688 est
778 643 956 707 perpetuum
980 651 1040 690 nana
1063 643 1090 690 et

121 729 230 775 tutores
255 726 416 774 testamento
444 717 501 773 dati
523 717 654 774 satisdare
679 733 734 773 nou
757 727 909 793 eoguntur,
933 720 1000 792 quia
1024 717 1090 774 fides

122 819 217 860 eorum
234 811 262 858 et
277 801 418 876 diligentia
432 801 464 858 ab
479 804 539 876 ipso
554 810 685 858 testatore
700 801 814 875 probata
827 812 884 872 est;
901 812 928 860 et
939 814 1090 875 curatores,

123 891 159 944 ad
172 903 243 960 quos
259 903 315 942 non
331 903 346 942 e
361 887 423 960 lege
439 891 543 944 curatio
559 888 694 960 pertinet,
714 889 765 944 sed
779 885 855 962 (qui)
880 888 923 944 uei
942 906 957 944 a
979 888 1091 945 consule

122 972 169 1028 uel
192 979 347 1044 apraetore
363 971 408 1027 uel
429 988 443 1026 a
464 971 586 1045 praeside
608 973 765 1045 prouinciae
787 973 908 1042 dantur,
931 972 1092 1046 plerumque

123 1074 179 1114 non
202 1064 341 1129 'coguntur
362 1056 509 1128 satisdare,
538 1056 643 1113 seilicet
668 1057 730 1128 quia
758 1057 823 1112 satis
846 1055 966 1112 ’honesti
974 1051 983 1088 ¹
1007 1060 1093 1113 eiecti

123 1134 213 1198 ειιιιῑ.2

123 1333 207 1388 iocus,
225 1329 272 1378 sed
286 1329 427 1386 continuant,
449 1328 541 1378 Gaium
560 1328 623 1378 haec
638 1327 770 1378 Antonino
794 1328 844 1378 Pio
863 1330 1007 1392 imperante
1024 1330 1091 1378 acri-

120 1403 218 1464 peiese.
256 1399 364 1450 Marone
386 1402 453 1449 enim
476 1401 574 1450 demum
598 1401 738 1458 constituit,
762 1407 791 1448 ut
808 1402 884 1449 etiam
908 1415 958 1450 non
980 1399 1091 1449 redditis

127 1473 218 1520 causis
234 1473 342 1522 minores
356 1477 493 1524 curatores
507 1473 664 1535 acciperent.
691 1471 799 1535 Capitol.
815 1471 901 1522 Marc.
917 1483 950 1523 16.
1013 1467 1032 1536 ¹)
1046 1470 1092 1520 Ere

131 1541 162 1591 V
162 1537 191 1593 se·
256 1536 277 1608 ²)
292 1542 401 1608 Reliqua
411 1545 526 1608 popinae
536 1557 603 1607 pore
617 1559 634 1592 a
647 1544 782 1606 scripturn
796 1558 878 1592 vacua
893 1550 939 1592 esi.

198 1717 225 1790 ξ.
242 1723 301 1774 199.
321 1722 381 1772 200.
397 1743 430 1762 =
441 1736 485 1782 pn.
505 1720 527 1770 I.
547 1721 579 1770 de
597 1727 642 1770 tut.
661 1719 694 1782 (1,
712 1717 759 1784 ae).
796 1715 939 1786 aeonsule]
963 1719 1000 1781 Of.
1020 1717 1089 1768 Suet.

126 1794 249 1844 Cranen.
279 1793 349 1842 Ptin.
365 1807 405 1856 ep.
419 1804 441 1858 9,
456 1803 488 1842 13.
516 1791 773 1856 Capitoi.Marc.10.
794 1791 852 1852 §.a
881 1789 1090 1840 decerneret.

124 1865 161 1932 (1,
181 1862 228 1930 ao).
