2696 4120
233 217 299 282 366
525 231 583 268 usu
600 232 691 269 nosris.
710 214 757 270 lv.
777 219 889 269 tto-to.

232 364 302 422 aliud
319 381 368 438 pro
384 363 436 419 alio
451 361 606 433 intenderit,
622 361 688 418 nihil
703 377 765 418 eum
786 361 939 435 periclitari,
955 377 1071 436 eumque
1090 379 1123 419 ex
1142 365 1183 420 ln·

231 457 310 523 tegno
326 464 407 522 egere
423 463 514 521 posse,
530 447 592 519 quia
606 445 673 502 nihil
689 455 751 502 ante
772 447 879 502 uidetur
901 447 1000 519 egisse,
1016 446 1092 502 uelut
1110 449 1133 504 si
1148 447 1181 518 is,

161 541 221 590 208.
233 535 280 606 qui
293 533 429 588 hominem
444 529 565 588 Stichum
585 531 590 599 Ι
608 538 701 603 petere
721 528 847 601 deberet,
864 528 972 585 erotem
992 531 1115 604 petierit,
1136 539 1182 588 aut

232 619 255 672 si
271 618 331 690 quis
346 632 379 672 es
394 622 557 671 testamento
572 613 631 669 dari
644 614 694 669 sihi
709 621 837 686 oportere
851 613 1008 685 intenderit,
1025 615 1068 670 cui
1086 630 1119 670 es
1134 615 1182 672 stl-

233 700 328 774 pulatu
347 697 504 768 debehatur,
521 705 566 753 aut
587 699 611 752 si
632 698 760 770 cognitor
779 705 825 754 aut
846 706 1006 770 procurator
1025 697 1180 769 intenderit,

233 786 283 841 sihi
295 783 353 839 dari
367 791 504 856 oportere.
540 777 588 841 56.
605 780 654 837 Set
664 780 725 852 plus
737 780 844 854 quidem
855 780 1004 852 intendere,
1018 783 1089 837 sicut
1100 799 1182 856 supra

233 868 356 938 diximus,
369 865 549 940 periculosum
561 872 618 933 cst3
634 866 721 920 minus
734 873 823 920 autern
839 864 980 921 intendere
994 865 1072 934 licet;
1088 865 1136 922 sed
1148 865 1182 922 de

232 952 338 1024 rehquo
360 952 429 1006 intra
445 949 565 1005 eiusdem
588 955 738 1021 praeturam
754 964 835 1021 agere
849 965 904 1004 non
918 950 1099 1022 permittitur:
1120 965 1182 1005 nam

233 1036 279 1108 qui
294 1037 330 1090 ita
346 1035 412 1108 agit,
428 1049 477 1107 per
492 1033 677 1105 exceptionem
693 1031 854 1105 excluditur,
870 1048 938 1106 quae
953 1033 1075 1106 exceptio
1091 1033 1182 1107 appel·

232 1119 303 1175 latur
317 1117 373 1174 litis
385 1116 518 1172 diuiduae.
548 1111 594 1174 67.
607 1118 641 1172 ht
652 1116 675 1170 si
687 1117 714 1171 in
726 1116 949 1174 condemnatione
959 1116 1022 1190 plus
1032 1111 1182 1190 'positum²

232 1205 279 1274 sit,
295 1219 374 1276 quam
397 1207 517 1275 oportet,
532 1201 632 1256 actoris
648 1200 757 1273 quidem
772 1200 920 1273 periculum
936 1199 1039 1256 nullum
1055 1209 1113 1270 est3
1134 1201 1182 1257 sed

231 1279 285 1362 ’(et
306 1301 391 1356 reus,
411 1277 508 1360 cum)²
528 1285 645 1356 iniquam
667 1283 810 1338 formulam
832 1285 974 1357 acceperit,
996 1286 1024 1340 in
1046 1286 1180 1357 integrum

234 1369 397 1440 restituitur,
419 1376 450 1423 ut
465 1369 602 1422 minuatur
616 1365 818 1423 condemnatio:
839 1369 862 1424 si
878 1383 943 1424 uero
959 1369 1047 1424 minus
1063 1370 1181 1442 positum

233 1452 326 1523 luerit,
343 1467 421 1524 quam
437 1458 558 1524 oportet,
578 1451 631 1507 hoc
645 1450 733 1508 solum
753 1453 931 1525 consequitur
947 1445 1093 1530 ’lactor,)³
1108 1451 1182 1526 quod

233 1537 340 1611 posuit;
361 1551 422 1591 nam
438 1542 497 1590 tota
511 1533 618 1606 quidem
633 1535 720 1590 resin
735 1533 862 1590 iudicium
882 1535 1033 1606 deducitur,
1048 1537 1182 1592 constrin-

233 1622 307 1695 gitur
333 1627 422 1675 autem
446 1618 676 1675 condemnationis
696 1616 766 1690 fine,
795 1635 874 1692 quam
900 1619 980 1675 iudex
1007 1619 1098 1692 egredi
1126 1636 1181 1676 non

233 1711 334 1779 potest,
364 1719 414 1760 nec
428 1719 460 1758 en
472 1719 502 1758 ea
516 1710 594 1776 parte
609 1709 721 1775 praetor
735 1701 762 1758 in
777 1703 912 1774 integrum
927 1704 1059 1759 restituit:
1076 1703 1180 1758 facilius

233 1789 302 1845 enim
318 1788 371 1843 reis
386 1795 495 1861 praetor
510 1787 644 1842 succurrit
664 1802 743 1858 quam
764 1787 913 1843 actoribus:
936 1786 1072 1858 loquimur
1091 1793 1180 1841 autem

234 1873 352 1946 exceptis
367 1869 514 1927 minoribus
529 1886 592 1928 xxv
606 1885 754 1938 annorum;
777 1887 838 1926 nam
858 1872 939 1927 huius
958 1871 1052 1926 aetatis
1068 1869 1181 1926 homini·

232 1955 283 2012 bus
305 1957 332 2012 in
354 1954 477 2011 omnibus
500 1953 581 2010 rebus
603 1953 687 2027 lapsis
709 1961 820 2028 praetor
840 1955 985 2012 succurrit,
1033 1951 1082 2012 58.
1104 1952 1132 2009 Si
1152 1954 1181 2010 in

232 2039 462 2096 demonstratione
477 2038 538 2112 plus
554 2045 601 2094 aut
616 2039 703 2093 minus
723 2039 843 2110 positum
864 2040 911 2111 slt,
931 2037 998 2094 nihil
1013 2039 1040 2094 in
1054 2037 1181 2094 iudicium

232 2124 388 2194 deducitur,
410 2132 438 2180 et
459 2123 520 2179 ideo
543 2137 586 2178 res
608 2123 636 2178 iu
657 2123 766 2195 integro
789 2130 891 2179 manet:
914 2130 942 2178 et
962 2123 1016 2179 hoc
1032 2130 1084 2195 est,
1108 2122 1180 2195 quod
1191 2137 1250 2186 [eos]

233 2208 331 2266 dicitur
345 2206 411 2263 lalsa
425 2207 656 2263 demonstratione
670 2221 727 2262 rem
748 2222 803 2261 non
820 2208 924 2280 perimi.
967 2202 1016 2264 59.
1040 2206 1091 2263 Sed
1108 2215 1181 2279 sunt,

232 2293 278 2365 qui
293 2298 401 2366 putant,
416 2292 503 2346 minus
518 2298 593 2346 recte
615 2289 807 2362 conprehendi,
825 2283 885 2345 ’ut4
905 2291 951 2363 qui
967 2289 1038 2347 iorte
1060 2290 1181 2360 Stichum

200 2393 202 2398 ’
232 2383 260 2432 et
272 2375 380 2431 Erotem
396 2375 501 2442 emerit,
516 2381 590 2430 recte
605 2372 734 2429 uideatur
747 2375 785 2430 ita
800 2373 998 2430 demonstrare:
1018 2389 1103 2439 oron
1118 2389 1181 2434 noo

233 2475 275 2515 n}
290 2475 331 2515 're
345 2471 491 2514 nominum
505 2472 632 2514 deornm
645 2473 712 2528 enm,
731 2464 759 2513 et
773 2458 797 2513 si
811 2457 888 2528 uelit,
903 2457 937 2514 de
954 2456 1047 2514 Sticho
1063 2458 1112 2515 alia
1127 2460 1182 2515 ior·

161 2551 220 2659 itui.
232 2541 303 2599 mula
317 2534 439 2598 lterum⁶
459 2547 531 2613 agat,
546 2541 609 2613 quia
631 2555 726 2596 uerum
748 2548 799 2610 est,
814 2557 876 2597 eum
895 2543 900 2612 Ι
920 2542 967 2614 qul
985 2541 1055 2599 duos
1076 2545 1180 2615 emerit,

184 2651 189 2661 .
199 2629 216 2659 Ι.
888 2631 890 2635 ’

305 2707 324 2775 ¹)
345 2709 464 2759 Gerremi.
479 2708 578 2771 petitum
589 2708 615 2758 0.
631 2709 665 2772 cf.
677 2711 758 2773 paulo
772 2709 846 2772 infra
860 2715 885 2758 et
897 2710 936 2771 ἕξ.
947 2713 994 2761 52⁸.
1005 2722 1038 2762 tt.
1091 2707 1111 2774 ²)
1126 2709 1181 2759 Ad-

231 2781 288 2831 didi
295 2781 359 2832 doec
366 2778 452 2839 aerbo,
459 2794 475 2828 o
482 2780 563 2829 sciolo
571 2782 686 2830 consulto
694 2781 795 2838 omisca,
805 2780 874 2844 quod
882 2787 959 2830 antea
966 2782 1020 2844 quia
1025 2795 1077 2843 pro
1084 2781 1180 2844 quidem

230 2853 355 2915 scriptum
367 2849 498 2914 effecerat,
513 2856 540 2898 ut
554 2857 630 2901 totam
643 2865 697 2900 rem
707 2865 845 2913 perperam
854 2858 965 2914 cuperet.
986 2847 1031 2899 ‘ai'
1047 2851 1086 2899 ed.
1096 2849 1144 2916 Bp.

232 2919 253 2988 3)
264 2921 372 2970 Addidi.
419 2917 441 2986 ⁴)
456 2920 482 2971 V
483 2918 505 2954 ¹²
513 2935 565 2984 pro
575 2919 650 2988 n(am)
663 2920 752 2971 Gdcclt.
763 2919 855 2970 Sched.
870 2922 936 2980 edd,
951 2921 1017 2970 unde
1027 2927 1119 2985 postea
1128 2936 1181 2985 pre

230 2992 326 3043 uidetur
339 2991 367 3041 V
368 2985 389 3026 ¹⁸
401 2992 498 3055 scripsi
511 2992 627 3042 uideatur.
678 2988 699 3057 ⁵)
709 2991 734 3040 id
744 2988 793 3056 (oet
802 2992 833 3055 qd
843 2990 946 3057 Sched.)
965 2991 992 3040 V
993 2987 1021 3040 ¹³.
1036 2992 1105 3056 quod
1112 3007 1181 3042 nunc

226 3149 255 3199 p.
268 3145 303 3195 et,
313 3143 347 3185 to.
363 3133 467 3183 Lachm.
482 3132 514 3182 L.
529 3143 550 3185 t.
572 3134 595 3194 ἕ.
611 3142 631 3184 5.
645 3132 678 3180 D.
693 3132 725 3181 de
738 3134 779 3181 rei
793 3133 862 3181 vind.
878 3131 908 3196 (o,
919 3131 950 3198 1).
974 3133 996 3182 si
1010 3131 1130 3201 cognitor]
1145 3134 1180 3197 cf.

230 3207 254 3268 ᾖ.
269 3216 303 3256 st.
357 3199 383 3273 ξ
398 3207 440 3256 56.
460 3200 543 3270 supra]
559 3204 582 3264 ἕ.
597 3213 631 3254 ua.
646 3199 735 3269 minus]
751 3202 786 3266 cf.
801 3201 833 3251 L.
849 3213 869 3252 1.
884 3205 907 3265 5.
924 3215 943 3254 1.
961 3202 987 3252 0.
1002 3204 1034 3253 de
1044 3207 1115 3267 plur.
1127 3212 1180 3268 pet.

230 3275 263 3342 (ti,
279 3273 323 3340 10).
338 3303 373 3313 -
386 3274 418 3324 L.
434 3286 467 3327 18.
482 3275 515 3322 D.
530 3289 616 3323 comm.
631 3273 682 3321 dio·
697 3271 741 3338 (10,
756 3272 786 3336 ³).
806 3288 855 3325 exc.
871 3273 905 3325 lit.
921 3269 983 3340 diu]
1000 3274 1034 3338 cf.
1051 3277 1074 3336 ξ.
1091 3287 1136 3326 tm.

229 3343 256 3415 ᾗ.
272 3349 315 3399 il.
339 3342 454 3411 positum]
473 3345 507 3408 cf.
523 3345 546 3405 5.
561 3355 595 3395 oe.
615 3340 795 3410 constringitur]
812 3345 846 3407 es.
861 3345 884 3406 ξ.
899 3347 946 3395 52⁸.
971 3345 996 3392 in
1011 3345 1094 3407 integr.
1109 3341 1180 3412 rest]

230 3417 265 3480 ef.
280 3419 320 3480 §i
335 3428 369 3469 so.
384 3427 430 3468 ree.
446 3425 466 3474 a,
481 3426 528 3465 roe.
591 3409 617 3481 ξ.
633 3414 674 3464 58.
696 3413 734 3478 Of.
749 3415 788 3476 §S
803 3426 837 3466 ec.
852 3425 885 3465 55.
950 3409 976 3482 S.
991 3416 1033 3466 69.
1055 3415 1094 3479 Cf.
1106 3416 1136 3465 L.
1147 3427 1180 3467 ee.

231 3487 262 3536 D.
278 3489 310 3536 de
324 3495 374 3536 act.
390 3486 466 3549 empti
479 3483 524 3550 (19,
538 3481 570 3547 1).
590 3484 621 3533 L.
637 3496 669 3536 1‘1.
685 3485 709 3547 §-
723 3497 744 3536 ο.
761 3485 794 3534 Ι).
809 3485 928 3536 commod.
944 3484 989 3550 (18,
1003 3485 1035 3550 o).
1051 3511 1085 3523 -
1099 3486 1132 3535 L.
1147 3496 1180 3538 18.

230 3560 254 3619 5.
269 3570 289 3608 1.
305 3557 336 3606 D.
352 3558 383 3606 de
393 3570 502 3619 procur.
518 3547 595 3620 (9.1).
