2696 4120
267 243 331 310 300
563 257 624 294 eurr
641 255 744 292 rssrrr.
762 236 809 296 III.
828 242 938 294 tt-ol.

267 401 412 459 heredatos
428 417 483 458 nou
505 401 651 474 pertinent.
681 397 732 458 59.
755 401 821 455 ltem
838 401 906 456 ciuis
921 399 1032 457 Romani
1046 400 1143 459 libera·
1155 401 1233 460 here·

268 485 337 544 ditas
349 487 381 542 ad
393 487 462 542 duos
477 486 606 562 pluresue
618 493 748 558 patronos
762 486 910 558 aequaliter
923 487 1052 559 pertinet,
1068 486 1131 544 licet
1142 487 1234 564 dispar

267 573 295 627 in
318 587 351 627 eo
375 587 456 627 seruo
479 571 626 626 dominium
650 567 808 638 habuerint;
832 569 901 626 bona
917 587 985 626 uero
1002 569 1159 627 Latinorum
1181 591 1231 648 pro

267 672 299 712 ea
325 664 403 729 parte
422 657 577 730 pertinent,
606 670 656 728 pro
673 670 725 726 qua
748 663 824 727 parte
847 655 963 728 quisque
986 672 1081 711 eorum
1103 656 1230 714 dominns

267 740 359 798 luerit.
402 735 454 796 6⁰.
477 739 543 794 item
564 741 591 794 in
613 739 762 794 hereditate
778 740 845 794 ciuis
861 739 971 796 llomani
992 740 1082 798 liberti
1100 749 1232 814 patronus

267 825 380 880 alterius
395 826 503 898 patroni
521 823 604 878 lilium
620 823 755 894 excludit,
778 831 805 878 et
828 821 898 880 lilius
920 826 1028 898 patroni
1049 825 1161 882 alterius
1183 845 1231 901 pa·
1274 839 1278 846 ·

199 911 340 974 142.troui
355 919 482 984 nopotem
501 907 623 981 repellit:
646 906 716 963 bona
739 917 827 964 auteur
850 904 1014 985 Laltiuorum
1037 919 1065 966 et
1087 911 1231 985 adipsum

265 1004 410 1068 patronum
433 1003 461 1050 et
476 993 507 1049 ad
524 994 639 1050 alterius
662 995 769 1067 patroni
790 994 934 1066 heredem,
957 1009 1007 1067 pro
1030 1011 1082 1068 qua
1105 1005 1182 1068 parte
1198 999 1230 1052 ad
1246 1008 1299 1061 [ses]

265 1079 354 1152 ipsum
371 1079 593 1134 manumissorem
609 1081 790 1152 pertinerent,
806 1079 897 1136 ’simul
912 1073 1073 1152 pertinent.¹
1103 1075 1148 1138 61.
1163 1082 1230 1137 ltem

265 1164 289 1219 si
304 1165 384 1219 unius
407 1165 514 1238 patroni
538 1171 594 1219 tres
604 1163 688 1218 loric
704 1163 781 1219 liberi
795 1173 860 1220 sunt
875 1173 902 1220 et
918 1163 1028 1219 alterius
1043 1179 1128 1235 unus,
1151 1166 1230 1222 bere·

265 1247 335 1303 ditas
350 1249 418 1304 ciuis
433 1249 545 1304 Romani
561 1247 649 1304 liberti
665 1249 793 1321 incapite
808 1248 949 1319 diuiditur,
965 1247 1046 1304 idest
1061 1258 1115 1305 tres
1131 1249 1229 1305 iratres

267 1340 323 1387 tres
338 1334 479 1405 portiones
500 1331 593 1388 lerunt
608 1341 636 1388 et
652 1349 722 1388 unus
741 1341 881 1410 quartam3
905 1333 977 1388 bona
992 1349 1058 1389 uero
1074 1333 1229 1390 Latinorum

264 1431 315 1489 pro
330 1432 360 1471 ea
376 1423 453 1488 parte
469 1416 501 1470 ad
516 1432 689 1472 successores
705 1419 852 1490 pertinent,
865 1433 915 1492 pro
932 1434 985 1490 qun
999 1427 1077 1491 parte
1091 1418 1124 1474 ad
1139 1420 1230 1492 ipsum

264 1503 487 1556 manumissorem
505 1502 684 1574 pertinerent.
714 1497 762 1558 62.
785 1502 850 1558 ltem
872 1504 895 1557 si
917 1501 985 1557 alter
1005 1518 1037 1558 ex
1052 1505 1085 1559 ils
1106 1505 1229 1576 patronis

264 1599 340 1639 sunm
360 1591 463 1658 partem
485 1586 513 1640 in
535 1585 686 1641 hereditate
706 1588 773 1642 oiuis
794 1586 905 1642 Romani
926 1587 1016 1642 liberti
1036 1597 1162 1660 spernat,
1184 1587 1230 1644 uel

264 1677 327 1724 ante
342 1671 473 1724 moriatur
490 1685 569 1743 quam
581 1680 685 1742 cernat,
701 1679 760 1726 tota
772 1670 906 1726 hereditas
922 1671 955 1726 ad
967 1671 1082 1726 alterum
1094 1675 1229 1745 pertinet;

263 1752 335 1809 hona
350 1762 439 1810 autem
455 1753 542 1810 Latini
560 1771 609 1828 pro
631 1764 707 1829 parte
723 1748 907 1828 'deficientis²
921 1757 1030 1829 patroni
1045 1755 1144 1814 caduca
1160 1755 1230 1814 liunt

264 1845 291 1894 et
307 1838 339 1894 ad
357 1838 487 1912 populum
502 1841 648 1912 pertinent.

327 1918 375 1983 63.
399 1922 498 1980 Postea
514 1923 590 1998 Lupo
615 1934 642 1980 et
657 1923 746 1998 Largo
762 1923 919 1980 consulibus
933 1934 1045 1980 senatus
1060 1927 1176 1998 censuit,
1197 1935 1230 1982 ut

263 2007 497 2064 bonaLatinorum
510 2009 627 2082 primum
639 2009 744 2066 adeum
756 2010 935 2084 pertinerent,
949 2011 994 2082 qui
1007 2025 1055 2066 eos
1067 2009 1228 2078 liberasset;

262 2091 360 2148 deinde
376 2092 409 2148 ad
424 2092 524 2149 liberos
540 2109 634 2150 eorum
650 2111 706 2150 non
721 2095 877 2150 nominatim
893 2093 1082 2166 exheredatos,
1099 2097 1139 2151 uti
1154 2097 1229 2169 quis·

263 2193 317 2250 que
331 2179 470 2251 proximus
487 2187 573 2252 esset;
596 2188 662 2235 tuuc
676 2181 787 2252 antiquo
803 2181 862 2234 iure
876 2178 908 2234 ad
924 2179 1038 2235 heredes
1053 2195 1158 2256 eorum,
1181 2180 1228 2254 qui

261 2259 437 2334 liberassent,
464 2265 642 2336 pertinerent.
686 2259 735 2320 64.
760 2261 818 2330 Quo
834 2271 946 2318 senatus
968 2263 1096 2320 consulto
1119 2264 1228 2338 quidam

263 2338 351 2422 ’(ιίὶ)8
372 2354 461 2401 actum
477 2363 537 2402 esse
558 2357 670 2422 putant,
694 2357 724 2404 ut
743 2348 771 2402 in
790 2346 868 2404 bonis
883 2346 1040 2404 Latinorum
1057 2349 1152 2405 eodem
1168 2351 1227 2405 iure

262 2436 377 2500 utamur,
400 2447 454 2504 quo
471 2431 574 2488 utimur
595 2434 622 2488 iu
638 2432 791 2488 hereditate
806 2432 907 2488 ciuium
922 2433 1105 2489 Romanorum
1125 2433 1228 2489 liberti·

261 2529 372 2570 norum:
389 2508 501 2588 idque*
517 2518 629 2572 maxime
645 2516 749 2590 Pegaso
766 2517 881 2590 placuit,
898 2533 967 2590 quae
981 2520 1116 2574 sententia
1132 2526 1225 2590 aperte
1262 2581 1264 2586 ,
1335 2519 1338 2576 ss

261 2597 326 2654 lalsa
342 2607 398 2655 est:
421 2615 481 2655 nam
497 2603 564 2657 ciuis
579 2600 691 2658 Romani
712 2601 802 2657 liberti
818 2601 954 2657 hereditas
970 2618 1116 2676 numquam
1132 2601 1164 2656 ad
1180 2617 1225 2656 eu·
1336 2621 1337 2632 ¹

194 2679 250 2732 143.
263 2692 371 2740 maneos
398 2687 506 2758 patroni
530 2685 642 2743 heredes
666 2679 670 2764 l
695 2688 829 2761 pertinet;
858 2684 929 2742 bona
956 2693 1044 2741 autem
1067 2685 1224 2740 Latinorum

261 2761 361 2823 etiam⁵
377 2785 409 2824 es
431 2770 484 2826 hoc
505 2771 565 2843 ipso
583 2779 693 2828 senatus
714 2771 841 2827 consulto
865 2787 919 2827 non
942 2767 1110 2825 obstantibus
1130 2767 1223 2823 liberis

335 2883 355 2951 ¹)
373 2885 548 2950 lbansposai:
572 2891 599 2938 in
621 2889 647 2939 0.
667 2897 693 2938 et
710 2889 768 2939 edd.
789 2897 848 2939 ente
867 2903 910 2952 pro
932 2902 977 2952 qua
1001 2891 1068 2949 perte
1093 2887 1223 2950 leguntur.

260 2955 416 3007 Mommsenio
431 2966 538 3009 auctore
553 2956 590 3028 [et
603 2961 633 3010 ed
652 2961 730 3024 ipsum
745 2957 884 3028 patronum]
900 2960 939 3010 ed.
954 2957 1027 3008 Stnd.
1056 2971 1107 3021 qua
1121 2957 1224 3007 ratione

259 3042 337 3076 cerus
350 3043 441 3078 sensus
454 3045 548 3080 rursus
562 3033 694 3081 evertitur.
770 3025 790 3096 ¹)
810 3029 856 3079 Ec
877 3030 969 3080 Gdselt.
989 3031 1021 3092 ej.
1042 3028 1181 3078 decedentis
1198 3027 1224 3077 0.

261 3093 390 3164 ⁰)(idseb.
410 3108 481 3150 recte
500 3103 604 3152 addidit
622 3102 668 3168 (em
686 3102 771 3168 quid).
845 3099 868 3168 4)
882 3102 928 3151 Ee
949 3100 1040 3151 Gdsclt.
1061 3102 1093 3163 ci.
1113 3100 1224 3163 idemque

261 3167 287 3218 0.
303 3170 342 3218 ed.
357 3169 405 3236 Bp.
476 3169 497 3238 ὓ)
512 3173 536 3223 b.
548 3189 568 3223 e.
580 3189 630 3225 non
644 3181 742 3223 tontum
756 3175 863 3237 antiqno
873 3176 931 3222 ture
941 3174 988 3222 sed
1001 3172 1085 3221 etiam.

330 3272 355 3345 ξ.
370 3279 412 3328 59.
430 3279 468 3342 Os.
479 3279 511 3332 L.
521 3292 543 3330 4.
563 3283 586 3343 §-
601 3293 634 3332 no.
657 3281 682 3330 0.
698 3281 730 3330 de
745 3279 801 3330 bon.
817 3278 859 3330 tib.
875 3278 906 3343 (c,
920 3277 953 3344 4).
973 3277 1005 3327 L.
1020 3290 1054 3330 sa.
1074 3278 1106 3326 D.
1120 3277 1152 3327 de
1167 3277 1223 3326 bon.

258 3347 301 3397 tib.
316 3347 362 3412 (se,
373 3349 405 3414 e).
460 3347 486 3420 ξ.
502 3354 544 3404 60.
566 3353 604 3416 Cf.
625 3352 679 3415 Utp.
695 3362 729 3412 aa,
744 3361 763 3400 2.
780 3362 800 3402 s.
821 3349 897 3399 Paul.
913 3361 933 3412 s,
949 3362 969 3400 e.
990 3351 1013 3412 §-
1029 3361 1049 3400 1.
1069 3349 1101 3400 L.
1114 3361 1135 3399 a.
1155 3349 1178 3410 ξ.
1190 3359 1223 3398 19.

260 3419 418 3483 betete.
439 3419 651 3473 idemesttb.
674 3423 709 3487 (o,
730 3419 760 3486 a).
829 3416 1224 3489 §.61.0f.lltp.er‚s§.e.

258 3489 328 3540 LL.
343 3503 365 3541 4.
385 3493 408 3554 ξ.
424 3505 458 3544 19.
481 3493 505 3542 0.
526 3495 569 3542 cit.
661 3487 686 3560 ξ
702 3493 744 3542 62.
766 3491 804 3554 Of.
821 3492 896 3540 Paul.
912 3503 932 3553 e,
948 3501 968 3544 2.
984 3493 1007 3552 ξ.
1023 3501 1188 3553 2.—supra
1202 3499 1224 3550 2,

255 3569 305 3611 188.
321 3573 367 3613 150.
434 3559 458 3630 ξ.
475 3566 516 3615 63.
539 3563 577 3626 Cf.
592 3565 615 3625 ᾖ.
630 3575 651 3612 4.
671 3561 694 3612 Ι.
709 3563 741 3611 de
755 3577 824 3612 succ.
842 3562 883 3611 lib.
899 3561 931 3625 (3,
947 3559 978 3622 t).
999 3557 1088 3629 Largo]
1104 3576 1125 3609 e.
1139 3572 1166 3612 42
1181 3557 1224 3626 (l).

258 3625 284 3698 ξ.
300 3633 342 3682 64.
364 3632 402 3695 Cf.
418 3635 457 3694 ξς.
472 3645 507 3685 as.
522 3633 653 3686 cs-L.
668 3645 702 3684 ao.
722 3633 754 3682 D.
770 3632 873 3682 debon.
889 3633 931 3682 tib.
948 3632 993 3699 (oe,
1008 3631 1040 3698 n).
