2700 4118
267 189 330 253 678
464 202 521 240 mos.
541 205 573 240 na
591 205 650 240 nou.
671 203 761 241 neuun
779 203 884 240 connum
904 185 936 240 X.
957 191 981 240 3.
1001 191 1026 240 4.

269 339 405 410 lmpeusas
422 342 509 391 tamen
532 335 696 391 necessarias
719 334 777 390 iure
800 333 988 407 persequitur,
1012 349 1079 406 quas
1101 333 1173 391 forte
1194 335 1227 390 iri

268 435 390 495 aegrum,
413 417 457 475 uel
473 419 542 486 aliasv
559 417 724 475 laborantem
741 417 911 492 impenderit.
956 413 983 474 6.
1010 412 1078 474 ¹Res
1100 417 1227 490 deposita

269 507 291 560 si
319 502 499 577 subripiatur,
526 501 650 558 dominus
678 495 850 558 'dumtaxat2
878 500 958 558 habet
985 501 1051 558 furti
1079 503 1225 574 actionem,

270 588 391 662 quamuis
406 587 474 658 eius,
491 585 562 661 apud
578 602 657 659 quem
672 601 716 642 res
732 585 853 660 deposita
869 593 919 656 est,
937 586 1053 657 intersit,
1070 585 1103 641 ob
1119 585 1225 658 impen-

268 687 311 728 sas
327 673 354 726 in
369 686 426 727 rem
442 669 525 727 iactas
541 686 597 726 rern
614 671 740 726 retinere.
777 669 801 724 Is
824 685 901 741 uero,
924 672 967 726 oui
989 686 1032 725 res
1055 669 1226 726 commodata

271 757 318 827 sit,
334 755 401 810 furti
416 756 530 829 experiri
547 753 663 825 debebit,
679 755 702 809 si
718 753 797 810 modo
813 753 945 810 soluendo
962 748 1067 810 fuerit.³
1103 748 1128 809 7.
1144 753 1224 810 Aetio

268 837 430 896 commodati
452 853 560 912 semper
580 839 609 894 in
624 837 750 910 simplum
766 839 909 910 competit:
933 837 1051 911 depositi
1073 853 1138 893 uero
1154 853 1223 894 nou·

270 938 406 995 nunquam
422 923 450 977 in
466 920 594 996 duplum,
616 922 719 977 scilicet
733 922 756 977 si
771 922 874 992 ruinae,
891 921 935 976 uel
950 920 1100 996 naufragii,
1124 920 1166 976 uel
1181 922 1223 976 in-

268 1006 366 1074 cendii,
383 1014 429 1062 aut
444 1005 576 1062 tumuitus
592 1019 670 1062 eausa
686 1021 730 1062 res
745 1000 919 1078 deponatur:¹

331 1088 397 1164 Kap.
422 1088 463 1146 111.
508 1082 807 1162 liermogeniunus
836 1087 897 1144 sub
925 1089 1032 1146 titulo
1059 1089 1097 1145 de
1119 1089 1222 1162 depo·

268 1176 339 1230 sito
363 1171 559 1230 huiusmodi
581 1174 710 1228 inserit
732 1167 1058 1229 'constitutiorres:⁵
1093 1169 1117 1230 1.
1141 1173 1222 1230 'litem

269 1259 385 1332 Augusti
407 1266 435 1314 et
456 1249 596 1312 Gaesares⁰
618 1249 729 1312 Flauio7
752 1256 880 1316 Munatio.
924 1254 1004 1328 Eum,
1033 1257 1079 1330 qui
1102 1258 1222 1330 suscepit

266 1341 430 1414 depositum,
448 1340 549 1411 dolum,
566 1356 621 1396 non
636 1342 715 1396 etiam
730 1356 820 1396 casum
835 1347 984 1413 praestare,
1004 1343 1072 1398 certi
1087 1342 1152 1396 iuris
1168 1349 1219 1397 est.

267 1423 333 1479 Cum
348 1425 438 1496 itaque
453 1439 606 1497 proponas,
621 1425 692 1498 ignis
709 1426 735 1479 ui
751 1423 880 1497 quaedam
894 1431 1009 1480 cremata
1024 1424 1058 1480 de
1072 1425 1129 1494 his,
1154 1440 1221 1498 qnae

268 1506 315 1563 tibi
331 1506 407 1563 suere
422 1507 615 1579 commendata,
631 1525 682 1565 nea
697 1507 780 1563 ullum
793 1507 885 1564 dolum
896 1509 923 1562 in
939 1507 1127 1564 subtrahendis
1139 1508 1219 1564 rebus
1254 1554 1256 1559 .

267 1589 424 1664 adhibitum,
447 1597 538 1648 rector
560 1593 714 1666 prouinciae
736 1591 802 1647 nihii
818 1599 911 1648 contra
927 1593 993 1647 iuris
1014 1593 1147 1648 rationem
1161 1591 1219 1648 iieri

266 1675 392 1750 patietur.
437 1673 469 1731 Et
484 1677 611 1748 quoniam
630 1667 725 1731 'necti⁸
742 1677 863 1748 quereris
879 1691 977 1745 moras,
1000 1674 1118 1732 adhibita
1134 1677 1219 1732 uarie·

266 1767 338 1830 tate,
360 1761 501 1834 negotium
515 1761 589 1817 inter
603 1775 654 1814 uos
670 1765 758 1815 ortum
781 1758 928 1817 seeundum
950 1761 1016 1815 iuris
1035 1760 1156 1816 ordinem
1171 1775 1220 1816 sua

265 1845 369 1900 ratione
385 1843 534 1904 deridetur.
570 1841 726 1917 Subscripta
736 1857 805 1901 vrrs.
820 1843 877 1899 Kal.
890 1843 940 1899 lul.
957 1842 1074 1915 Serdica,
1090 1845 1219 1918 Augustis

265 1921 352 1984 coss.⁹

329 2011 396 2085 liap.
419 2010 461 2068 IV.
504 2010 586 2067 iidem
608 2011 733 2086 ’Augusti
749 2020 775 2068 et
791 2003 946 2068 Caesares¹⁰
963 2010 1000 2068 ΡΙ.
1018 2012 1126 2068 Aurelio
1141 2013 1217 2068 Atte-
1229 2021 1287 2070 [⁶82]

265 2097 326 2152 nico
342 2094 504 2156 Andronico.
548 2093 612 2166 Eos,
635 2111 810 2169 penequuos
833 2103 937 2152 uestem
959 2103 987 2152 et
1009 2098 1114 2170 argenti
1136 2103 1218 2152 mate·

265 2181 331 2234 riam
354 2177 512 2252 deposuisse
533 2171 627 2254 ²(te)¹¹
653 2181 793 2253 proponis,
816 2179 887 2253 apud
908 2187 1043 2236 reatorem
1064 2181 1218 2253 prouinciae

264 2264 393 2320 conuenit
408 2263 584 2336 interrogari:
607 2260 662 2336 ’qni
678 2257 764 2334 eos¹²,
786 2263 844 2320 siue
860 2270 979 2334 teneant,
995 2264 1053 2319 siue
1068 2262 1132 2319 doio
1148 2263 1218 2320 iece-

265 2349 334 2419 rint,
363 2348 506 2420 quominus
527 2347 633 2418 possint
654 2348 815 2418 restituere,
843 2346 991 2404 secundum
1018 2346 1117 2402 bonam
1139 2346 1217 2403 fidem

265 2427 313 2484 tibi
338 2429 494 2486 satisfacere
521 2429 674 2504 compellet.
719 2429 875 2504 Subscripta
896 2445 939 2490 vr.
960 2429 1018 2492 Kal.
1042 2429 1139 2505 Aprilis
1161 2430 1216 2486 Sir·

263 2512 320 2585 mii,
336 2509 425 2568 Caess.
441 2505 543 2570 coss.¹³

338 2695 358 2764 ¹)
375 2697 413 2761 Cf.
432 2697 487 2748 Gai.
499 2709 578 2756 mot.
631 2695 652 2763 ²)
667 2698 711 2748 Ex
721 2698 878 2766 Sebultinpii
892 2703 925 2764 qi.
940 2699 986 2766 (se.
1002 2717 1037 2751 eas
1050 2702 1117 2768 siglo
1132 2699 1216 2768 dumi.)

264 2767 345 2818 domui
361 2768 423 2818 Cdd.
443 2783 472 2818 eo
491 2769 585 2819 nomine
605 2769 644 2819 ed.
659 2769 700 2820 Bt.
766 2766 786 2836 8)
802 2770 840 2834 Cf.
855 2771 887 2820 L.
903 2783 929 2822 14
938 2773 984 2834 fin.
1004 2772 1036 2821 J..
1051 2783 1085 2824 su.
1105 2774 1128 2835 ἓ.
1144 2786 1163 2823 1.
1183 2772 1215 2820 D.

263 2840 295 2888 de
307 2839 373 2902 furt.
389 2837 434 2905 (47,
449 2837 479 2904 2).
499 2839 531 2889 L.
546 2851 580 2893 28.
604 2841 636 2890 D.
656 2855 709 2890 rer.
728 2847 802 2891 umet.
818 2839 867 2906 (Ab.
882 2840 913 2907 2).
978 2838 1001 2909 ⁴)
1016 2843 1055 2906 Cf.
1070 2843 1101 2892 L.
1117 2855 1137 2894 1.
1157 2843 1180 2905 5.
1195 2854 1215 2892 1.

263 2909 295 2958 L.
310 2920 343 2960 18.
366 2909 397 2958 D.
413 2911 499 2973 depos.
514 2909 563 2976 (16,
577 2909 609 2976 s).
675 2907 696 2976 ὁ)
711 2911 880 2960 constitutione
893 2911 924 2960 B.
944 2911 1005 2978 (Ve.
1025 2913 1066 2962 Vi.
1081 2913 1145 2963 daeo
1159 2913 1216 2979 nm.)

262 2979 457 3030 constitutionem
471 2981 528 3030 edd.
558 2980 596 3044 Of.
615 2981 647 3031 de
666 2981 707 3030 dis
725 2981 833 3032 Haenel.
848 2981 935 3032 Herm.
954 2983 979 3034 0.
995 2999 1023 3047 p.
1038 2995 1072 3036 te.
1137 2979 1217 3050 ⁶)ssoe

264 3050 352 3099 Ouiae.
368 3052 400 3114 qi.
417 3051 479 3100 idem
494 3057 605 3113 augustus
620 3066 689 3100 cesar
702 3050 733 3100 B.
754 3051 814 3118 (Ve.
834 3053 876 3101 Vi.
891 3051 948 3118 orn.)
964 3054 1027 3104 idem
1041 3055 1158 3116 Angustus
1173 3053 1216 3119 (et)

262 3120 351 3170 Caesar
364 3122 403 3170 ed.
419 3121 460 3172 Bi.
525 3120 545 3186 7)
560 3122 645 3170 ilanins
659 3121 690 3170 B.
710 3122 744 3170 Fi.
759 3123 817 3173 edd.
873 3121 895 3188 ⁸)
909 3131 980 3174 nectu
993 3124 1024 3174 B.
1045 3139 1089 3174 neo
1108 3125 1149 3174 Vi.
1170 3124 1214 3174 Ve.

262 3206 306 3240 nee
320 3198 346 3240 tu
360 3193 417 3245 edd.
446 3192 483 3251 Is,
498 3194 543 3256 qui
556 3191 667 3242 libellum
682 3193 765 3252 dedit,
780 3193 812 3242 ab
826 3208 863 3251 eo,
879 3196 923 3258 qui
936 3210 979 3244 res
993 3196 1064 3258 opud
1076 3197 1159 3258 ipsum
1173 3196 1215 3244 de·

259 3271 395 3326 posuerat,
410 3264 512 3327 aliquid
520 3265 617 3326 petisse
631 3263 749 3320 videtum·
763 3265 807 3313 oui
821 3266 943 3328 petitioni
956 3281 1013 3315 uum
1026 3267 1070 3315 iiie
1084 3265 1215 3324 obiiceret,

261 3334 331 3398 qacod
347 3349 434 3384 rerum
453 3335 626 3397 depositorum
647 3339 746 3386 nomine
767 3333 818 3383 sibi
838 3334 985 3394 deberetur,
1007 3351 1094 3386 moras
1114 3343 1216 3386 nectere

260 3406 389 3453 visusest.
450 3401 471 3469 ⁹)
486 3419 510 3452 a.
526 3414 647 3456 neo-sue.
712 3401 744 3469 ¹⁰)
759 3404 803 3453 Ere
819 3404 905 3456 Ouiae.
921 3409 953 3470 qi.
968 3412 1080 3468 augustus
1096 3412 1119 3454 et
1133 3419 1215 3455 cesare

259 3473 299 3608 {iq
345 3471 378 3539 ιι)
393 3473 501 3524 Addidi.
556 3469 588 3539 12)
604 3473 667 3538 quod
684 3473 745 3524 Cdd.
761 3475 817 3525 edd.
835 3474 879 3542 (em
893 3492 915 3540 q.
932 3475 984 3543 eos)
1004 3491 1064 3542 quos
1078 3478 1110 3540 φ’.
1128 3476 1215 3526 Ouiae.

314 3558 338 3592 α.
353 3554 475 3596 294-802.
