<?xml version="1.0" encoding="UTF-8"?>
<!DOCTYPE html PUBLIC "-//W3C//DTD XHTML 1.0 Transitional//EN"
    "http://www.w3.org/TR/xhtml1/DTD/xhtml1-transitional.dtd">
<html xmlns="http://www.w3.org/1999/xhtml" xml:lang="en" lang="en">
 <head>
  <title>
</title>
<meta http-equiv="Content-Type" content="text/html;charset=utf-8" />
  <meta name='ocr-system' content='tesseract 3.04.00' />
  <meta name='ocr-capabilities' content='ocr_page ocr_carea ocr_par ocr_line ocrx_word'/>
</head>
<body>
  <div class='ocr_page' id='page_1' title='image "./ivrisprvdentiae00huscgoog_0459.png"; bbox 0 0 2684 4112; ppageno 0'>
   <div class='ocr_carea' id='block_1_1' title="bbox 362 1010 822 1086">
    <p class='ocr_par' dir='ltr' id='par_1_1' title="bbox 362 1010 822 1086">
     <span class='ocr_line' id='line_1_1' title="bbox 362 1010 822 1086; baseline 0.004 -2"><span class='ocrx_word' id='word_1_1' title='bbox 362 1010 547 1084; x_wconf 78' lang='lat' dir='ltr'><strong>AEMILII</strong></span> <span class='ocrx_word' id='word_1_2' title='bbox 572 1011 822 1086; x_wconf 85' lang='lat' dir='ltr'><strong>PAPINIANI</strong></span> 
     </span>
    </p>
   </div>
   <div class='ocr_carea' id='block_1_2' title="bbox 166 1147 1022 1215">
    <p class='ocr_par' dir='ltr' id='par_1_2' title="bbox 166 1147 1022 1215">
     <span class='ocr_line' id='line_1_2' title="bbox 166 1147 1022 1215; baseline 0.002 -7"><span class='ocrx_word' id='word_1_3' title='bbox 166 1168 207 1209; x_wconf 76' lang='lat' dir='ltr'><strong><em>EX</em></strong></span> <span class='ocrx_word' id='word_1_4' title='bbox 230 1168 291 1210; x_wconf 87' lang='lat' dir='ltr'><strong>LIB.</strong></span> <span class='ocrx_word' id='word_1_5' title='bbox 315 1167 337 1208; x_wconf 82' lang='grc' dir='ltr'><strong><em>Ι.</em></strong></span> <span class='ocrx_word' id='word_1_6' title='bbox 360 1166 583 1210; x_wconf 75' lang='lat' dir='ltr'><strong><em>RBSPONSORVM</em></strong></span> <span class='ocrx_word' id='word_1_7' title='bbox 605 1167 662 1210; x_wconf 78' lang='lat' dir='ltr'><strong><em>SVB</em></strong></span> <span class='ocrx_word' id='word_1_8' title='bbox 684 1169 799 1211; x_wconf 76' lang='lat' dir='ltr'><strong>&#39;I‘ITVLO</strong></span> <span class='ocrx_word' id='word_1_9' title='bbox 820 1169 863 1211; x_wconf 70' lang='lat' dir='ltr'><strong><em>DE</em></strong></span> <span class='ocrx_word' id='word_1_10' title='bbox 884 1147 1022 1215; x_wconf 56' lang='lat' dir='ltr'><strong><em>nous]</em></strong></span> 
     </span>
    </p>
   </div>
   <div class='ocr_carea' id='block_1_3' title="bbox 39 1302 1070 1380">
    <p class='ocr_par' dir='ltr' id='par_1_3' title="bbox 39 1302 1070 1380">
     <span class='ocr_line' id='line_1_3' title="bbox 39 1302 1070 1380; baseline 0.002 -18"><span class='ocrx_word' id='word_1_11' title='bbox 39 1329 103 1378; x_wconf 72' lang='lat'>[³51]</span> <span class='ocrx_word' id='word_1_12' title='bbox 183 1305 254 1362; x_wconf 87' lang='lat' dir='ltr'><strong><em>Inter</em></strong></span> <span class='ocrx_word' id='word_1_13' title='bbox 275 1308 362 1362; x_wconf 86' lang='lat' dir='ltr'><strong><em>uirum</em></strong></span> <span class='ocrx_word' id='word_1_14' title='bbox 384 1315 411 1363; x_wconf 84' lang='lat' dir='ltr'><strong><em>et</em></strong></span> <span class='ocrx_word' id='word_1_15' title='bbox 434 1322 545 1363; x_wconf 86' lang='lat' dir='ltr'><strong><em>uxorem</em></strong></span> <span class='ocrx_word' id='word_1_16' title='bbox 568 1315 643 1380; x_wconf 79' lang='lat' dir='ltr'><strong><em>pactu</em></strong></span> <span class='ocrx_word' id='word_1_17' title='bbox 666 1323 719 1364; x_wconf 90' lang='lat' dir='ltr'><strong><em>non</em></strong></span> <span class='ocrx_word' id='word_1_18' title='bbox 734 1307 822 1364; x_wconf 85' lang='lat' dir='ltr'><strong><em>solum</em></strong></span> <span class='ocrx_word' id='word_1_19' title='bbox 838 1307 928 1366; x_wconf 83' lang='lat' dir='ltr'><strong><em>uerbis</em></strong></span> <span class='ocrx_word' id='word_1_20' title='bbox 949 1305 1007 1364; x_wconf 81' lang='lat' dir='ltr'><strong><em>’sed</em></strong></span> <span class='ocrx_word' id='word_1_21' title='bbox 1022 1302 1070 1364; x_wconf 85' lang='lat' dir='ltr'><strong><em>et²</em></strong></span> 
     </span>
    </p>
   </div>
   <div class='ocr_carea' id='block_1_4' title="bbox 115 1384 1070 1545">
    <p class='ocr_par' dir='ltr' id='par_1_4' title="bbox 115 1384 1070 1545">
     <span class='ocr_line' id='line_1_4' title="bbox 115 1384 1070 1467; baseline 0.003 -21"><span class='ocrx_word' id='word_1_22' title='bbox 115 1389 259 1446; x_wconf 82' lang='lat' dir='ltr'><strong><em>uoluntate</em></strong></span> <span class='ocrx_word' id='word_1_23' title='bbox 281 1391 495 1447; x_wconf 73' lang='lat' dir='ltr'><strong>contrahentium</strong></span> <span class='ocrx_word' id='word_1_24' title='bbox 516 1384 746 1462; x_wconf 78' lang='lat' dir='ltr'><strong><em>constituuntur‚³</em></strong></span> <span class='ocrx_word' id='word_1_25' title='bbox 769 1399 798 1447; x_wconf 84' lang='lat' dir='ltr'><strong><em>ut</em></strong></span> <span class='ocrx_word' id='word_1_26' title='bbox 812 1399 909 1448; x_wconf 83' lang='lat' dir='ltr'><strong><em>neuter</em></strong></span> <span class='ocrx_word' id='word_1_27' title='bbox 924 1393 1070 1467; x_wconf 81' lang='lat' dir='ltr'><strong><em>coniugum</em></strong></span> 
     </span>
     <span class='ocr_line' id='line_1_5' title="bbox 116 1469 352 1545; baseline 0.008 -16"><span class='ocrx_word' id='word_1_28' title='bbox 116 1472 283 1545; x_wconf 80' lang='lat' dir='ltr'>locupletior</span> <span class='ocrx_word' id='word_1_29' title='bbox 296 1469 352 1530; x_wconf 79' lang='lat' dir='ltr'><strong><em>fiat.</em></strong></span> 
     </span>
    </p>
   </div>
   <div class='ocr_carea' id='block_1_5' title="bbox 110 1655 1072 3059">
    <p class='ocr_par' dir='ltr' id='par_1_5' title="bbox 110 1655 1072 3059">
     <span class='ocr_line' id='line_1_6' title="bbox 192 1655 1070 1726; baseline 0.005 -20"><span class='ocrx_word' id='word_1_30' title='bbox 192 1655 213 1724; x_wconf 86' lang='lat'><strong><em>1)</em></strong></span> <span class='ocrx_word' id='word_1_31' title='bbox 227 1657 285 1709; x_wconf 84' lang='lat' dir='ltr'><strong><em>Hoc</em></strong></span> <span class='ocrx_word' id='word_1_32' title='bbox 301 1659 473 1724; x_wconf 75' lang='lat' dir='ltr'><strong><em>frapmentum</em></strong></span> <span class='ocrx_word' id='word_1_33' title='bbox 493 1675 528 1710; x_wconf 77' lang='lat' dir='ltr'><strong><em>ex</em></strong></span> <span class='ocrx_word' id='word_1_34' title='bbox 546 1661 600 1725; x_wconf 81' lang='lat' dir='ltr'><strong><em>lepe</em></strong></span> <span class='ocrx_word' id='word_1_35' title='bbox 620 1660 690 1711; x_wconf 83' lang='lat' dir='ltr'><strong><em>Rom.</em></strong></span> <span class='ocrx_word' id='word_1_36' title='bbox 711 1661 915 1726; x_wconf 78' lang='lat' dir='ltr'><strong><em>Visipotltorum,</em></strong></span> <span class='ocrx_word' id='word_1_37' title='bbox 935 1661 979 1712; x_wconf 81' lang='lat' dir='ltr'><strong><em>ubi</em></strong></span> <span class='ocrx_word' id='word_1_38' title='bbox 993 1663 1070 1725; x_wconf 78' lang='lat' dir='ltr'><strong><em>finem</em></strong></span> 
     </span>
     <span class='ocr_line' id='line_1_7' title="bbox 112 1729 1069 1796; baseline 0.002 -18"><span class='ocrx_word' id='word_1_39' title='bbox 112 1729 192 1794; x_wconf 81' lang='lat' dir='ltr'><strong><em>facit,</em></strong></span> <span class='ocrx_word' id='word_1_40' title='bbox 206 1731 340 1779; x_wconf 84' lang='lat' dir='ltr'><strong><em>novissime</em></strong></span> <span class='ocrx_word' id='word_1_41' title='bbox 354 1730 448 1779; x_wconf 85' lang='lat' dir='ltr'><strong><em>editum</em></strong></span> <span class='ocrx_word' id='word_1_42' title='bbox 458 1737 496 1780; x_wconf 80' lang='lat' dir='ltr'><strong><em>est</em></strong></span> <span class='ocrx_word' id='word_1_43' title='bbox 509 1747 526 1780; x_wconf 89' lang='lat' dir='ltr'><strong><em>a</em></strong></span> <span class='ocrx_word' id='word_1_44' title='bbox 535 1729 693 1796; x_wconf 81' lang='lat' dir='ltr'><strong><em>Boeolsinpio</em></strong></span> <span class='ocrx_word' id='word_1_45' title='bbox 708 1733 734 1780; x_wconf 89' lang='lat' dir='ltr'><strong><em>in</em></strong></span> <span class='ocrx_word' id='word_1_46' title='bbox 750 1732 810 1781; x_wconf 86' lang='lat' dir='ltr'><strong><em>edit.</em></strong></span> <span class='ocrx_word' id='word_1_47' title='bbox 825 1731 879 1794; x_wconf 80' lang='lat' dir='ltr'><strong><em>Ulp.</em></strong></span> <span class='ocrx_word' id='word_1_48' title='bbox 888 1731 984 1796; x_wconf 76' lang='lat' dir='ltr'><strong><em>frapm.</em></strong></span> <span class='ocrx_word' id='word_1_49' title='bbox 995 1732 1069 1794; x_wconf 86' lang='lat' dir='ltr'><strong><em>Lips.</em></strong></span> 
     </span>
     <span class='ocr_line' id='line_1_8' title="bbox 115 1799 1070 1865; baseline 0.001 -15"><span class='ocrx_word' id='word_1_50' title='bbox 115 1809 178 1850; x_wconf 72' lang='lat'><strong>1855.</strong></span> <span class='ocrx_word' id='word_1_51' title='bbox 188 1815 217 1863; x_wconf 85' lang='lat' dir='ltr'><strong><em>p.</em></strong></span> <span class='ocrx_word' id='word_1_52' title='bbox 227 1810 274 1851; x_wconf 76' lang='lat'>1⁷5.</span> <span class='ocrx_word' id='word_1_53' title='bbox 289 1806 314 1850; x_wconf 90' lang='lat' dir='ltr'><strong><em>et</em></strong></span> <span class='ocrx_word' id='word_1_54' title='bbox 328 1799 360 1849; x_wconf 83' lang='lat' dir='ltr'><strong><em>ab</em></strong></span> <span class='ocrx_word' id='word_1_55' title='bbox 370 1800 497 1851; x_wconf 86' lang='lat' dir='ltr'><strong><em>Haenelio</em></strong></span> <span class='ocrx_word' id='word_1_56' title='bbox 512 1803 539 1850; x_wconf 88' lang='lat' dir='ltr'><strong><em>in</em></strong></span> <span class='ocrx_word' id='word_1_57' title='bbox 550 1801 581 1848; x_wconf 86' lang='lat' dir='ltr'><strong><em>L.</em></strong></span> <span class='ocrx_word' id='word_1_58' title='bbox 594 1800 664 1851; x_wconf 83' lang='lat' dir='ltr'><strong><em>Rom.</em></strong></span> <span class='ocrx_word' id='word_1_59' title='bbox 681 1801 806 1865; x_wconf 82' lang='lat' dir='ltr'><strong><em>Visipotll.</em></strong></span> <span class='ocrx_word' id='word_1_60' title='bbox 818 1817 846 1864; x_wconf 89' lang='lat' dir='ltr'><strong><em>p.</em></strong></span> <span class='ocrx_word' id='word_1_61' title='bbox 856 1811 904 1852; x_wconf 74' lang='lat'><strong><em>452.</em></strong></span> <span class='ocrx_word' id='word_1_62' title='bbox 928 1800 1070 1864; x_wconf 81' lang='lat' dir='ltr'><strong><em>Inscriptio</em></strong></span> 
     </span>
     <span class='ocr_line' id='line_1_9' title="bbox 110 1868 1070 1934; baseline 0.002 -16"><span class='ocrx_word' id='word_1_63' title='bbox 110 1885 166 1934; x_wconf 83' lang='lat' dir='ltr'><strong><em>pro</em></strong></span> <span class='ocrx_word' id='word_1_64' title='bbox 181 1868 262 1919; x_wconf 85' lang='lat' dir='ltr'><strong><em>lubitu</em></strong></span> <span class='ocrx_word' id='word_1_65' title='bbox 280 1869 449 1921; x_wconf 81' lang='lat' dir='ltr'><strong><em>librariorum</em></strong></span> <span class='ocrx_word' id='word_1_66' title='bbox 467 1878 492 1920; x_wconf 86' lang='lat' dir='ltr'><strong><em>et</em></strong></span> <span class='ocrx_word' id='word_1_67' title='bbox 509 1872 635 1921; x_wconf 75' lang='lat' dir='ltr'><strong><em>editorum</em></strong></span> <span class='ocrx_word' id='word_1_68' title='bbox 654 1871 789 1921; x_wconf 83' lang='lat' dir='ltr'><strong><em>admodum</em></strong></span> <span class='ocrx_word' id='word_1_69' title='bbox 807 1873 942 1927; x_wconf 66' lang='lat' dir='ltr'><strong><em>uariatum·</em></strong></span> <span class='ocrx_word' id='word_1_70' title='bbox 959 1877 1070 1920; x_wconf 78' lang='lat' dir='ltr'><em>attamen</em></span> 
     </span>
     <span class='ocr_line' id='line_1_10' title="bbox 115 1939 1071 2005; baseline -0.002 -15"><span class='ocrx_word' id='word_1_71' title='bbox 115 1955 204 1990; x_wconf 80' lang='lat' dir='ltr'><strong><em>omnes</em></strong></span> <span class='ocrx_word' id='word_1_72' title='bbox 221 1940 269 1991; x_wconf 80' lang='lat' dir='ltr'><strong><em>lton</em></strong></span> <span class='ocrx_word' id='word_1_73' title='bbox 287 1956 322 1990; x_wconf 78' lang='lat' dir='ltr'><strong><em>en</em></strong></span> <span class='ocrx_word' id='word_1_74' title='bbox 336 1940 480 2004; x_wconf 76' lang='lat' dir='ltr'><strong><em>Papiniani</em></strong></span> <span class='ocrx_word' id='word_1_75' title='bbox 498 1941 540 1990; x_wconf 82' lang='lat' dir='ltr'><strong><em>lib.</em></strong></span> <span class='ocrx_word' id='word_1_76' title='bbox 561 1940 582 1989; x_wconf 90' lang='lat' dir='ltr'><strong><em>I.</em></strong></span> <span class='ocrx_word' id='word_1_77' title='bbox 597 1956 665 2005; x_wconf 81' lang='lat' dir='ltr'><strong><em>resp.</em></strong></span> <span class='ocrx_word' id='word_1_78' title='bbox 683 1940 731 1991; x_wconf 76' lang='lat' dir='ltr'><strong><em>sub</em></strong></span> <span class='ocrx_word' id='word_1_79' title='bbox 749 1942 823 1990; x_wconf 88' lang='lat' dir='ltr'><strong><em>titulo</em></strong></span> <span class='ocrx_word' id='word_1_80' title='bbox 838 1939 882 1990; x_wconf 83' lang='lat' dir='ltr'><strong><em>‘de</em></strong></span> <span class='ocrx_word' id='word_1_81' title='bbox 896 1941 984 2004; x_wconf 85' lang='lat' dir='ltr'><strong><em>pactis</em></strong></span> <span class='ocrx_word' id='word_1_82' title='bbox 1003 1943 1071 1990; x_wconf 88' lang='lat' dir='ltr'><strong><em>inter</em></strong></span> 
     </span>
     <span class='ocr_line' id='line_1_11' title="bbox 116 2008 1071 2076; baseline 0.002 -18"><span class='ocrx_word' id='word_1_83' title='bbox 116 2011 204 2059; x_wconf 85' lang='lat' dir='ltr'><strong><em>uirum</em></strong></span> <span class='ocrx_word' id='word_1_84' title='bbox 217 2017 242 2060; x_wconf 89' lang='lat' dir='ltr'><strong><em>et</em></strong></span> <span class='ocrx_word' id='word_1_85' title='bbox 255 2008 372 2063; x_wconf 78' lang='lat' dir='ltr'><strong><em>uxorem&#39;</em></strong></span> <span class='ocrx_word' id='word_1_86' title='bbox 385 2013 492 2075; x_wconf 86' lang='lat' dir='ltr'><strong><em>petitum</em></strong></span> <span class='ocrx_word' id='word_1_87' title='bbox 501 2013 657 2076; x_wconf 67' lang='lat' dir='ltr'><strong><em>sipnirioant.</em></strong></span> <span class='ocrx_word' id='word_1_88' title='bbox 681 2010 726 2060; x_wconf 68' lang='lat' dir='ltr'><strong><em>En</em></strong></span> <span class='ocrx_word' id='word_1_89' title='bbox 735 2010 827 2075; x_wconf 84' lang='lat' dir='ltr'><strong><em>quibus</em></strong></span> <span class='ocrx_word' id='word_1_90' title='bbox 836 2009 920 2060; x_wconf 80' lang='lat' dir='ltr'><strong><em>uerbis</em></strong></span> <span class='ocrx_word' id='word_1_91' title='bbox 929 2017 1071 2074; x_wconf 82' lang='lat' dir='ltr'><strong><em>postrema,</em></strong></span> 
     </span>
     <span class='ocr_line' id='line_1_12' title="bbox 116 2081 1070 2146; baseline 0.001 -16"><span class='ocrx_word' id='word_1_92' title='bbox 116 2088 209 2144; x_wconf 89' lang='lat' dir='ltr'><strong><em>aperte</em></strong></span> <span class='ocrx_word' id='word_1_93' title='bbox 222 2096 257 2131; x_wconf 77' lang='lat' dir='ltr'><strong><em>en</em></strong></span> <span class='ocrx_word' id='word_1_94' title='bbox 270 2083 346 2132; x_wconf 88' lang='lat' dir='ltr'><strong><em>initio</em></strong></span> <span class='ocrx_word' id='word_1_95' title='bbox 357 2083 438 2145; x_wconf 86' lang='lat' dir='ltr'><strong><em>ipsius</em></strong></span> <span class='ocrx_word' id='word_1_96' title='bbox 448 2083 567 2146; x_wconf 75' lang='lat' dir='ltr'><strong><em>responsi</em></strong></span> <span class='ocrx_word' id='word_1_97' title='bbox 576 2097 714 2146; x_wconf 82' lang='lat' dir='ltr'><strong><em>perperam</em></strong></span> <span class='ocrx_word' id='word_1_98' title='bbox 722 2083 852 2146; x_wconf 82' lang='lat' dir='ltr'><strong><em>peminata</em></strong></span> <span class='ocrx_word' id='word_1_99' title='bbox 862 2081 998 2130; x_wconf 86' lang='lat' dir='ltr'><strong><em>omisimus.</em></strong></span> <span class='ocrx_word' id='word_1_100' title='bbox 1020 2082 1070 2131; x_wconf 90' lang='lat' dir='ltr'><strong><em>Pa·</em></strong></span> 
     </span>
     <span class='ocr_line' id='line_1_13' title="bbox 111 2151 1072 2216; baseline 0 -16"><span class='ocrx_word' id='word_1_101' title='bbox 111 2152 241 2215; x_wconf 74' lang='lat' dir='ltr'><strong><em>pinianus</em></strong></span> <span class='ocrx_word' id='word_1_102' title='bbox 254 2153 320 2202; x_wconf 86' lang='lat' dir='ltr'><strong><em>enim</em></strong></span> <span class='ocrx_word' id='word_1_103' title='bbox 334 2168 391 2202; x_wconf 85' lang='lat' dir='ltr'><strong><em>sum</em></strong></span> <span class='ocrx_word' id='word_1_104' title='bbox 404 2167 528 2216; x_wconf 84' lang='lat' dir='ltr'><strong><em>responsa</em></strong></span> <span class='ocrx_word' id='word_1_105' title='bbox 536 2167 585 2202; x_wconf 85' lang='lat' dir='ltr'><strong><em>sua</em></strong></span> <span class='ocrx_word' id='word_1_106' title='bbox 594 2152 630 2202; x_wconf 87' lang='lat' dir='ltr'><strong><em>ad</em></strong></span> <span class='ocrx_word' id='word_1_107' title='bbox 639 2153 754 2202; x_wconf 83' lang='lat' dir='ltr'><strong><em>ordinem</em></strong></span> <span class='ocrx_word' id='word_1_108' title='bbox 763 2151 843 2202; x_wconf 80' lang='lat' dir='ltr'><strong><em>edicti</em></strong></span> <span class='ocrx_word' id='word_1_109' title='bbox 852 2153 974 2215; x_wconf 87' lang='lat' dir='ltr'><strong><em>perpetui</em></strong></span> <span class='ocrx_word' id='word_1_110' title='bbox 983 2151 1072 2214; x_wconf 83' lang='lat' dir='ltr'><strong><em>dispo·</em></strong></span> 
     </span>
     <span class='ocr_line' id='line_1_14' title="bbox 116 2220 1069 2288; baseline -0.002 -16"><span class='ocrx_word' id='word_1_111' title='bbox 116 2223 224 2280; x_wconf 85' lang='lat' dir='ltr'><strong><em>suisset,</em></strong></span> <span class='ocrx_word' id='word_1_112' title='bbox 242 2221 332 2272; x_wconf 80' lang='lat' dir='ltr'><strong><em>inbuit</em></strong></span> <span class='ocrx_word' id='word_1_113' title='bbox 350 2223 449 2287; x_wconf 82' lang='lat' dir='ltr'><strong><em>quidem</em></strong></span> <span class='ocrx_word' id='word_1_114' title='bbox 463 2221 566 2273; x_wconf 78' lang='lat' dir='ltr'><strong><em>ltorol.</em></strong></span> <span class='ocrx_word' id='word_1_115' title='bbox 585 2237 672 2272; x_wconf 87' lang='lat' dir='ltr'><strong><em>eorum</em></strong></span> <span class='ocrx_word' id='word_1_116' title='bbox 691 2223 791 2272; x_wconf 84' lang='lat' dir='ltr'><strong><em>titulum</em></strong></span> <span class='ocrx_word' id='word_1_117' title='bbox 810 2221 842 2272; x_wconf 80' lang='lat' dir='ltr'><strong><em>de</em></strong></span> <span class='ocrx_word' id='word_1_118' title='bbox 856 2223 944 2286; x_wconf 84' lang='lat' dir='ltr'><strong><em>pactis</em></strong></span> <span class='ocrx_word' id='word_1_119' title='bbox 963 2220 1008 2288; x_wconf 77' lang='lat' dir='ltr'><strong><em>(os.</em></strong></span> <span class='ocrx_word' id='word_1_120' title='bbox 1026 2222 1069 2270; x_wconf 86' lang='lat' dir='ltr'><strong><em>Fr.</em></strong></span> 
     </span>
     <span class='ocr_line' id='line_1_15' title="bbox 123 2289 1070 2359; baseline -0.001 -18"><span class='ocrx_word' id='word_1_121' title='bbox 123 2292 182 2343; x_wconf 90' lang='lat' dir='ltr'><strong><em>Vat.</em></strong></span> <span class='ocrx_word' id='word_1_122' title='bbox 197 2291 269 2359; x_wconf 70' lang='lat' dir='ltr'><strong><em>ms),</em></strong></span> <span class='ocrx_word' id='word_1_123' title='bbox 288 2309 323 2342; x_wconf 77' lang='lat' dir='ltr'><strong><em>aa</em></strong></span> <span class='ocrx_word' id='word_1_124' title='bbox 341 2307 390 2357; x_wconf 87' lang='lat' dir='ltr'><strong><em>quo</em></strong></span> <span class='ocrx_word' id='word_1_125' title='bbox 408 2294 484 2342; x_wconf 84' lang='lat' dir='ltr'><strong><em>etiam</em></strong></span> <span class='ocrx_word' id='word_1_126' title='bbox 504 2300 603 2356; x_wconf 86' lang='lat' dir='ltr'><strong><em>sumpta</em></strong></span> <span class='ocrx_word' id='word_1_127' title='bbox 617 2300 655 2344; x_wconf 84' lang='lat' dir='ltr'><strong><em>est</em></strong></span> <span class='ocrx_word' id='word_1_128' title='bbox 669 2292 700 2341; x_wconf 88' lang='lat' dir='ltr'><strong><em>L.</em></strong></span> <span class='ocrx_word' id='word_1_129' title='bbox 715 2304 750 2344; x_wconf 77' lang='lat' dir='ltr'><strong><em>so.</em></strong></span> <span class='ocrx_word' id='word_1_130' title='bbox 778 2293 810 2342; x_wconf 86' lang='lat' dir='ltr'><strong><em>D.</em></strong></span> <span class='ocrx_word' id='word_1_131' title='bbox 826 2293 857 2342; x_wconf 83' lang='lat' dir='ltr'><strong><em>de</em></strong></span> <span class='ocrx_word' id='word_1_132' title='bbox 873 2293 961 2356; x_wconf 82' lang='lat' dir='ltr'><strong><em>pactis</em></strong></span> <span class='ocrx_word' id='word_1_133' title='bbox 975 2289 1010 2356; x_wconf 80' lang='lat' dir='ltr'><strong><em>(n,</em></strong></span> <span class='ocrx_word' id='word_1_134' title='bbox 1026 2289 1070 2358; x_wconf 76' lang='lat'>14).</span> 
     </span>
     <span class='ocr_line' id='line_1_16' title="bbox 122 2361 1071 2427; baseline 0 -15"><span class='ocrx_word' id='word_1_135' title='bbox 122 2361 223 2414; x_wconf 67' lang='lat' dir='ltr'><strong><em>Titulus</em></strong></span> <span class='ocrx_word' id='word_1_136' title='bbox 236 2370 319 2413; x_wconf 85' lang='lat' dir='ltr'><strong><em>autem</em></strong></span> <span class='ocrx_word' id='word_1_137' title='bbox 333 2364 365 2412; x_wconf 84' lang='lat' dir='ltr'><strong><em>de</em></strong></span> <span class='ocrx_word' id='word_1_138' title='bbox 375 2365 463 2426; x_wconf 83' lang='lat' dir='ltr'><strong><em>pactis</em></strong></span> <span class='ocrx_word' id='word_1_139' title='bbox 478 2365 545 2412; x_wconf 85' lang='lat' dir='ltr'><strong><em>inter</em></strong></span> <span class='ocrx_word' id='word_1_140' title='bbox 558 2365 642 2412; x_wconf 85' lang='lat' dir='ltr'><strong><em>uirum</em></strong></span> <span class='ocrx_word' id='word_1_141' title='bbox 656 2369 680 2412; x_wconf 86' lang='lat' dir='ltr'><strong><em>et</em></strong></span> <span class='ocrx_word' id='word_1_142' title='bbox 690 2378 797 2414; x_wconf 70' lang='lat' dir='ltr'><strong><em>umorem</em></strong></span> <span class='ocrx_word' id='word_1_143' title='bbox 807 2377 950 2427; x_wconf 85' lang='lat' dir='ltr'><strong><em>quanquam</em></strong></span> <span class='ocrx_word' id='word_1_144' title='bbox 960 2369 1071 2412; x_wconf 81' lang='lat' dir='ltr'><strong><em>ceterum</em></strong></span> 
     </span>
     <span class='ocr_line' id='line_1_17' title="bbox 117 2432 1071 2498; baseline 0 -16"><span class='ocrx_word' id='word_1_145' title='bbox 117 2448 170 2483; x_wconf 88' lang='lat' dir='ltr'><strong><em>non</em></strong></span> <span class='ocrx_word' id='word_1_146' title='bbox 184 2434 318 2483; x_wconf 86' lang='lat' dir='ltr'><strong><em>inauditus</em></strong></span> <span class='ocrx_word' id='word_1_147' title='bbox 331 2433 418 2498; x_wconf 86' lang='lat' dir='ltr'><strong><em>(Paul.</em></strong></span> <span class='ocrx_word' id='word_1_148' title='bbox 432 2432 459 2482; x_wconf 84' lang='lat' dir='ltr'><strong><em>S.</em></strong></span> <span class='ocrx_word' id='word_1_149' title='bbox 476 2433 506 2482; x_wconf 85' lang='lat' dir='ltr'><strong><em>R.</em></strong></span> <span class='ocrx_word' id='word_1_150' title='bbox 521 2444 546 2495; x_wconf 79' lang='lat'><strong><em>2,</em></strong></span> <span class='ocrx_word' id='word_1_151' title='bbox 560 2432 596 2498; x_wconf 80' lang='lat' dir='ltr'><strong><em>sn)</em></strong></span> <span class='ocrx_word' id='word_1_152' title='bbox 615 2434 651 2482; x_wconf 86' lang='lat' dir='ltr'><strong><em>ad</em></strong></span> <span class='ocrx_word' id='word_1_153' title='bbox 666 2441 747 2496; x_wconf 84' lang='lat' dir='ltr'><strong><em>poeta</em></strong></span> <span class='ocrx_word' id='word_1_154' title='bbox 764 2433 863 2484; x_wconf 84' lang='lat' dir='ltr'><strong><em>dotalia</em></strong></span> <span class='ocrx_word' id='word_1_155' title='bbox 878 2434 1020 2496; x_wconf 84' lang='lat' dir='ltr'><strong><em>pertinuit,</em></strong></span> <span class='ocrx_word' id='word_1_156' title='bbox 1039 2433 1071 2482; x_wconf 84' lang='lat' dir='ltr'><strong><em>de</em></strong></span> 
     </span>
     <span class='ocr_line' id='line_1_18' title="bbox 117 2500 1069 2569; baseline 0.002 -17"><span class='ocrx_word' id='word_1_157' title='bbox 117 2503 212 2568; x_wconf 82' lang='lat' dir='ltr'><strong><em>quibus</em></strong></span> <span class='ocrx_word' id='word_1_158' title='bbox 230 2503 404 2566; x_wconf 84' lang='lat' dir='ltr'><strong><em>Papinianus,</em></strong></span> <span class='ocrx_word' id='word_1_159' title='bbox 418 2510 525 2554; x_wconf 85' lang='lat' dir='ltr'><strong><em>testante</em></strong></span> <span class='ocrx_word' id='word_1_160' title='bbox 544 2504 575 2553; x_wconf 80' lang='lat' dir='ltr'><strong><em>L.</em></strong></span> <span class='ocrx_word' id='word_1_161' title='bbox 596 2515 629 2555; x_wconf 71' lang='lat' dir='ltr'><strong><em>io.</em></strong></span> <span class='ocrx_word' id='word_1_162' title='bbox 656 2504 688 2552; x_wconf 89' lang='lat' dir='ltr'><strong><em>D.</em></strong></span> <span class='ocrx_word' id='word_1_163' title='bbox 707 2504 739 2553; x_wconf 84' lang='lat' dir='ltr'><strong><em>de</em></strong></span> <span class='ocrx_word' id='word_1_164' title='bbox 753 2511 825 2567; x_wconf 86' lang='lat' dir='ltr'><strong><em>pact.</em></strong></span> <span class='ocrx_word' id='word_1_165' title='bbox 844 2504 896 2554; x_wconf 83' lang='lat' dir='ltr'><strong><em>dot.</em></strong></span> <span class='ocrx_word' id='word_1_166' title='bbox 911 2504 960 2569; x_wconf 77' lang='lat'><strong><em>(28,</em></strong></span> <span class='ocrx_word' id='word_1_167' title='bbox 974 2500 1011 2568; x_wconf 78' lang='lat' dir='ltr'><strong><em>t),</em></strong></span> <span class='ocrx_word' id='word_1_168' title='bbox 1026 2503 1069 2554; x_wconf 86' lang='lat' dir='ltr'><strong><em>lib.</em></strong></span> 
     </span>
     <span class='ocr_line' id='line_1_19' title="bbox 118 2570 1070 2640; baseline 0 -18"><span class='ocrx_word' id='word_1_169' title='bbox 118 2580 214 2638; x_wconf 85' lang='lat' dir='ltr'><strong><em>quarto</em></strong></span> <span class='ocrx_word' id='word_1_170' title='bbox 229 2588 295 2636; x_wconf 82' lang='lat' dir='ltr'><strong><em>resp.</em></strong></span> <span class='ocrx_word' id='word_1_171' title='bbox 311 2577 369 2638; x_wconf 77' lang='lat' dir='ltr'><strong><em>epit.</em></strong></span> <span class='ocrx_word' id='word_1_172' title='bbox 434 2571 455 2640; x_wconf 77' lang='lat'><strong><em>’)</em></strong></span> <span class='ocrx_word' id='word_1_173' title='bbox 470 2580 507 2623; x_wconf 85' lang='lat' dir='ltr'><strong><em>set</em></strong></span> <span class='ocrx_word' id='word_1_174' title='bbox 520 2575 578 2624; x_wconf 85' lang='lat' dir='ltr'><strong><em>edd.</em></strong></span> <span class='ocrx_word' id='word_1_175' title='bbox 593 2574 636 2623; x_wconf 78' lang='lat' dir='ltr'><strong><em>sesi</em></strong></span> <span class='ocrx_word' id='word_1_176' title='bbox 650 2589 678 2623; x_wconf 81' lang='lat' dir='ltr'><strong><em>ex</em></strong></span> <span class='ocrx_word' id='word_1_177' title='bbox 692 2590 758 2624; x_wconf 88' lang='lat' dir='ltr'><strong><em>unus</em></strong></span> <span class='ocrx_word' id='word_1_178' title='bbox 774 2573 818 2624; x_wconf 82' lang='lat' dir='ltr'><strong><em>Cd.</em></strong></span> <span class='ocrx_word' id='word_1_179' title='bbox 884 2570 905 2639; x_wconf 75' lang='lat'><strong><em>³)</em></strong></span> <span class='ocrx_word' id='word_1_180' title='bbox 919 2575 937 2622; x_wconf 90' lang='lat' dir='ltr'><strong><em>i.</em></strong></span> <span class='ocrx_word' id='word_1_181' title='bbox 952 2589 973 2623; x_wconf 87' lang='lat' dir='ltr'><strong><em>e.</em></strong></span> <span class='ocrx_word' id='word_1_182' title='bbox 989 2576 1070 2637; x_wconf 87' lang='lat' dir='ltr'><strong><em>stipu-</em></strong></span> 
     </span>
     <span class='ocr_line' id='line_1_20' title="bbox 119 2645 1071 2708; baseline 0 -16"><span class='ocrx_word' id='word_1_183' title='bbox 119 2645 219 2693; x_wconf 86' lang='lat' dir='ltr'><strong><em>latione</em></strong></span> <span class='ocrx_word' id='word_1_184' title='bbox 238 2657 287 2693; x_wconf 90' lang='lat' dir='ltr'><strong><em>non</em></strong></span> <span class='ocrx_word' id='word_1_185' title='bbox 306 2645 498 2703; x_wconf 84' lang='lat' dir='ltr'><strong><em>interueniente,</em></strong></span> <span class='ocrx_word' id='word_1_186' title='bbox 518 2647 556 2694; x_wconf 85' lang='lat' dir='ltr'><strong><em>ita</em></strong></span> <span class='ocrx_word' id='word_1_187' title='bbox 574 2647 670 2703; x_wconf 83' lang='lat' dir='ltr'><strong><em>natent,</em></strong></span> <span class='ocrx_word' id='word_1_188' title='bbox 689 2652 717 2694; x_wconf 88' lang='lat' dir='ltr'><strong><em>ut</em></strong></span> <span class='ocrx_word' id='word_1_189' title='bbox 736 2660 786 2695; x_wconf 92' lang='lat' dir='ltr'><strong><em>non</em></strong></span> <span class='ocrx_word' id='word_1_190' title='bbox 805 2645 878 2694; x_wconf 80' lang='lat' dir='ltr'><strong><em>modo</em></strong></span> <span class='ocrx_word' id='word_1_191' title='bbox 897 2645 1071 2708; x_wconf 76' lang='lat' dir='ltr'><strong><em>eaeaeptionem</em></strong></span> 
     </span>
     <span class='ocr_line' id='line_1_21' title="bbox 113 2714 1072 2778; baseline -0.001 -15"><span class='ocrx_word' id='word_1_192' title='bbox 113 2715 239 2778; x_wconf 84' lang='lat' dir='ltr'><strong><em>pariant,</em></strong></span> <span class='ocrx_word' id='word_1_193' title='bbox 258 2714 304 2763; x_wconf 84' lang='lat' dir='ltr'><strong><em>sed</em></strong></span> <span class='ocrx_word' id='word_1_194' title='bbox 321 2717 395 2764; x_wconf 86' lang='lat' dir='ltr'><strong><em>etiam</em></strong></span> <span class='ocrx_word' id='word_1_195' title='bbox 410 2721 455 2764; x_wconf 87' lang='lat' dir='ltr'><strong><em>aut</em></strong></span> <span class='ocrx_word' id='word_1_196' title='bbox 468 2715 509 2764; x_wconf 87' lang='lat' dir='ltr'><strong><em>rei</em></strong></span> <span class='ocrx_word' id='word_1_197' title='bbox 523 2715 633 2764; x_wconf 79' lang='lat' dir='ltr'><strong><em>uxoriae</em></strong></span> <span class='ocrx_word' id='word_1_198' title='bbox 651 2716 751 2764; x_wconf 78' lang='lat' dir='ltr'><strong><em>astioni</em></strong></span> <span class='ocrx_word' id='word_1_199' title='bbox 769 2716 852 2764; x_wconf 86' lang='lat' dir='ltr'><strong><em>inesse</em></strong></span> <span class='ocrx_word' id='word_1_200' title='bbox 871 2715 1009 2764; x_wconf 82' lang='lat' dir='ltr'><strong><em>videantur</em></strong></span> <span class='ocrx_word' id='word_1_201' title='bbox 1026 2721 1072 2763; x_wconf 89' lang='lat' dir='ltr'><strong><em>aut</em></strong></span> 
     </span>
     <span class='ocr_line' id='line_1_22' title="bbox 118 2783 1070 2849; baseline -0.003 -15"><span class='ocrx_word' id='word_1_202' title='bbox 118 2785 189 2835; x_wconf 84' lang='lat' dir='ltr'><strong><em>actio</em></strong></span> <span class='ocrx_word' id='word_1_203' title='bbox 205 2785 231 2834; x_wconf 87' lang='lat' dir='ltr'><strong><em>in</em></strong></span> <span class='ocrx_word' id='word_1_204' title='bbox 244 2784 343 2848; x_wconf 72' lang='lat' dir='ltr'><strong><em>sactum</em></strong></span> <span class='ocrx_word' id='word_1_205' title='bbox 357 2786 419 2835; x_wconf 82' lang='lat' dir='ltr'><strong><em>dari</em></strong></span> <span class='ocrx_word' id='word_1_206' title='bbox 436 2785 533 2835; x_wconf 83' lang='lat' dir='ltr'><strong><em>debeat.</em></strong></span> <span class='ocrx_word' id='word_1_207' title='bbox 563 2785 601 2848; x_wconf 84' lang='lat' dir='ltr'><strong><em>Cf.</em></strong></span> <span class='ocrx_word' id='word_1_208' title='bbox 616 2799 658 2836; x_wconf 79' lang='lat' dir='ltr'><strong><em>ex.</em></strong></span> <span class='ocrx_word' id='word_1_209' title='bbox 672 2801 712 2849; x_wconf 77' lang='lat' dir='ltr'><strong><em>pr.</em></strong></span> <span class='ocrx_word' id='word_1_210' title='bbox 728 2784 760 2833; x_wconf 86' lang='lat' dir='ltr'><strong><em>L.</em></strong></span> <span class='ocrx_word' id='word_1_211' title='bbox 775 2795 795 2837; x_wconf 81' lang='lat' dir='ltr'><strong><em>o.</em></strong></span> <span class='ocrx_word' id='word_1_212' title='bbox 814 2784 847 2833; x_wconf 84' lang='lat' dir='ltr'><strong><em>L.</em></strong></span> <span class='ocrx_word' id='word_1_213' title='bbox 862 2795 888 2835; x_wconf 77' lang='lat'><strong><em>12</em></strong></span> <span class='ocrx_word' id='word_1_214' title='bbox 899 2800 942 2847; x_wconf 93' lang='lat' dir='ltr'><strong><em>pr.</em></strong></span> <span class='ocrx_word' id='word_1_215' title='bbox 964 2785 987 2846; x_wconf 67' lang='lat'><strong><em>§-</em></strong></span> <span class='ocrx_word' id='word_1_216' title='bbox 1003 2795 1022 2834; x_wconf 89' lang='lat'><strong><em>1.</em></strong></span> <span class='ocrx_word' id='word_1_217' title='bbox 1038 2783 1070 2833; x_wconf 87' lang='lat' dir='ltr'><strong><em>L.</em></strong></span> 
     </span>
     <span class='ocr_line' id='line_1_23' title="bbox 117 2853 1070 2921; baseline -0.004 -15"><span class='ocrx_word' id='word_1_218' title='bbox 117 2866 304 2908; x_wconf 79' lang='lat' dir='ltr'><strong><em>14-1o.21.sr.</em></strong></span> <span class='ocrx_word' id='word_1_219' title='bbox 323 2855 356 2904; x_wconf 86' lang='lat' dir='ltr'><strong><em>L.</em></strong></span> <span class='ocrx_word' id='word_1_220' title='bbox 366 2867 400 2907; x_wconf 75' lang='lat' dir='ltr'><strong><em>rs.</em></strong></span> <span class='ocrx_word' id='word_1_221' title='bbox 414 2857 436 2917; x_wconf 66' lang='grc' dir='ltr'><strong><em>ξ.</em></strong></span> <span class='ocrx_word' id='word_1_222' title='bbox 448 2867 468 2906; x_wconf 84' lang='lat' dir='ltr'><strong><em>s.</em></strong></span> <span class='ocrx_word' id='word_1_223' title='bbox 488 2855 520 2906; x_wconf 86' lang='lat' dir='ltr'><strong><em>D.</em></strong></span> <span class='ocrx_word' id='word_1_224' title='bbox 535 2855 567 2904; x_wconf 80' lang='lat' dir='ltr'><strong><em>de</em></strong></span> <span class='ocrx_word' id='word_1_225' title='bbox 577 2862 648 2918; x_wconf 81' lang='lat' dir='ltr'><strong><em>paor.</em></strong></span> <span class='ocrx_word' id='word_1_226' title='bbox 663 2856 715 2906; x_wconf 83' lang='lat' dir='ltr'><strong><em>dot.</em></strong></span> <span class='ocrx_word' id='word_1_227' title='bbox 731 2854 775 2921; x_wconf 79' lang='lat' dir='ltr'><strong><em>(nn,</em></strong></span> <span class='ocrx_word' id='word_1_228' title='bbox 785 2853 817 2919; x_wconf 80' lang='lat' dir='ltr'><strong><em>s).</em></strong></span> <span class='ocrx_word' id='word_1_229' title='bbox 843 2853 881 2918; x_wconf 75' lang='lat' dir='ltr'><strong><em>Of.</em></strong></span> <span class='ocrx_word' id='word_1_230' title='bbox 892 2854 977 2905; x_wconf 81' lang='lat' dir='ltr'><strong><em>Sonat.</em></strong></span> <span class='ocrx_word' id='word_1_231' title='bbox 988 2853 1070 2904; x_wconf 77' lang='lat' dir='ltr'><strong><em>Baoit.</em></strong></span> 
     </span>
     <span class='ocr_line' id='line_1_24' title="bbox 117 2925 1072 2990; baseline -0.003 -14"><span class='ocrx_word' id='word_1_232' title='bbox 117 2938 153 2985; x_wconf 85' lang='lat'><strong><em>11,</em></strong></span> <span class='ocrx_word' id='word_1_233' title='bbox 168 2939 188 2986; x_wconf 89' lang='lat'><strong><em>1,</em></strong></span> <span class='ocrx_word' id='word_1_234' title='bbox 204 2937 224 2977; x_wconf 82' lang='lat' dir='ltr'><strong><em>t.</em></strong></span> <span class='ocrx_word' id='word_1_235' title='bbox 236 2942 264 2990; x_wconf 87' lang='lat' dir='ltr'><strong><em>p.</em></strong></span> <span class='ocrx_word' id='word_1_236' title='bbox 279 2936 326 2978; x_wconf 78' lang='lat' dir='ltr'><strong><em>ool.</em></strong></span> <span class='ocrx_word' id='word_1_237' title='bbox 355 2925 400 2975; x_wconf 78' lang='lat' dir='ltr'><strong><em>En</em></strong></span> <span class='ocrx_word' id='word_1_238' title='bbox 416 2927 541 2988; x_wconf 86' lang='lat' dir='ltr'><strong><em>stipulatu</em></strong></span> <span class='ocrx_word' id='word_1_239' title='bbox 556 2940 616 2976; x_wconf 86' lang='lat' dir='ltr'><strong><em>vero</em></strong></span> <span class='ocrx_word' id='word_1_240' title='bbox 630 2927 699 2975; x_wconf 82' lang='lat' dir='ltr'><strong><em>aetio</em></strong></span> <span class='ocrx_word' id='word_1_241' title='bbox 714 2941 760 2976; x_wconf 86' lang='lat' dir='ltr'><strong><em>neo</em></strong></span> <span class='ocrx_word' id='word_1_242' title='bbox 774 2941 809 2975; x_wconf 78' lang='lat' dir='ltr'><strong><em>en</em></strong></span> <span class='ocrx_word' id='word_1_243' title='bbox 826 2925 971 2975; x_wconf 76' lang='lat' dir='ltr'><strong><em>huiusmodi</em></strong></span> <span class='ocrx_word' id='word_1_244' title='bbox 985 2927 1072 2989; x_wconf 87' lang='lat' dir='ltr'><strong><em>pactis</em></strong></span> 
     </span>
     <span class='ocr_line' id='line_1_25' title="bbox 118 2995 1009 3059; baseline 0 -14"><span class='ocrx_word' id='word_1_245' title='bbox 118 2997 283 3056; x_wconf 81' lang='lat' dir='ltr'><strong><em>nascebatur,</em></strong></span> <span class='ocrx_word' id='word_1_246' title='bbox 298 2997 350 3047; x_wconf 81' lang='lat' dir='ltr'><strong><em>nisi</em></strong></span> <span class='ocrx_word' id='word_1_247' title='bbox 363 2996 466 3046; x_wconf 80' lang='lat' dir='ltr'><strong><em>subdita</em></strong></span> <span class='ocrx_word' id='word_1_248' title='bbox 480 2997 654 3059; x_wconf 80' lang='lat' dir='ltr'><strong><em>stipulatione.</em></strong></span> <span class='ocrx_word' id='word_1_249' title='bbox 684 2996 759 3046; x_wconf 89' lang='lat' dir='ltr'><strong><em>Paul.</em></strong></span> <span class='ocrx_word' id='word_1_250' title='bbox 773 2995 802 3046; x_wconf 80' lang='lat' dir='ltr'><strong><em>S.</em></strong></span> <span class='ocrx_word' id='word_1_251' title='bbox 817 2995 848 3046; x_wconf 84' lang='lat' dir='ltr'><strong><em>R.</em></strong></span> <span class='ocrx_word' id='word_1_252' title='bbox 867 3008 888 3055; x_wconf 78' lang='lat'><strong><em>2,</em></strong></span> <span class='ocrx_word' id='word_1_253' title='bbox 902 3006 935 3046; x_wconf 78' lang='lat'><strong><em>22.</em></strong></span> <span class='ocrx_word' id='word_1_254' title='bbox 951 2997 974 3057; x_wconf 75' lang='lat'><strong><em>§-</em></strong></span> <span class='ocrx_word' id='word_1_255' title='bbox 988 3005 1009 3046; x_wconf 71' lang='lat'><strong><em>2.</em></strong></span> 
     </span>
    </p>
   </div>
   <div class='ocr_carea' id='block_1_6' title="bbox 492 3205 702 3215">
    <p class='ocr_par' dir='ltr' id='par_1_6' title="bbox 492 3205 702 3215">
     <span class='ocr_line' id='line_1_26' title="bbox 492 3205 702 3215; baseline -0.005 0"><span class='ocrx_word' id='word_1_256' title='bbox 492 3205 702 3215; x_wconf 71' lang='lat'><em>——---</em></span> 
     </span>
    </p>
   </div>
   <div class='ocr_carea' id='block_1_7' title="bbox 0 0 1351 4112">
    <p class='ocr_par' dir='ltr' id='par_1_7' title="bbox 0 0 1351 4112">
     <span class='ocr_line' id='line_1_27' title="bbox 0 0 1351 4112; baseline 0 0"><span class='ocrx_word' id='word_1_257' title='bbox 0 0 1351 4112; x_wconf 95' lang='lat' dir='ltr'><strong><em> </em></strong></span> 
     </span>
    </p>
   </div>
  </div>
 </body>
</html>
