2694 4110
265 201 328 267 840
358 205 362 212 ’
380 219 438 257 rur.
453 219 557 258 cvrvso.
572 219 707 257 massona.
724 219 909 257 cousmrurro.
924 203 945 256 Ι.
960 204 1062 258 10-ΙΙ.
1078 211 1102 258 3.

205 369 209 378 ·
307 347 407 405 carebit
422 346 529 406 ellectu.
559 348 610 404 ΡΡ.
619 347 684 408 Vlll.
698 347 738 408 id.
754 349 830 423 Sept.
842 349 1005 407 diocletiano
1016 344 1084 407 'lV.¹
1098 361 1125 409 et
1139 351 1222 410 llari·
1234 359 1294 408 [⁷2⁷]

307 433 396 487 miano
411 430 453 488 iti.
469 425 556 490 coss.²

348 511 395 573 10.
417 514 482 572 ltem
499 516 548 572 alio
564 515 658 572 eodem
674 515 743 571 libro
758 523 785 572 et
801 533 932 590 corpore:

308 598 392 672 lmpp.
405 597 489 656 Carus
501 607 528 656 et
539 599 715 656 Numerianus
729 601 783 656 ΑΑ.
793 599 913 658 Aurelio.
936 599 1002 658 Cum
1014 601 1114 658 fraudis
1125 604 1222 661 studio

309 684 514 740 transactionem
526 684 713 756 interpositam
726 699 785 739 esse
799 683 961 758 dicas,quod
974 687 1045 742 inter
1052 702 1102 742 uos
1111 697 1221 758 gestum
1273 693 1279 706 '

307 774 366 838 est,
387 763 503 822 lniirmat
524 767 591 822 iuris
613 767 769 824 auotoritas.
799 775 831 824 et
852 767 1000 841 reliqua.
1036 768 1088 826 ΡΡ.
1101 770 1142 830 vt.
1159 771 1223 828 idus

307 849 445 906 Decembr.
461 849 526 906 Caro
542 859 569 906 et
585 849 679 906 Carino
692 842 779 906 οοεε.3
1068 877 1070 880 ·

348 931 382 989 ll.
405 932 477 1007 lingo
500 935 523 988 si
545 933 620 1006 leges
642 941 787 990 seruantur
813 942 840 989 et
855 934 1046 992 custodiuntur
1067 939 1221 1011 principum

265 1025 378 1088 statuto,
394 1019 554 1090 pactionem,
569 1016 603 1072 de
618 1031 670 1089 qua
685 1017 769 1073 locuti
789 1033 891 1084 sumus,
914 1019 1160 1078 manifestissimum
1176 1031 1220 1078 est

265 1101 352 1156 nullas
369 1102 441 1156 uires
456 1100 562 1156 habere.
591 1098 632 1159 ld.
648 1094 769 1156 ’usiani
784 1101 836 1157 lroc
856 1101 918 1158 loco
934 1103 1113 1160 theodosiani
1128 1104 1220 1178 legem

266 1183 299 1240 de
314 1185 399 1258 pactis
413 1199 464 1258 pro
480 1183 532 1240 hoc
547 1183 647 1240 credidi
663 1183 842 1256 inserendam,
860 1187 922 1259 quio
936 1187 1041 1242 initium
1057 1189 1141 1262 ipsius
1153 1205 1220 1244 cou-

265 1267 417 1324 stitutionis
432 1267 486 1324 tale
500 1274 553 1340 e'st,
569 1268 609 1323 ’ut
624 1261 733 1324 dicas:⁶
1145 1331 1150 1340 ¹

308 1351 336 1406 Si
358 1350 499 1406 aduersum
522 1360 599 1424 pacta
621 1351 666 1407 uel
695 1353 898 1422 transactiones,
916 1369 984 1426 quas
1007 1353 1093 1410 libero
1109 1355 1219 1410 arbitrio

308 1442 336 1490 et
347 1433 489 1490 uoluntate
504 1434 629 1505 coniecit,
653 1437 790 1508 putauerit
805 1451 865 1492 esse
880 1436 1054 1508 ueniendum,
1065 1447 1092 1494 et
1104 1455 1220 1512 poenam

307 1515 410 1587 reddat,
426 1526 454 1572 et
476 1517 654 1574 emolumenta
671 1519 774 1592 perdat,
791 1526 817 1575 et
831 1518 965 1576 infamiam
980 1521 1112 1590 incurram

265 1600 312 1658 scd
335 1600 391 1672 ille,
415 1601 461 1673 qui
482 1599 593 1657 liberum
616 1601 755 1658 arbitrium
778 1603 880 1672 lralruit,
896 1619 952 1658 uou
972 1603 1027 1674 ille,
1049 1607 1094 1678 qui
1115 1606 1222 1661 inuitus

265 1684 329 1741 iecit
345 1692 372 1740 et
388 1683 500 1740 faciendi
516 1685 684 1740 uoluntatem
700 1701 754 1742 non
770 1687 873 1743 habuit.

349 1767 380 1824 ll.
395 1765 415 1824 l.
432 1767 555 1825 Secundo
568 1769 628 1824 loco
640 1785 682 1824 me
694 1769 887 1826 consulendum
905 1769 956 1826 sul>
967 1771 1014 1826 hac
1025 1787 1092 1827 uoce
1103 1770 1219 1842 duxisti,

266 1861 297 1907 ut
312 1851 426 1924 diceres,
442 1851 601 1907 diuisionem
618 1853 645 1907 in
657 1845 800 1910 'castello⁶
816 1855 855 1909 sic
871 1853 967 1910 iactam
982 1871 995 1909 a
1010 1855 1104 1910 marito
1120 1855 1219 1911 mulie·

264 1937 301 1991 ris
317 1937 413 2008 ipsius,
427 1943 457 1990 ut
468 1935 513 1990 illu
527 1937 663 1991 nesciente
675 1936 771 1993 domus
790 1953 851 1993 cum
863 1937 989 1994 membris
1002 1940 1057 1994 suis
1069 1937 1112 1994 uel
1124 1939 1217 2012 hospi·

266 2020 309 2074 tiis
331 2020 509 2074 circumiectis
532 2019 618 2074 diuisa
639 2012 699 2078 sit.⁷
735 2017 765 2077 2.
781 2018 860 2076 'Siue
882 2023 1046 2078 conscientia
1068 2015 1178 2077 uxoris⁸
1194 2024 1219 2078 si

264 2119 296 2158 ea
311 2102 464 2176 praedictus
480 2103 590 2157 maritus
613 2102 707 2158 lecerit
728 2103 801 2159 nulla
823 2104 982 2176 aequalitate
1003 2114 1120 2176 seruata,
1143 2105 1219 2160 nulla

265 2188 485 2260 compensatione
500 2187 527 2241 in
551 2185 675 2242 omnibus
691 2187 837 2260 custodita,
853 2188 885 2243 ad
900 2188 966 2244 lraec
980 2187 1063 2246 uerba
1078 2205 1110 2244 er
1124 2188 1218 2262 legum

264 2271 459 2326 constitutione
474 2262 636 2342 ’respoudi,⁹
657 2271 780 2326 maritum
795 2273 822 2326 iu
837 2273 955 2346 negotiis
968 2274 1059 2328 uxoris
1071 2275 1129 2328 siuc
1144 2288 1219 2328 man·

265 2353 327 2409 dato
350 2369 405 2410 nou
427 2360 501 2411 recte
523 2353 623 2426 aliquid
639 2351 765 2409 definire:
788 2371 838 2410 nec
856 2369 937 2428 posse
952 2354 1052 2429 aliquid
1067 2355 1173 2411 firmum
1190 2365 1218 2413 et

263 2435 362 2492 stabile
384 2452 458 2506 esse,
482 2436 555 2510 quod
576 2437 635 2492 siue
657 2439 819 2494 conscientia
843 2439 934 2494 uxoris
956 2438 988 2495 de
1011 2438 1092 2495 relius
1113 2441 1219 2496 uxoriis

264 2520 340 2575 uisus
361 2519 443 2575 luerit
459 2520 638 2592 transegisse3
653 2523 811 2593 praesertim
827 2523 850 2577 si
866 2521 993 2578 doceatur
1008 2523 1109 2578 inutilis
1119 2515 1145 2556 ¹⁰
1156 2539 1218 2580 esse

264 2609 292 2658 et
313 2603 371 2658 sine
386 2602 546 2676 aequalitate
567 2601 612 2658 uel
632 2607 851 2678 compensatione
865 2607 923 2678 ipsa
938 2606 1044 2665 diuisio.
1072 2601 1101 2662 3.
1116 2605 1218 2662 Notum

337 2769 357 2838 ¹)
372 2771 397 2820 V.
414 2771 477 2820 Par.
493 2783 540 2834 86.;
555 2766 657 2822 ceterae
672 2787 734 2829 om.,·
748 2787 817 2823 corr.
833 2772 916 2838 Pupp.
973 2770 995 2838 ²)
1009 2789 1033 2823 a.
1048 2785 1095 2826 290.
1153 2771 1174 2840 ⁸)
1190 2791 1217 2826 a.

263 2855 309 2895 sss.
361 2839 383 2908 ⁴)
398 2857 451 2891 uam
466 2843 523 2892 edd.
575 2841 596 2908 ⁶)
610 2841 641 2892 Si
658 2843 827 2892 aduersarius
845 2858 900 2892 eam
918 2845 1011 2908 alleget
1027 2859 1064 2894 sc.
1079 2845 1111 2893 h.
1125 2857 1145 2896 a.
1168 2845 1215 2894 ΤΙι.

264 2913 290 2963 0.
309 2913 341 2962 de
355 2920 426 2975 pact.
446 2910 481 2977 (s,
503 2912 533 2979 e).
557 2913 603 2962 ced
616 2913 738 2976 ponenda
756 2920 816 2962 sunt
834 2913 898 2962 laec
916 2929 939 2963 o.
958 2921 1018 2964 ante
1036 2915 1079 2963 sed
1094 2915 1132 2963 ille
1151 2914 1219 2964 dicat

264 2984 325 3032 Par.
342 2993 375 3033 86.
390 2989 415 3030 et
429 2985 462 3030 al.
536 2979 589 3047 ⁶)i.
605 2999 625 3031 e.
641 2985 702 3032 oilla
721 2986 760 3033 vel
779 2985 867 3042 curia,
886 2990 914 3032 ut
928 2991 989 3046 post
1006 2985 1139 3035 dixerunt.
1176 2985 1217 3050 Cf.

263 3053 361 3104 Mario.
378 3067 441 3116 pap.
461 3053 524 3115 dipl.
544 3051 711 3102 LXXXIX.
734 3055 797 3102 unni
816 3064 863 3106 ost.
889 3051 1039 3116 ‘fundorum
1062 3055 1219 3116 Loueriam',

262 3123 384 3188 Speiant',
398 3121 544 3172 Aneessona‘
564 3137 620 3172 cum
634 3126 739 3174 castello
753 3121 810 3174 euo’
827 3131 873 3174 eto.
888 3123 952 3174 Item
971 3123 1056 3174 CVII.
1076 3153 1109 3162 -
1129 3125 1160 3174 L.
1181 3139 1217 3178 ut.

263 3198 285 3258 5.
302 3197 346 3244 ult.
361 3193 393 3242 D.
408 3194 440 3242 de
454 3196 502 3259 lep.
513 3205 533 3244 2.
559 3193 674 3243 Ceterum
688 3195 719 3244 de
733 3195 820 3244 eudem
834 3197 919 3258 speeie
932 3196 1139 3261 epitoniorum.
1151 3211 1219 3258 pro-

257 3267 353 3330 posita.
407 3261 427 3328 ⁷)
445 3265 504 3314 Cum
513 3264 700 3330 Burgundione
713 3265 820 3328 hospite,
835 3273 863 3314 ut
872 3273 945 3328 puto,
960 3268 1005 3330 qui
1013 3267 1084 3331 repis
1094 3265 1220 3328 beneficio

261 3337 309 3386 loo
323 3351 351 3386 se
364 3333 458 3384 dobere
469 3336 583 3398 fortusse
600 3337 699 3384 iniuria
713 3335 827 3386 dixerat.
858 3336 896 3399 Of.
914 3336 1027 3387 Barlcow
1047 3337 1082 3386 ad
1096 3336 1126 3385 L.
1143 3335 1219 3388 Rom.

261 3405 343 3472 Bury.
354 3421 382 3469 p.
397 3415 431 3457 68.
459 3405 574 3470 Saoipnp
590 3405 679 3456 (tescit.
695 3407 719 3455 d.
736 3405 766 3454 R.
784 3405 813 3454 B.
829 3405 866 3456 II.
883 3421 910 3469 p.
925 3418 959 3458 35.
1032 3404 1054 3472 ⁸)
1068 3405 1135 3455 Edd.
1151 3405 1221 3456 liaeo

261 3477 339 3526 uerba
359 3477 521 3526 antecedenti
534 3478 645 3540 periodo
667 3476 833 3526 attribuant·
890 3475 911 3541 ⁰)
926 3477 1016 3527 Malim
1034 3476 1151 3540 responde
1170 3483 1220 3526 aut

261 3547 402 3608 respondeo.
457 3543 489 3610 ¹⁰)
504 3548 521 3595 i.
537 3562 558 3595 e.
573 3549 644 3595 nullu
659 3563 715 3597 eum
729 3548 839 3596 utilitate
855 3550 948 3598 uxoris
958 3548 1040 3610 faeta.
