2684 4112
234 197 302 262 414
504 215 633 251 vonvsrvs
651 213 802 250 morsuve
821 203 914 252 8—16.

298 344 327 403 8.
350 343 422 402 llaec
443 343 520 400 uelut
541 343 674 400 elementa
696 344 858 418 'primaeque
880 345 947 400 assis
962 340 1187 403 distributiones¹

224 429 423 504 ,aequalitatem
438 436 557 484 seruant.
594 429 617 483 si
633 427 696 501 quid
717 427 874 500 quibusdam
889 443 981 484 earnm
1001 429 1126 486 detrahas
1142 431 1188 487 uel

236 513 375 583 conferas,
403 510 469 568 fient
495 511 625 585 dispares.
673 507 704 568 9,
732 504 847 579 ’Quare²
874 513 897 568 si
926 507 1046 582 (semissi
1071 517 1187 571 onmem

235 597 387 668 detrahas,
411 598 458 654 uel
479 587 535 666 sil³
556 593 697 668 quadranti
727 602 875 650 sextantem
904 594 947 651 uel
970 596 1059 652 trienti
1082 599 1186 654 unciam

236 680 364 756 applices,
387 679 466 735 iacies
489 680 675 751 quincuncem,
698 679 745 750 qui
767 686 927 734 constater
949 680 1068 752 quinque
1090 682 1187 751 unciis,

235 765 288 822 hoe
299 772 340 821 est
352 765 470 837 quinque
481 755 685 830 'duodecimis34
696 769 759 817 nota
771 762 928 835 quincuneis
939 786 980 808 --
989 785 1031 809 =
1042 757 1109 820 —.⁵
1138 760 1187 821 10.

236 848 263 904 Si
278 849 384 904 semissi
398 846 515 921 applices
528 847 643 921 unciam,
653 845 697 901 uel
709 846 852 918 quincunci
864 852 1025 915 sextantem,
1038 847 1081 903 uel
1094 848 1187 904 trienti

236 931 426 1006 quadrantem,
442 927 542 986 efficies
557 937 729 1002 septuncem,
751 929 803 986 lroe
823 937 864 985 est
883 936 987 1002 septem
1002 929 1187 996 duodecimas;

236 1022 300 1072 nota
314 1016 453 1088 septuneis
469 1013 487 1069 S
502 1043 553 1070 -.
589 1009 629 1070 11.
653 1011 680 1068 Si
696 1014 817 1085 septuuei
833 1013 992 1086 applicueris
1008 1015 1123 1084 unciam,
1141 1014 1187 1070 uel

235 1099 339 1154 semissi
353 1105 518 1159 sextantem,
533 1096 579 1152 uel
593 1097 736 1171 quincunci
751 1096 940 1170 quadrantem,
962 1097 1006 1153 uel
1022 1097 1112 1154 trieuti
1129 1106 1187 1155 tan·

236 1183 360 1251 tundem,
377 1181 458 1238 iacies
472 1179 594 1248 bessem,
615 1179 701 1236 idest
720 1178 891 1236 duodecimas
914 1187 992 1243 octo;
1014 1189 1078 1237 nota
1099 1180 1186 1238 bessis

236 1265 320 1322 S=.
356 1260 399 1322 12.
423 1264 451 1320 Si
471 1263 543 1320 bessi
558 1264 718 1337 applicueris
734 1265 854 1336 unciam,
875 1263 919 1320 uel
938 1266 1064 1336 septunci
1079 1274 1184 1320 sextun-

237 1358 290 1405 tem
303 1347 347 1404 uel
358 1349 462 1404 semissl
475 1346 659 1421 quadrantem,
670 1346 714 1402 uel
727 1348 868 1420 quincenti
879 1347 1016 1418 trientem,
1027 1347 1184 1404 dodrantem

237 1430 353 1502 elicies,
368 1431 421 1488 hoc
436 1439 478 1488 est
493 1445 591 1487 nouem
607 1429 796 1499 duodecimas;
811 1439 875 1487 uota
890 1429 1028 1486 dodrantis
1044 1431 1062 1486 S
1077 1455 1118 1478 =
1133 1463 1184 1492 -.

237 1511 282 1573 1³.
307 1514 337 1570 Si
350 1513 474 1571 dodranti
488 1515 649 1588 applicueris
666 1516 784 1585 unciam,
804 1513 847 1570 uel
869 1513 940 1570 bessi
956 1523 1120 1588 sextantem,
1141 1516 1186 1572 nel

236 1599 359 1672 septunci
376 1597 562 1671 quadrantem,
579 1597 621 1654 uel
637 1598 740 1653 semissi
757 1599 892 1670 trientem,
908 1598 952 1653 uel
969 1599 1113 1672 quincunci
1131 1607 1186 1654 tan·

237 1681 357 1754 tundem,
374 1681 453 1738 iacies
469 1681 636 1752 dextantem,
658 1681 711 1738 hoc
726 1689 768 1737 est
783 1680 873 1738 decern
889 1690 981 1756 partes
996 1682 1185 1752 duodecimas;

236 1775 300 1823 nota
315 1765 446 1822 dextantis
461 1765 480 1822 S
495 1789 536 1812 =
551 1789 601 1822 =.
642 1761 688 1821 14.
717 1764 744 1820 Si
760 1764 878 1821 dextanti
893 1765 1052 1839 applicueris
1070 1766 1184 1836 unciam,

236 1850 280 1907 uel
303 1849 426 1906 dodranti
445 1858 609 1921 sextantem,
632 1848 677 1904 uel
693 1848 766 1904 bessi
781 1849 972 1922 quadrantem,
994 1848 1039 1904 uel
1061 1851 1184 1922 septunei

236 1935 378 2006 trientem,
395 1933 438 1990 uel
453 1935 557 1990 semissi
574 1934 766 2007 quincuncem,
782 1931 863 1989 iacies
878 1933 1023 2004 deuncem,
1038 1933 1064 1988 id
1079 1941 1121 1988 est
1135 1949 1185 1989 un·

236 2017 322 2074 decim
338 2018 525 2088 duodecimas;
540 2026 604 2074 nota
619 2016 729 2074 denneis
747 2016 764 2072 S
779 2039 821 2062 ==
835 2041 876 2064 =
892 2046 942 2074 -.

298 2098 342 2158 15.
365 2101 402 2157 Ex
424 2103 466 2158 his
488 2109 613 2177 apparet,
635 2101 664 2157 in
686 2117 752 2175 quas
775 2107 864 2174 partes
886 2101 1048 2174 aequaliter,
1070 2102 1097 2157 in
1120 2117 1185 2174 quas

161 2247 164 2252 ,
237 2185 355 2260 dispares
378 2203 406 2242 as
429 2185 572 2242 diuidatur.
616 2184 675 2252 Quo
697 2194 786 2240 tamen
809 2183 913 2240 iacilius
942 2193 970 2240 et
992 2186 1119 2240 memoria
1142 2202 1185 2242 res

236 2277 369 2340 teneatur,
386 2285 487 2325 summa
503 2269 642 2325 diuisionis
658 2268 723 2324 haec
738 2277 789 2324 est.
823 2268 851 2324 ln
867 2284 927 2324 asse
941 2276 1005 2324 sunt
1021 2269 1114 2324 unciae
1129 2285 1184 2341 xm,

237 2355 289 2411 lroc
303 2361 345 2409 est
359 2361 449 2426 partes
465 2353 638 2408 duodecimae
653 2352 808 2422 duodecim,
824 2353 917 2410 unciae
933 2360 960 2408 et
975 2351 1051 2408 binae
1066 2353 1185 2409 sextulae

236 2452 351 2506 nouem,
373 2437 426 2492 hoc
444 2443 485 2490 est
505 2451 603 2492 nouem
622 2451 723 2504 nonae;
745 2438 899 2492 sescunciae
919 2445 991 2508 octo,
1014 2436 1040 2492 id
1061 2445 1102 2491 est
1123 2445 1184 2494 octo

238 2527 362 2587 octauae3
386 2527 520 2575 sextantes
534 2535 596 2590 sex,
616 2517 643 2574 id
659 2526 701 2574 est
722 2535 768 2575 sex
784 2528 872 2593 partes
895 2529 1002 2588 sextae;
1025 2520 1185 2594 quadrantes

238 2610 375 2677 quattuor,
390 2602 417 2658 ld
432 2611 474 2659 est
489 2610 619 2676 quattuor
633 2611 723 2676 partes
739 2611 865 2676 quartae3
887 2605 1000 2660 trientes
1015 2613 1087 2676 tres,
1102 2605 1129 2661 ld
1144 2613 1185 2662 est

237 2696 293 2744 tres
309 2694 399 2760 partes
414 2687 522 2749 tertiae;
539 2687 664 2743 semisses
680 2685 750 2756 duo,
765 2685 791 2742 id
808 2694 849 2742 est
864 2687 931 2744 duae
946 2697 1036 2762 partes
1053 2687 1182 2746 dimidiae.

236 2765 279 2827 16.
303 2769 413 2826 Ceterae
427 2777 517 2844 partes
532 2769 697 2844 inaequalem
719 2769 820 2826 iaciunt
840 2769 1010 2828 diuisionem.
1041 2775 1067 2828 in
1082 2771 1183 2828 deunce

237 2862 301 2910 sunt
315 2855 408 2910 unciae
423 2853 562 2927 undecim,
583 2861 720 2910 sextantes
736 2855 855 2928 quinque
871 2862 898 2910 et
914 2858 1005 2928 uncia,
1022 2855 1182 2929 quadrantes
1194 2867 1250 2917 [sar]

238 2945 291 2994 tres
307 2944 335 2993 et
349 2946 471 3010 sextans,
488 2938 599 2996 trientes
621 2938 675 2994 duo
696 2946 722 2994 et
738 2936 886 3010 quadrans,
906 2941 1069 3013 quincunees
1090 2940 1185 2996 ducet

237 3051 449 3064 ..μ-..ά

314 3120 333 3189 ¹)
347 3121 450 3186 Scripsi
454 3139 464 3180 ,·
477 3125 568 3188 primae
582 3124 612 3174 de
626 3138 680 3173 esse
695 3122 869 3172 distributionis
884 3123 914 3172 P.
934 3123 965 3174 V.
976 3125 1033 3174 edd.
1055 3124 1093 3189 Cf.
1104 3127 1127 3188 ἕ.
1137 3137 1186 3177 40..·

237 3195 299 3243 inter
313 3194 450 3257 superiores
463 3195 599 3258 primasque
615 3194 753 3242 diuisiones.
801 3189 823 3258 ¹)
837 3194 854 3242 ι’.
870 3208 891 3243 e.
906 3194 1026 3244 videlieet
1039 3199 1078 3245 ael
1092 3199 1185 3260 itaque,

237 3271 264 3313 ut
278 3265 351 3329 infra
365 3266 388 3326 ξ.
402 3276 437 3316 ts.
503 3261 524 3330 ⁰)
540 3264 626 3323 Haec,
644 3278 710 3327 quae
727 3265 855 3326 supplevi,
869 3265 1012 3324 excidisse,
1026 3267 1185 3330 manifestum

236 3343 274 3385 est
287 3351 322 3386 eae
335 3335 411 3385 uerbo
433 3335 544 3384 detrahas
563 3335 586 3395 5.
601 3345 621 3385 e.
686 3329 708 3399 ⁴)
721 3333 854 3383 undecimis
873 3335 930 3384 edd.
950 3337 1024 3385 etium
1043 3351 1112 3386 meae
1131 3348 1150 3388 1.
1165 3349 1184 3387 e.

236 3421 334 3457 errore.
386 3403 408 3471 ⁵)
427 3403 551 3454 {lsitatior
561 3410 598 3453 est
608 3404 635 3452 in
645 3406 810 3454 monumentis
819 3404 883 3454 lteec
893 3406 981 3471 flpure
991 3428 1025 3449 =
1036 3435 1069 3444 -
1079 3423 1128 3464 =,·
1142 3408 1187 3457 sed

236 3477 268 3526 de
282 3477 322 3527 dis
336 3477 445 3538 aliisque
459 3473 642 3536 varietatibus,
661 3473 751 3538 quidus
770 3477 796 3523 in
812 3475 853 3524 leis
867 3477 934 3526 notis
948 3484 1045 3527 ueteres
1059 3478 1186 3527 luxuriati

236 3553 303 3606 sunt,
318 3547 365 3596 adi
379 3543 477 3594 Murin.
501 3543 559 3593 Atti
572 3543 603 3593 de
614 3545 680 3607 frat.
695 3544 759 3594 Are.
773 3545 795 3594 I.
810 3562 832 3594 o.
844 3561 872 3609 p.
887 3557 1009 3598 ert—2³0.
1029 3557 1151 3600 rte-261.
