2694 4110
12 1059 13 1074 i
76 1001 139 1050 [⁵122]

84 1633 87 1638 .
146 1595 258 1674 prodiit.
294 1595 352 1649 Hoc
370 1611 437 1649 vero
455 1611 533 1649 exem

297 994 452 1051 vnnnnrs
472 994 659 1050 cvivsonu
678 993 948 1050 ivasoonsvnn

456 1094 788 1167 CONSVLTATIO.

215 1260 394 1328 Opusculum,
414 1261 489 1328 quod
506 1260 559 1314 hoc
577 1260 660 1313 titulo
678 1277 752 1314 nuno
765 1260 847 1330 vulgo
859 1259 1027 1326 inscribitur,
1041 1261 1097 1317 Iac.

147 1328 276 1384 (luiacius
290 1343 323 1382 ex
341 1327 504 1396 apographo
523 1327 625 1380 codicis
638 1327 753 1380 Antonii
765 1326 878 1380 Loiselli
896 1329 969 1380 oiroa
986 1344 1010 1382 a.
1025 1333 1097 1386 1563.

147 1396 174 1449 ei
200 1393 404 1448 communicato
426 1395 454 1446 in
477 1394 569 1448 fronte
593 1410 705 1448 suarum
728 1393 969 1448 Consultationum
991 1395 1098 1464 primus

147 1462 253 1530 publici
266 1461 334 1515 iuris
346 1461 421 1525 fecit,
442 1463 471 1514 et
482 1461 606 1529 quidem,
619 1463 652 1514 ut
662 1461 790 1529 plerique
803 1479 876 1514 nune
889 1478 952 1515 cum
963 1461 1097 1531 Puggaeo

146 1529 273 1595 eredunt,
290 1529 320 1580 in
338 1543 453 1598 operum
471 1544 584 1582 suorum
601 1528 737 1593 editione,
756 1545 828 1596 quae
846 1528 960 1583 Parisiis
978 1545 1003 1582 a.
1025 1535 1097 1588 1577.

555 1595 610 1662 lar,
635 1611 697 1648 oum
719 1597 778 1648 tam
795 1596 995 1672 'apographum
1013 1612 1098 1662 quam

146 1679 205 1731 1pse
225 1663 311 1717 codex
328 1665 385 1715 iam
403 1663 451 1715 diu
469 1663 498 1715 iu
517 1613 687 1716 oblivionem
706 1665 843 1726 venerint,
862 1663 964 1714 oodion
981 1678 1097 1716 numero

145 1731 226 1784 nobis
242 1747 316 1784 nuno
333 1730 494 1783 habendum
517 1731 565 1782 est.
602 1729 701 1796 Neque
725 1729 751 1781 ei
773 1727 910 1795 dignitate
934 1727 1097 1794 aequandae

147 1799 211 1850 sunt
229 1799 301 1850 aliae
319 1797 401 1848 huius
420 1795 635 1848 Consultationis
654 1795 807 1858 editiones,
825 1809 898 1859 quae
916 1794 1013 1860 paucis
1031 1794 1098 1847 lieet

147 1863 226 1917 annis
243 1865 307 1931 post
324 1863 359 1916 ab
376 1863 438 1938 ipso
452 1861 563 1914 Cuiacio
582 1861 628 1913 vel
646 1861 681 1912 ab
695 1860 755 1913 aliis
768 1864 881 1912 curatae
895 1861 965 1912 sunt.
997 1860 1097 1924 Quam·

147 1946 232 1996 quam
250 1929 325 1982 enim
342 1929 483 1980 venantes
505 1927 639 1980 lectiones
665 1943 721 1980 non
743 1942 845 1994 paucas
868 1927 1024 1992 continent,
1047 1943 1097 1981 eae

146 1998 242 2047 tamen
261 1995 397 2048 eiusmodi
415 1996 492 2058 sunt,
510 1996 543 2046 ut
560 1993 649 2060 magis
667 1993 843 2046 coniecturae
862 1993 908 2070 vel
926 1995 1097 2112 typofrephi

147 2061 245 2180 suet
262 2059 686 2180 sentententia
688 2058 1097 2181 tununnensis

148 2193 243 2259 editio,
263 2209 334 2261 quae
348 2209 371 2250 a,
386 2197 459 2246 1586.
472 2192 584 2261 prodiit,
597 2191 761 2261 excipienda
774 2195 827 2246 est:
841 2195 916 2244 certe
929 2193 999 2246 baec
1010 2193 1098 2248 habet

147 2261 299 2380 gaggan
315 2259 1015 2379 alulaeterniter-stt,titutum
1033 2261 1097 2381 ⁸t¹t

147 2342 291 2458 lvelttidritt,
303 2393 332 2445 in
344 2393 388 2444 his
401 2343 684 2470 etiamlrecenttorum
697 2343 1098 2470 tunultugunnetinttiitpers.

147 2463 203 2514 vet.
217 2461 359 2522 autemst.)
373 2459 597 2513 etB1ener1anae
616 2465 654 2524 [in
667 2459 792 2528 Hugoms
810 2473 870 2512 lure
888 2476 941 2512 civ.
955 2461 1096 2527 anteiust.)

146 2527 178 2593 is,
198 2528 247 2594 qui
266 2526 504 2580 Consultationom
523 2526 613 2579 adhue
632 2527 842 2595 diligentissime
862 2525 963 2592 edidit,
981 2527 1011 2581 ll.
1023 2527 1098 2596 Pug-

148 2609 235 2662 gaeus
256 2595 285 2646 in
303 2609 378 2660 corp.
400 2593 452 2644 iur.
477 2592 558 2649 Rom.
581 2594 742 2646 anteiustin.
771 2611 798 2662 p.
818 2599 867 2646 389
885 2609 942 2661 seq.
966 2597 1096 2648 accurate

148 2662 286 2714 enotavit:
309 2659 491 2727 quamobrem
508 2659 589 2712 nobis
605 2659 677 2712 hano
695 2662 774 2727 sequi
787 2660 937 2713 editionem
951 2662 980 2713 et
992 2677 1025 2714 ea
1036 2663 1097 2714 tan·

145 2729 214 2793 tum,
233 2743 304 2794 quae
326 2727 355 2779 in
373 2727 432 2780 eius
448 2727 529 2779 textu
546 2727 723 2790 mutavimus,
741 2728 770 2778 in
787 2726 860 2778 notis
871 2726 994 2780 indicare
1006 2727 1097 2780 visum

147 2797 197 2848 est.
229 2795 347 2848 Leviora
363 2795 458 2846 tamen
496 2792 616 2845 uaedam
634 2792 831 2860 supplementa
848 2793 877 2843 in
894 2795 974 2845 textu
986 2795 1097 2846 tantum

146 2861 266 2918 distinxi.
302 2860 430 2928 Denique
448 2876 471 2915 c.
518 2859 551 2911 ΙΙ.
569 2859 598 2912 in
617 2859 680 2922 duo,
699 2861 730 2912 ut
748 2857 903 2926 oportebat,
922 2859 1051 2913 distribui
1068 2865 1098 2914 et

147 2929 239 2981 omnia
257 2928 366 2996 singula
384 2927 489 2995 capito,
513 2942 567 2994 qno
589 2925 697 2979 facilius
720 2941 848 2994 quaeque
871 2925 987 2995 allegari
1010 2929 1039 2980 et
1055 2929 1096 2980 in·

146 2995 236 3048 veniri
254 2998 377 3062 possent,
394 2996 424 3046 in
441 2993 610 3046 minusculas
628 2995 721 3060 partes
734 2991 823 3056 divisi,
835 2993 961 3047 Arabicis
974 2995 1096 3048 numeris

146 3060 198 3112 insi
220 3061 301 3114 nitas.

201 3078 255 3180 gDe
273 3128 380 3180 incerto
397 3127 481 3180 buius
499 3126 624 3194 opusculi
644 3127 766 3190 auctore,
786 3125 844 3179 eius
858 3127 950 3180 aetate
964 3129 993 3179 et
1004 3127 1097 3194 patria

147 3195 176 3246 et
187 3193 273 3260 ipsius
285 3193 444 3260 scriptionis
457 3193 565 3246 ratione
577 3195 641 3261 post
654 3193 685 3246 G.
700 3193 730 3250 E.
743 3191 958 3260 Heimbaobium
970 3192 1095 3260 (Repert.

145 3259 178 3312 Li
200 3277 221 3314 s.
243 3265 316 3314 1843.
335 3277 362 3327 p.
376 3265 424 3313 154
436 3275 493 3326 seq.
516 3266 588 3314 1845.
607 3276 634 3327 p.
647 3263 718 3324 431.)
737 3259 861 3326 aliosque
880 3257 1028 3310 Rudorfius
1066 3275 1095 3313 e-

147 3277 245 3380 tutiori
263 3327 462 3380 commentario
481 3325 635 3394 disputavit
647 3325 787 3391 (Zeitsehr.
799 3325 818 3378 f.
831 3325 923 3394 gesoh.
937 3324 1006 3382 RW.
1020 3275 1094 3384 Xtil,

145 3409 172 3461 p.
193 3400 225 3448 50
243 3397 320 3461 seq),
360 3391 413 3456 Qui
436 3408 499 3445 cum
524 3409 558 3446 ex
581 3393 673 3446 verbis
696 3409 718 3446 o.
738 3399 761 3446 6.
778 3395 866 3462 aliqua
887 3396 936 3446 sibi
956 3398 1096 3462 principali

145 3467 272 3528 rescripto
295 3471 338 3514 aut
360 3465 540 3526 praeceptione
562 3465 641 3524 fuisse
664 3479 784 3514 concesso
802 3499 831 3514 ..
853 3499 859 3514 .
878 3499 884 3514 .
901 3465 1042 3526 principem
1064 3480 1095 3514 eo

145 3544 244 3594 semper
262 3533 325 3582 uelle
345 3533 493 3594 concedere,
514 3547 578 3596 quae
595 3531 691 3596 cepione
709 3532 853 3596 rationique
871 3532 1022 3582 conueniunt
1040 3528 1094 3581 col·

832 3622 884 3674 53*
