2680 4112
28 239 30 292 3
553 223 641 263 curve.
666 243 671 248 -
1021 201 1082 266 165

105 354 233 408 Boethio
252 355 283 408 in
302 355 358 415 Cic,
373 357 443 426 Top.
456 376 486 427 p.
500 363 551 413 303
564 357 695 424 constet),
714 356 810 408 temen
828 370 898 422 ques
910 353 1082 408 Veronensis

61 421 200 502 {seloodex
218 425 359 528 praestet,
377 425 694 506 pariimtiueptiesimae
709 425 782 479 suut.
805 421 919 500 aurai,
939 423 995 476 uod
1008 421 1081 476 adeo

106 489 1081 640 ruereturstartristruesretenturas

107 625 1082 773 terrie.certaretur{recessissent

106 761 216 821 mdicn,
235 763 286 815 ub1
299 763 413 817 rubrica
425 765 568 819 desineret
580 765 610 818 et
620 780 694 817 nova
707 763 797 814 oratio
809 763 956 829 inciperet,
970 778 1081 832 expers,

105 828 184 882 haud
197 846 264 882 raro
277 847 342 883 cum
351 832 466 888 rubrica
475 834 508 902 (si
517 831 602 886 modo
612 831 726 884 rubrica
736 829 808 895 erat)
818 828 906 882 etiem
916 831 1036 897 purtem,
1048 832 1081 883 ub

106 897 264 964 plurimum
278 897 421 968 integrum
431 917 551 966 versum,
565 899 632 953 novi
642 897 755 952 articuli
765 897 911 950 omitteret
931 897 995 952 vide
1007 907 1028 962 l,
1039 903 1080 955 56.

106 969 377 1023 ascensorios.
397 976 420 1034 e,
435 975 508 1022 tor.
529 975 553 1034 e,
565 972 656 1021 enee.
669 973 726 1022 139.
742 971 798 1018 rer.
817 971 842 1026 4,
858 970 901 1031 ι).
953 980 985 1018 eo
997 965 1080 1018 facire

105 1031 164 1086 nisi
174 1033 299 1088 barbara
308 1036 404 1089 estate
416 1052 472 1090 non
487 1033 676 1090 animadverti
687 1034 802 1111 poteret
812 1031 923 1093 folium,
941 1033 1016 1098 qued
1030 1033 1080 1085 aii-

106 1101 224 1168 quaudo
238 1101 392 1169 excideret,
410 1103 503 1158 alieno
522 1105 584 1157 ioco
598 1119 615 1156 a
631 1101 757 1180 bibirope
778 1119 795 1153 c
812 1100 985 1161 restitutum,
1005 1099 1082 1166 quod

106 1167 215 1222 oceidit
228 1169 376 1237 (quicquid
393 1172 569 1226 contradicat
580 1119 788 1238 Βοιιιιίιιιιςιιιιῗ1
809 1185 843 1220 ex
856 1167 1035 1222 Heimbechii
1053 1169 1083 1222 eb

106 1252 173 1290 mee
186 1237 332 1290 sententie
343 1243 367 1302 2,
380 1244 499 1305 65-79,
512 1241 545 1292 nt
556 1237 647 1292 simile
660 1237 761 1290 vitium
773 1237 885 1289 taceam
897 1235 934 1288 ed
947 1239 1041 1301 3,138.
1065 1251 1083 1290 a

106 1319 155 1357 me
167 1303 335 1358 indicatum.
360 1305 441 1372 Quid,
460 1307 535 1376 quod
548 1308 577 1360 et
594 1307 669 1359 intes
682 1305 837 1358 sententies
853 1303 998 1356 interdum
1011 1304 1081 1360 omi·

105 1371 159 1437 sit,
176 1371 261 1424 velut
280 1377 328 1436 1,e
346 1375 376 1426 et
388 1377 454 1428 ante
469 1381 510 1429 18.
530 1381 554 1437 2,
568 1379 626 1427 269.
655 1372 721 1426 Noli
733 1388 800 1426 vero
813 1370 934 1440 opinari,
954 1373 1081 1426 omnium

105 1439 219 1490 horum
228 1437 356 1493 vitiorum
364 1441 459 1510 ipsum
468 1439 747 1496 codicisVeronensis
756 1440 924 1508 scriptorem
934 1442 1081 1494 auctorem

105 1506 211 1558 finisse.
234 1505 267 1558 Iu
279 1506 348 1561 libro
360 1510 446 1563 toties
455 1511 576 1564 maxime
599 1525 634 1562 ue
643 1509 786 1574 iuvenum,
801 1507 849 1576 qui
860 1507 943 1562 ieciie
956 1507 1081 1576 decipie-

105 1574 226 1638 bantur,
239 1573 269 1626 in
282 1591 362 1628 usum
376 1576 517 1656 descripto
529 1577 586 1631 heu
617 1591 709 1645 panea
720 1576 779 1630 sine
792 1574 878 1628 dublo
891 1575 1081 1644 antiquiorem

104 1641 275 1695 habuerunt
285 1643 422 1712 originem
430 1647 455 1698 :²
465 1645 496 1698 rd
505 1645 581 1714 quod
588 1645 790 1714 circumspecto
801 1642 898 1696 critico
908 1642 938 1696 in
947 1643 990 1698 his
999 1659 1080 1712 prae-

107 1709 210 1764 sertim
222 1709 380 1764 notandum
393 1715 445 1776 est,
459 1729 532 1782 quoe
545 1711 697 1780 aliquando
707 1710 873 1765 exciderunt
885 1712 914 1762 et
926 1710 964 1764 ed
975 1711 1080 1780 margi·

106 1792 176 1831 nem
187 1775 328 1832 librorum
341 1779 412 1832 alius
429 1782 503 1834 forte
515 1781 623 1834 formes
636 1779 854 1847 longiorumque
868 1793 1002 1832 versuum
1014 1795 1081 1845 sup·
1135 1835 1139 1843 ,

106 1843 189 1914 plebe
201 1845 304 1913 postea
315 1847 408 1901 alieno
420 1848 482 1902 loeo
495 1849 629 1902 restituta
640 1847 706 1900 sunt
714 1847 761 1900 vei
773 1845 927 1913 perierunt.
937 1876 966 1886 -
974 1845 1084 1898 Habuit

108 1911 201 1965 codex
219 1911 301 1966 initio
316 1920 365 1968 tte
383 1915 452 1968 folia
463 1917 570 1970 formae
584 1915 739 1983 quadratae
752 1913 872 1975 mediae,
891 1929 929 2031 pie
951 1912 997 1966 'ue
1012 1927 1082 1980 qua·

107 1979 877 2126 titet't‘tthtttt{intermittit
895 1982 1084 2126 ..tereti

108 2116 194 2168 mitro
219 2117 249 2168 et
272 2115 329 2170 fine
353 2121 458 2186 operis,
483 2121 513 2172 et
535 2119 566 2172 ui
591 2135 678 2172 unum
702 2131 800 2170 eorum
822 2131 895 2234 ilpunc
920 2115 1085 2192 eontmebat

108 2182 211 2236 saltem
230 2199 266 2237 ex
283 2184 365 2252 parte
384 2185 499 2240 aliunde
512 2185 608 2240 sarciri
626 2190 741 2254 possent
753 2183 811 2252 (lib.
840 2181 875 2236 ΙΙ.
889 2183 972 2250 imt.>.
1003 2183 1082 2248 Quae

107 2252 268 2371 hbpbrlbbi
287 2251 372 2330 lolia,
394 2255 509 2374 ιιιιὶιιὶιῖᾳ
531 2253 639 2331 ordine·
653 2252 813 2372 deletoquef
828 2250 929 2371 priofleO
943 2251 1085 2370 sicripiura.

107 2336 189 2462 sala,
202 2335 1083 2467 t.ttrite?..tinette&tentitudine

107 2453 244 2506 fohorum
261 2456 340 2522 perti
357 2456 428 2510 adeo
445 2457 488 2510 bis
500 2473 575 2510 nove
586 2457 726 2524 scripture
742 2456 944 2523 imponeretur.
973 2453 1083 2510 Lectio-

107 2536 179 2573 nem
202 2522 351 2588 praetereo
378 2525 525 2591 frequente
550 2523 686 2592 eiglarum
709 2524 768 2576 eive
790 2523 922 2576 notorum
948 2540 1002 2577 usu
1029 2525 1082 2576 im·

107 2587 246 2656 pediente
257 2605 400 2644 erearum
411 2607 524 2660 genera,
535 2607 607 2658 quae
620 2590 880 2669 euteiustinianum
890 2589 920 2644 in
929 2607 982 2642 usu
992 2591 1081 2656 fuere,

108 2749 209 2810 singuiis
224 2750 334 2798 materiis
349 2750 458 2813 inseripti
473 2757 566 2812 essent,
586 2750 649 2798 idem
665 2749 775 2810 contigit,
795 2749 938 2812 tandemque
953 2749 1040 2798 Alarici
1056 2757 1081 2798 et

108 2819 235 2868 iustiniani
251 2827 338 2886 aetate,
357 2821 398 2884 qni
412 2822 485 2870 etiam
499 2822 573 2870 totius
588 2821 647 2870 iuris
662 2821 739 2869 civilis
754 2820 872 2868 enucleati
887 2820 995 2868 codicem
1010 2821 1083 2882 Dige-

109 2897 200 2939 storum
216 2890 249 2938 ad
264 2886 368 2940 edictum
383 2899 506 2956 spectante
520 2891 615 2940 nornine
630 2891 770 2954 appellavit,
790 2905 818 2938 eo
833 2897 972 2954 perventum
987 2897 1036 2954 est,
1056 2897 1083 2940 nt

108 2962 143 3010 rel
158 2961 322 3010 scholasticae
337 2963 502 3012 institutiones
521 2965 550 3012 ab
570 2964 622 3026 ipso
638 2969 735 3011 anctore
754 2977 798 3024 per
817 2967 892 3010 toturn
908 2962 983 3010 titulis
998 2962 1083 3011 distri-

108 3032 254 3094 buerentur,
274 3047 349 3096 euque
363 3035 489 3082 honestior
502 3034 630 3098 appellatio
645 3039 729 3096 postea
744 3031 811 3098 (licet
825 3032 930 3080 nondum
944 3034 968 3081 in
983 3033 1082 3082 Floren-

108 3104 156 3151 tino
172 3103 226 3165 Dig.
243 3103 339 3168 codice)
354 3105 506 3154 librariorum
519 3105 629 3154 rubricas
645 3104 781 3168 expelleret.
832 3099 858 3168 ³¹⁵)
874 3103 1004 3168 Utrumque
1018 3119 1082 3154 nunc

109 3175 255 3237 scriptorem
270 3175 333 3226 dico.
352 3191 406 3224 nam
422 3176 481 3226 duos
496 3177 609 3225 librarios
623 3181 720 3238 praeter
729 3181 893 3224 correctorem
903 3176 927 3224 in
937 3177 982 3225 hcc
998 3175 1082 3224 codice

109 3252 241 3308 occupatos
262 3246 349 3310 inisse,
369 3246 546 3297 Studemundus
566 3246 731 3310 deprehendit.
820 3241 840 3308 1)
857 3247 904 3294 Sed
924 3247 971 3294 iam
985 3246 1081 3293 veritati

109 3317 233 3366 concessit
255 3316 294 3366 ed.
318 3328 339 3368 5.
386 3317 477 3368 Rursus
500 3325 579 3368 tamen
603 3318 710 3381 priorem
733 3317 784 3366 eius
809 3317 947 3379 opinionem
975 3317 1084 3376 suscepit

109 3388 151 3436 Th.
162 3387 327 3436 Mommsenus
342 3390 413 3452 epist.
429 3390 483 3438 crit.
498 3389 631 3452 praemissa
646 3388 683 3437 ed.
696 3387 763 3436 Stud.
822 3383 843 3452 ¹)
864 3387 943 3435 Etiam
958 3401 986 3434 ea
1001 3399 1083 3432 crem-

108 3459 193 3520 piaria,
208 3459 296 3522 quibos
307 3459 432 3509 iustiniani
447 3459 487 3524 qui
502 3466 687 3524 composuerunt
702 3458 865 3508 institutiones
879 3457 917 3505 usi
932 3463 995 3516 sunt,
1010 3469 1083 3518 quae-

110 3529 164 3578 dum
177 3530 294 3580 habinsse
309 3531 396 3580 menda
410 3545 464 3580 cum
475 3531 559 3581 Veron.
571 3531 597 3580 C.
613 3531 755 3594 communie,
770 3529 850 3578 notavi
865 3528 894 3577 ad
909 3540 930 3591 ι,
945 3539 979 3580 ot.
998 3538 1019 3590 3,
1034 3539 1082 3578 too.

110 3611 156 3652 arr.
175 3613 197 3663 t,
212 3612 247 3652 ee.
268 3602 316 3654 vid.
338 3603 410 3650 etiam
428 3614 450 3665 4,
470 3615 503 3654 ιι.
524 3615 557 3654 re.
578 3615 626 3652 ιιι.
