2680 4118
440 177 536 213 rasos.
556 176 608 213 rvr.
628 177 688 214 acu.
707 177 794 214 varic.
1028 165 1090 228 715

137 299 224 366 iibus,
256 301 423 366 ‘detersam
453 300 557 367 inquit,
587 299 676 352 nube
704 299 925 366 voluminum,
955 301 989 354 iu
1018 299 1092 378 qui·

137 369 201 422 bus
218 368 405 420 multorum
423 367 511 419 nihil
530 365 779 442 explicantium
797 369 929 421 aetates
948 369 1092 422 attrltae

139 435 231 499 sunt,
250 435 477 502 compendiosam
494 433 631 486 divalium
646 433 878 486 constitutionum
895 435 1040 488 scientiam
1059 452 1093 488 ex

140 502 168 558 d.
194 500 367 556 Constantini
392 503 449 554 tem
472 499 565 554 ombus
587 499 749 553 roboramus
772 500 843 553 nulli
868 503 934 568 post
954 501 1009 554 kal.
1032 502 1091 554 lan.

141 583 272 623 concessa
291 568 440 621 licentiae
477 568 567 619 lorum
586 607 591 618 .
611 612 616 623 .
638 607 642 618 .
662 566 882 635 iusvprincipale
903 568 1037 622 deferre.
1057 609 1063 622 .
1084 609 1091 624 .

139 635 195 688 nisi
213 651 247 688 ex
264 635 307 686 his
325 634 457 688 videlicet
473 633 559 697 libris,
577 633 626 700 qui
643 633 673 685 in
690 634 778 686 nostri
795 635 913 687 nominis
925 635 1093 688 vocabulum

140 702 323 755 transierunt'
343 704 394 755 etc.
407 701 503 769 primis
521 700 576 752 illis
588 700 681 752 verbis
699 702 795 766 aperte
808 701 981 755 demonstrat
993 719 1094 770 corpus

142 768 258 836 aliquod
270 768 337 820 iuris
348 769 404 822 iam
417 767 575 820 confectum
584 765 716 819 Vaticani
727 769 786 819 tam
798 767 897 832 simile,
909 770 942 822 ut
954 780 1038 821 ovum
1047 769 1094 821 ovi

141 851 198 889 non
211 835 339 888 videatur
357 835 487 898 similium
504 850 570 887 uam
583 834 613 886 et
623 833 775 886 multorum
792 849 928 887 annorum
946 835 1029 888 fuisse
1041 835 1094 889 hoc

141 919 221 970 opus,
234 902 309 969 quod
322 902 474 956 multorum
487 901 611 953 virorum
623 902 781 968 susceptum
794 902 932 955 consortio
945 902 974 954 iu
986 903 1094 956 tantam

140 969 245 1022 nubem
258 969 432 1022 voluminum
451 968 619 1031 excreverat,
639 983 721 1020 nemo
739 981 795 1020 non
813 967 895 1022 facile
908 969 1009 1024 credet.
1040 971 1094 1022 lta·

140 1051 195 1104 que
214 1037 246 1088 ut
257 1036 340 1104 plane
354 1037 454 1097 dicam,
474 1034 549 1102 quod
566 1034 665 1110 sentio,
683 1051 747 1086 cum
759 1051 866 1088 summo
879 1035 1016 1089 desiderio
1029 1053 1094 1104 pur-

140 1103 297 1172 gandorum
308 1104 377 1156 iuris
389 1102 509 1155 fontium
526 1102 606 1153 istius
624 1101 687 1154 aevi
704 1101 830 1154 homines
847 1105 1030 1164 tenerentur,¹
1049 1103 1094 1155 cui

140 1169 331 1222 satisfaciendi
352 1169 540 1222 aemulatione
559 1167 711 1220 occidentis
729 1169 759 1221 et
776 1169 890 1222 orientis
912 1170 1095 1236 imperatores

140 1237 215 1289 inter
233 1252 262 1288 se
280 1238 401 1289 certasse
419 1236 480 1302 ipsa
497 1234 688 1287 Valentiniani
706 1234 740 1288 de
758 1236 897 1304 responsis
914 1236 1095 1304 prudentium

140 1302 187 1354 lex
200 1303 229 1354 et
241 1301 391 1355 Theodosii
408 1301 637 1354 constitutionum
656 1301 744 1355 codex
762 1317 793 1354 ar
813 1304 927 1356 umento
945 1305 1031 1364 sunt,2
1047 1303 1095 1356 vix

141 1367 240 1420 dubito
265 1369 332 1436 quin
353 1369 410 1421 iam
433 1368 555 1421 anterior
576 1367 740 1437 imperator,
769 1319 848 1422 velut
869 1369 1026 1424 Honorius³
1048 1369 1095 1423 vel

142 1435 212 1488 adeo
225 1435 302 1504 prior
310 1435 493 1488 Theodosius⁴
504 1435 625 1502 primum
637 1437 672 1488 de
684 1451 799 1503 corpore
812 1436 879 1489 iuris
892 1437 1095 1506 ‘magisterium

142 1502 217 1556 vitae
236 1502 418 1570 suscipiento'
439 1502 617 1571 cogitaverit,
636 1503 746 1579 etpost
764 1501 890 1568 demum,
910 1520 972 1556 cum
989 1505 1095 1558 iussum

141 1569 177 1621 ab
200 1569 260 1637 ipso
283 1569 330 1623 vel
351 1570 406 1622 alio
424 1585 505 1638 opus,
533 1569 610 1622 cuius
637 1569 769 1636 rehquias
792 1569 940 1622 Vaticanus
957 1572 1094 1637 tenemus,

141 1651 220 1704 spem
242 1635 400 1698 fefellisset,
423 1651 475 1690 nec
498 1636 616 1705 probato
639 1651 671 1690 eo
689 1651 741 1688 uec
763 1635 922 1703 improbato
943 1637 1027 1700 (unde
1046 1637 1095 1689 ali·

143 1703 278 1770 quamdiu
288 1706 382 1758 tamen
392 1703 519 1756 homines
530 1719 562 1756 eo
572 1704 615 1754 usi
625 1719 682 1756 esse
693 1703 843 1768 videntur),
855 1704 887 1754 ut
895 1704 991 1754 tamen
1001 1703 1095 1769 aliquo

69 1777 131 1824 [6²0]
143 1771 226 1823 modo
238 1771 305 1824 iuris
315 1771 470 1824 confusioni
482 1770 685 1832 subveniretur,
697 1769 743 1822 lex
753 1769 788 1821 dc
800 1767 959 1821 auctoribus
972 1769 1095 1838 allegan-

142 1837 184 1889 dis
196 1854 213 1890 a
224 1837 422 1890 Valentiniano
436 1837 537 1889 emissa
549 1835 592 1888 sit.
624 1835 674 1888 Cui
688 1835 812 1901 opinioni
830 1835 963 1888 convenit
974 1837 1096 1902 primum

141 1903 233 1970 patria
254 1903 385 1956 Vaticani
409 1903 501 1969 operis
524 1901 583 1953 sine
607 1900 692 1952 dubio
715 1899 909 1965 occidentalia3
937 1916 998 1953 eam
1021 1903 1096 1954 enim

143 1969 283 2034 evincunt,
301 1971 334 2022 ut
351 1968 457 2020 dudum
476 1967 551 2020 docti
568 1966 621 2019 viri
639 1967 776 2032 viderunt,
800 1968 905 2034 etipse
923 1967 1011 2020 codex
1030 1968 1094 2022 Vat.

217 2103 236 2171 ¹)
251 2107 323 2157 Cuius
338 2109 504 2158 documentum
519 2115 555 2156 est
564 2108 649 2156 incerti
663 2109 768 2158 auctoris
780 2105 820 2157 ‘de
836 2109 907 2157 rebus
921 2107 1024 2157 bellicis'
1037 2123 1096 2172 opu-

143 2179 246 2240 sculum,
266 2179 306 2228 ubi
325 2195 346 2228 c.
366 2179 407 2226 ult.
425 2176 465 2226 ‘de
480 2179 555 2239 legum
571 2178 607 2226 vel
627 2179 684 2226 luris
704 2179 841 2228 confusione
861 2174 992 2242 purganda’
1013 2177 1095 2244 (Notit.

143 2249 225 2310 dignit.
241 2249 296 2312 imp.
312 2249 378 2297 Rom.
399 2263 426 2296 ex
445 2249 482 2296 ed.
498 2249 601 2296 Labbaei
620 2248 695 2298 Paris.
710 2259 769 2300 1651.
785 2264 807 2312 p.
823 2249 881 2314 189.)
903 2246 997 2297 ‘Divina
1016 2250 1096 2312 provi-

143 2317 229 2380 denti',
245 2319 332 2382 inquit,
349 2315 522 2368 ‘sacratissime
538 2319 678 2382 imperator,
694 2319 758 2367 domi
774 2319 877 2382 lorisque
892 2320 952 2382 reip.
967 2319 1095 2382 praesidiis

143 2389 291 2452 compositis,
306 2396 380 2438 restat
394 2403 465 2438 unum
480 2389 509 2438 de
524 2395 563 2438 tua
578 2390 705 2438 serenitate
720 2389 851 2438 remedium
865 2389 895 2437 ad
910 2387 1013 2438 civilium
1028 2404 1096 2438 cura·

143 2473 194 2508 rum
209 2459 359 2521 medicinam,
373 2467 399 2508 ut
413 2460 523 2508 confusas
533 2459 610 2520 legum
620 2461 797 2523 contrariasque
808 2451 945 2517 sententias,
957 2460 1096 2522 improbita-

143 2529 174 2577 tis
188 2531 277 2578 reiccto
292 2530 376 2591 litigio,
391 2529 478 2578 iudicio
494 2536 606 2590 augustae
621 2529 764 2592 dignationis
774 2527 903 2578 illumines’
917 2537 962 2578 etc.
1015 2525 1036 2595 ⁹)
1051 2531 1096 2578 Ac-

142 2599 218 2662 cedit,
238 2599 301 2663 quud
319 2600 462 2649 lastinianus
481 2600 548 2648 initio
568 2605 642 2650 coust.
676 2600 752 2649 llaec
775 2615 848 2664 quae
871 2601 1044 2650 necessario
1067 2601 1096 2648 de

144 2684 202 2718 novo
218 2667 304 2718 Codice
320 2669 427 2718 iaciendo
443 2677 584 2728 auctorest,
599 2671 658 2718 adeo
674 2671 775 2719 multis
790 2678 854 2719 retro
869 2671 1017 2733 principibus
1032 2671 1095 2718 eius-

143 2739 207 2788 modi
221 2740 343 2789 codicibus
359 2740 396 2789 ius
411 2740 531 2802 corrigere
546 2740 707 2790 necessarium
721 2741 806 2802 visum,
821 2740 908 2789 nullum
919 2747 996 2788 tamen
1006 2755 1056 2790 rem
1067 2741 1096 2789 ad

143 2811 230 2860 exitum
244 2810 376 2873 perducere
387 2825 470 2860 ausum
481 2825 542 2860 esse.
590 2806 611 2876 ³)
621 2811 804 2870 Meminerimus,
815 2811 886 2860 etiam
897 2809 1008 2860 Notitiam
1019 2810 1095 2872 digui-

143 2887 216 2930 tatum
231 2881 353 2946 utriusque
368 2881 463 2944 imperii
477 2887 500 2930 et
514 2880 619 2930 libellum
629 2881 804 2944 provinciarum
815 2881 985 2944 imperantibus
995 2880 1095 2930 Arcadio

144 2957 167 2998 et
178 2951 282 3000 Honorio
297 2952 460 3014 conscriptum
474 2965 537 3003 esse.
559 2951 625 3000 Unde
640 2951 684 3001 hoc
700 2953 783 3000 saltem
797 2951 919 3014 probatur,
930 2958 1029 3015 quantae
1040 2958 1095 3000 tuuc

144 3035 214 3070 curae
231 3021 415 3083 imperatoribus
430 3023 508 3080 luerit,
523 3028 548 3070 ut
563 3021 656 3084 imperii
672 3022 844 3072 administratio
859 3021 889 3070 ad
899 3028 987 3070 certam
998 3023 1096 3070 [ormam

145 3091 241 3153 scriptis
256 3091 417 3152 consignatam
431 3092 585 3152 redigeretur.
642 3089 664 3158 ⁴)
680 3093 709 3141 Ut
723 3093 786 3156 quod
801 3093 824 3140 in
839 3091 924 3140 Chron.
940 3092 1045 3140 idatiano
1060 3091 1096 3139 vel

145 3161 248 3223 llispano
264 3159 318 3224 (neo
333 3168 412 3210 tamen
427 3162 450 3210 in
465 3161 574 3210 omnibus
594 3162 644 3212 eius
664 3162 733 3212 codd.
749 3161 817 3226 mss.)
837 3162 933 3223 legitur:
955 3158 1095 3210 ‘Undecimo

143 3245 203 3278 anno
219 3231 367 3280 Theodosius
382 3232 448 3292 regni
462 3232 499 3280 sui
514 3231 574 3297 (aaa)
589 3232 686 3281 Romam
704 3247 757 3281 curn
776 3233 823 3280 filio
839 3231 942 3279 Honorio
965 3231 1095 3291 ingressus,

143 3301 284 3364 legesque
299 3301 494 3350 Romanorum
508 3302 625 3363 integra
641 3302 848 3351 emendatione
864 3295 974 3348 edidit’
992 3301 1095 3362 itemque

143 3369 296 3420 aCluudlouo
313 3373 336 3419 in
352 3372 427 3420 lludn.
442 3384 462 3430 1,
477 3383 510 3424 tc.
526 3372 655 3433 significari
669 3373 774 3420 videtur:
791 3369 894 3419 ‘lustitia
905 3369 1008 3430 insultat,
1019 3369 1095 3417 vitiis·

143 3453 187 3501 que
207 3455 220 3488 a
238 3443 312 3503 stirpe
333 3443 431 3500 recisis,
452 3442 545 3491 Elicit
565 3456 730 3505 oppressas
755 3441 916 3490 tenebroso
938 3454 950 3487 e
972 3453 1094 3488 carcere

144 3507 249 3572 leges',
264 3511 293 3558 ad
307 3511 443 3561 Vaticanum
458 3527 517 3575 opus
532 3513 650 3575 pertinere
665 3513 731 3561 credi
745 3512 828 3575 possit.
