2684 4112
251 199 315 265 418
515 216 642 257 voavsrvs
660 218 808 256 meuses
826 205 939 254 tel-64.

251 348 403 406 tabularum
418 355 578 422 argumento
594 356 646 419 cst,
661 349 689 404 in
705 363 756 421 qna
771 347 824 404 duo
835 345 918 421 'pedes
930 354 958 404 et
969 347 1050 404 semis
1062 349 1206 404 sestertius

251 447 300 506 pes
317 439 439 490 uocatur.
473 427 520 488 47.
537 431 612 488 Nunc
627 432 752 488 denarius
767 447 831 502 xvi,
847 432 1007 488 uictoriatus
1023 439 1051 488 et
1066 433 1205 506 quinarius

249 531 320 588 rin,
336 516 478 572 sestertius
483 523 624 595 quattuor
637 531 712 572 asses
727 515 810 573 ualet.

314 597 363 658 48.
387 599 457 656 inira
472 615 550 673 quam
566 593 754 655 diuisionem¹
778 601 901 672 sequitur
922 599 973 654 alia
995 598 1125 674 quaedam
1141 598 1205 655 sub·

252 683 361 756 diuisio,
376 691 455 740 notas
470 698 555 757 aeque
571 692 598 739 et
613 683 721 756 propria
736 683 868 740 uocabula
890 682 999 739 habens
1037 699 1119 754 quare
1135 685 1157 738 si
1172 683 1204 739 ad

247 767 388 824 deuterium
404 768 535 824 radonem
550 765 688 838 conficias,
703 783 788 822 assem
799 767 848 823 bac
860 775 924 852 nota
935 765 1045 822 'scribas
1058 783 1089 824 ac
1101 761 1205 825 uoces²

332 846 434 926 rit)

250 935 387 990 semuncia
402 934 518 990 sicilicus

250 1034 336 1076 assem
352 1015 482 1078 alliciunt.
516 1015 567 1076 49.
589 1009 785 1089 'liupondiuni³
801 1017 850 1072 bac
865 1024 928 1072 nota
943 1016 1043 1073 scribas
1058 1032 1089 1072 aa
1105 1033 1204 1074 uoces:

285 1097 350 1162 iit

248 1187 389 1242 sescuncia

247 1265 299 1326 60.
322 1263 454 1326 ’rnsstst
474 1269 523 1326 bac
548 1276 613 1326 nota
638 1267 739 1324 scribas
762 1285 793 1324 ac
819 1283 914 1324 uoces:
934 1221 1201 1368 'sextans-sicilicum

251 1375 336 1468 aeque
358 1395 429 1450 onim
451 1393 566 1452 sedecim
588 1401 726 1452 sextantes
749 1389 915 1482 totidemque
937 1393 1030 1452 sicilici
1053 1403 1107 1450 tres
1129 1410 1203 1451 asses

525 933 533 962 ‚
526 893 701 948 s·emunciae
717 893 786 948 enim
802 889 935 948 sedecim
939 901 966 947 et
981 891 1074 949 sicilici
1089 891 1203 950 sedecim

398 1163 406 1213 ;
439 1161 499 1200 nam
538 1141 654 1200 sedecim
687 1144 841 1200 sescunciae
874 1141 1040 1218 dupondium
1073 1139 1203 1202 efficiunt.

1072 1561 1201 1618 uadrans’

186 1635 190 1642 ¹
249 1645 365 1703 sedecim
390 1647 460 1702 enim
481 1621 641 1719 quadrantes
662 1643 812 1720 quatrussis
828 1643 958 1700 efficiunt.
995 1641 1041 1702 52.
1041 1579 1203 1720 uninques

741 1812 873 1885 quadrans
857 1725 1201 1869 ἒξεῧειιιιιιιιίιῦεἰιίιίιιιεἱ

249 1914 309 1954 narn
338 1895 453 1953 sedecim
482 1879 643 1972 quadrantes
674 1913 704 1952 ac
733 1896 845 1952 totidem
875 1897 1026 1953 semunciae
1055 1895 1202 1970 sicilicique

250 1981 350 2038 iaciunt
372 1982 514 2056 quinques.
562 1977 611 2038 58.
635 1979 710 2038 Senis
734 1979 783 2036 hac
803 1989 867 2036 nota
888 1981 989 2038 scribas
1011 1981 1200 2054 nominesque:
1213 1985 1274 2034 [8³6]

280 2060 456 2124 ii==-.-t

250 2151 334 2206 mens
351 2125 502 2206 semuncia3
529 2122 614 2182 aeque
638 2107 710 2164 enim
730 2108 843 2162 trientes
864 2115 891 2162 et
910 2107 1064 2162 semunciae
1082 2106 1201 2163 sedecies

248 1518 379 1578 efficiunt.
406 1516 449 1576 61.
468 1517 623 1612 Quatrussis
634 1520 684 1576 hac
694 1529 759 1576 nota
774 1519 874 1576 scribas
886 1533 1036 1594 uocesque·

248 1773 298 1830 bac
327 1779 391 1828 nota
419 1770 520 1828 scribas
550 1769 700 1844 uocesque·

250 2233 323 2291 ducti
358 2233 428 2290 sexis
465 2230 593 2289 efficiunt.
652 2229 700 2289 54.
734 2231 831 2306 Septus
866 2231 915 2288 liac
946 2241 1010 2288 nota
1044 2231 1143 2291 scribas
1171 2250 1201 2292 ac
1264 2229 1266 2236 ’

250 2361 462 2376 ——u—

322 2423 343 2490 1)
357 2426 476 2491 Intellipe
490 2427 640 2476 diuisionem
654 2427 682 2476 in
695 2433 749 2476 tres
762 2435 898 2492 arpenteos
911 2442 1035 2487 mammos,
1055 2429 1100 2492 qai
1113 2430 1140 2478 in
1154 2445 1200 2478 na·

249 2513 318 2549 mero
333 2499 404 2548 aeris
416 2503 484 2554 sant,
498 2497 605 2560 ideoque
619 2511 654 2546 eac
667 2511 772 2547 numero
786 2505 871 2548 notam
884 2498 986 2548 babent.
1043 2494 1063 2564 ⁹)
1080 2499 1139 2548 Cum
1152 2500 1201 2550 boc

250 2571 277 2620 in
292 2575 346 2618 tota
359 2567 409 2618 bac
422 2567 585 2631 expositione
598 2569 638 2629 §5-
652 2579 747 2619 tte-oe.
763 2571 838 2632 quasi
855 2585 932 2618 anam
944 2567 1047 2618 verbam
1060 2583 1201 2620 recurrens

250 2639 342 2690 scribas
362 2653 389 2686 nc
407 2651 480 2687 uoces
498 2643 550 2686 tam
568 2639 596 2687 in
610 2637 731 2688 vocabalo
742 2641 829 2702 partis
843 2639 935 2704 abique
947 2646 1066 2690 serratas
1086 2643 1200 2690 nomina·

250 2711 318 2760 daus
332 2715 356 2758 et
370 2709 425 2758 alia
439 2707 564 2772 quaedam
577 2716 726 2774 arpnmento
740 2717 807 2768 sant,
821 2711 897 2759 etiam
907 2717 993 2760 notam
1002 2712 1106 2774 eiusque
1118 2711 1201 2774 siqni-

246 2781 393 2844 ficationem
411 2793 428 2828 a
442 2777 580 2830 Maeciano
599 2781 674 2844 qnaasi
692 2795 768 2830 anum
787 2781 913 2844 quoddam
929 2781 1091 2845 adscriptam
1107 2781 1199 2843 faisse,

248 2850 298 2902 boa
312 2856 363 2909 est,
376 2855 437 2900 nota
450 2864 545 2914 supra,
558 2851 747 2916 significatione
765 2850 838 2912 infra
855 2852 968 2914 scripta,
987 2859 1015 2902 at
1032 2852 1131 2901 scilicet
1149 2865 1200 2902 ano

250 2919 337 2972 obtata
349 2920 459 2984 facilius
472 2927 605 2985 utramque
619 2922 808 2984 perciperetur.
841 2921 873 2970 In
889 2921 918 2973 P.
939 2921 970 2970 V.
985 2929 1046 2972 nota
1063 2937 1201 2986 perperam

246 2997 308 3056 post
325 2991 539 3055 sipnifiaationem
552 2993 641 3056 posita
659 2997 709 3049 eat,
731 2991 799 3054 qaod
812 2991 924 3042 Momms.
944 2994 1072 3049 serravit;
1090 2991 1201 3044 Boeclcb.

245 3060 410 3126 probabilior
420 3077 467 3112 nec
476 3069 559 3112 tamen
569 3069 640 3113 reate
649 3061 765 3112 ordinem
775 3062 886 3111 invertit.
934 3058 955 3128 ³)
967 3063 1080 3112 Momme.
1091 3069 1116 3114 et
1126 3062 1157 3112 P.
1170 3062 1201 3114 V.

249 3132 292 3182 bic
302 3138 326 3182 et
336 3131 427 3197 ubique
437 3133 591 3197 dupondium.
637 3128 659 3198 ⁴)
675 3130 743 3182 Nota
752 3131 815 3181 baec
825 3133 1020 3182 indeclinabilia
1030 3135 1202 3198 potiusquam

251 3209 345 3253 neutra
362 3203 459 3270 tressis,
473 3203 606 3268 quatrussis
620 3229 654 3240 -
668 3203 797 3266 quinques,
815 3203 890 3264 sexis,
912 3211 1005 3266 septus,
1022 3211 1103 3266 octus,
1118 3218 1202 3266 nonus,

251 3273 323 3326 decus
337 3301 372 3312 -
386 3274 529 3324 undeciacre
544 3270 578 3338 (b.
593 3288 614 3324 e.
630 3269 760 3340 andeci[m
774 3271 953 3340 nummi]aere‚
973 3281 1001 3324 nt
1019 3272 1117 3324 dicitnr
1136 3271 1202 3341 tre[s

184 3389 187 3394 .
249 3341 344 3412 librae]
361 3345 450 3408 pondo
464 3342 562 3410 eta).
574 3342 769 3407 ..quindeciaere
805 3341 874 3404 Quae
889 3346 973 3394 omnia
987 3352 1047 3394 sunt
1060 3346 1202 3394 ratiocina-

250 3423 348 3471 torem
368 3431 427 3466 narn
445 3415 549 3479 culpari
571 3427 699 3473 sermone,
720 3419 749 3464 ut
768 3429 803 3464 em
828 3414 947 3464 Varrone
969 3421 993 3464 et
1013 3415 1075 3465 aliia
1095 3421 1203 3472 constat,

250 3487 332 3536 omnis
346 3486 417 3535 aeris
431 3498 551 3534 numeram
564 3500 591 3532 a
595 3491 675 3534 irease
690 3499 767 3549 usqae
781 3485 817 3535 ad
830 3493 969 3536 centensem
983 3487 1124 3536 masculino
1138 3499 1203 3535 semu

250 3558 278 3605 in
293 3557 355 3606 -ssis
369 3553 524 3652 efferebatur
538 3561 563 3606 et
576 3555 763 3606 declinabatar.
