2684 4112
431 228 497 264 1vn11
515 228 609 265 savam
627 229 698 264 sans.
717 210 750 262 11.
772 215 812 263 14.
1034 210 1097 274 477

78 375 138 424 [seo]
149 359 250 430 emptio
266 373 320 412 non
341 357 463 424 uidetur;
487 364 515 412 et
534 356 596 412 ideo
618 356 778 429 quandoque
797 357 836 412 lui
857 364 957 432 potest.
1001 372 1034 412 ex
1049 357 1100 414 boc

148 442 218 498 enim
242 456 321 497 cansa
346 442 469 514 pignoris
493 439 535 496 nel
558 439 668 496 fiduciae
691 439 761 495 liniri
783 457 836 496 non
853 448 953 514 potest.
999 437 1027 498 5.
1054 435 1100 496 ¹Si

17 577 19 600 ,
149 526 220 581 inter
241 523 402 580 creditorem
425 533 453 581 et
474 523 625 580 debitorem
648 526 822 595 conuenerit,
852 533 880 580 ni
904 523 1027 580 iiduciam
1049 523 1100 580 sibi

17 601 18 666 ]
80 681 83 686 Ι
149 607 266 663 uendere
281 623 336 664 non
351 607 441 678 liceat,
457 625 513 664 non
528 607 653 663 soluente
669 607 801 678 debitore,
813 609 930 664 creditor
941 608 1100 664 denuntiare

150 693 174 748 ei
189 689 339 748 solenniter
353 700 445 765 potest
466 701 493 748 et
508 691 670 747 distrahere:
694 709 744 748 nec
766 694 836 747 enim
858 708 890 747 en
914 691 960 747 tali
983 707 1100 748 conuen-

150 775 226 830 tione
241 773 353 832 iiduciae
368 777 438 832 actio
454 777 526 831 nasci
542 785 642 848 potest.
681 769 709 831 θ.
733 774 761 831 Si
780 775 898 832 creditor
916 792 972 832 rem
988 775 1101 831 fiduciae

151 859 239 914 datam
262 860 308 916 uni
329 875 362 914 es
390 859 532 915 heredibus
561 858 604 914 nel
632 867 759 915 extraneo
786 853 948 932 legauerit,²
970 859 1101 915 aduersus

151 958 243 998 omnes
259 942 371 998 heredes
387 943 458 1000 actio
481 941 593 998 fiduciae
615 944 753 1016 competit.
796 939 823 999 7.
847 937 894 999 ³Si
908 943 1027 1000 creditor
1045 958 1101 998 rem

152 1024 314 1082 fiduciariam
330 1025 424 1082 iecerit
439 1025 587 1096 meliorem,
605 1025 639 1082 ob
654 1041 684 1081 ea
700 1026 898 1099 recuperanda.
916 1043 984 1100 qnae
998 1029 1101 1100 impen-

150 1109 200 1180 dit,
215 1110 313 1166 iudicio
330 1107 442 1166 fiduciae
464 1108 612 1165 debitorem
635 1108 741 1166 habebit
762 1109 916 1166 obnoxium.
952 1109 983 1168 8.
1005 1109 1101 1166 lionis·

151 1195 234 1249 simus
249 1192 368 1249 creditor
382 1196 516 1267 priorem,
533 1192 621 1248 oblata
636 1194 765 1266 pecunia,
780 1193 823 1248 ’ne
838 1187 949 1266 inique⁴
963 1196 1101 1268 possessio

150 1277 178 1332 in
193 1293 254 1331 eom
269 1277 462 1348 transferatur,
486 1277 620 1331 dimittere
642 1284 742 1349 potest.
787 1276 833 1332 sed
850 1285 877 1332 et
891 1278 967 1351 prior
981 1277 1101 1334 creditor

152 1359 299 1415 secundom
321 1361 491 1430 creditorem,
516 1361 539 1414 si
562 1359 686 1428 uoluerit,
710 1358 845 1416 dimittere
860 1377 915 1416 non
931 1361 1098 1435 prohibetur,

151 1459 312 1516 quamquam
328 1447 384 1518 ipse
399 1447 426 1500 in
441 1445 557 1520 pignore
572 1444 664 1518 potior
678 1445 722 1498 sit.
759 1439 789 1504 e.
809 1438 928 1500 ⁵Seruus
944 1447 967 1500 si
981 1454 1101 1502 mutuam

151 1527 291 1602 pecuniam
312 1530 452 1584 seruitutis
468 1537 590 1600 tempore
606 1528 749 1599 acceperit,
765 1543 797 1583 er
813 1544 843 1585 ea
858 1528 1023 1603 obligatione
1037 1538 1101 1605 post

151 1611 386 1670 manumissionem
401 1613 541 1669 conueniri
557 1627 611 1666 non
627 1619 726 1683 potest.

452 1765 514 1804 TIT·
529 1763 593 1805 XIV.
622 1763 665 1802 Dm
679 1761 798 1808 vsvsis.

214 1856 239 1914 1.
263 1850 310 1913 ⁶Sl
323 1865 432 1930 pactum
447 1855 549 1912 nudam
565 1857 597 1912 de
612 1855 780 1930 praestandis
800 1859 889 1912 usuris
910 1859 1101 1931 interpositum

151 1943 204 2010 sit,
219 1940 320 1997 nullius
336 1949 377 1997 est
392 1943 534 2010 momenti3
556 1957 588 1996 ex
603 1939 678 1996 nudo
694 1941 764 1995 enim
781 1949 858 2014 pacto
874 1942 944 1997 inter
959 1943 1032 1997 ciues
1047 1941 1100 1997 lio·

152 2017 266 2078 manos⁷
289 2026 358 2080 actio
381 2041 436 2080 non
458 2027 585 2086 nascitur.
628 2022 658 2081 2.
687 2017 806 2080 ⁸Usurae
828 2041 909 2098 supra
930 2027 1101 2081 centesimam

153 2107 259 2162 solutae
286 2116 387 2162 sortem
414 2107 551 2163 minuunt:
579 2117 738 2182 consumpta
765 2117 840 2164 sorte
868 2109 954 2182 repeti
977 2102 1100 2182 possunt.

152 2187 181 2250 ³.
205 2183 377 2246 ⁹Tralectitia
392 2193 503 2264 pecunia
517 2200 629 2266 propter
643 2191 794 2266 periculum
809 2192 960 2264 creditoris,
976 2193 1101 2266 quamdiu

227 2355 247 2424 ¹)
264 2358 302 2421 Os.
316 2373 397 2422 supra
411 2371 432 2418 s,
445 2370 465 2412 o.
480 2362 503 2422 §-
514 2374 534 2412 1.
579 2357 600 2426 2)
618 2361 656 2425 Cf.
671 2373 722 2419 ss.
738 2363 806 2423 §.os
852 2357 873 2427 3)
890 2361 928 2424 Cf.
943 2361 975 2410 L.
990 2372 1002 2412 s
1013 2373 1100 2424 pnes.

153 2430 186 2478 I).
201 2429 233 2478 de
242 2431 317 2494 pipo.
332 2429 438 2496 act.(1s,
453 2428 484 2495 i).
553 2428 575 2497 ⁴)
590 2447 636 2495 quo
650 2433 708 2480 edd.
723 2448 757 2481 em
773 2433 858 2482 Ouiae.
874 2435 916 2496 oi,
931 2433 975 2482 eui
988 2431 1100 2496 Interpr.

153 2501 256 2550 videtur
266 2500 365 2563 favere.
393 2499 446 2550 Sed
459 2509 520 2551 tunc
534 2510 670 2565 exspectas
685 2504 708 2550 in
724 2517 749 2550 se
763 2504 931 2561 transferatur,
945 2510 970 2551 et
984 2505 1025 2551 ias
1039 2504 1101 2566 offe·

152 2571 230 2620 rendi
238 2571 388 2634 plerumque
397 2578 494 2621 tontum
504 2589 521 2621 a
527 2573 676 2635 possidente
682 2575 828 2635 posteriore
838 2574 968 2623 creditore
977 2573 1102 2622 adversus

152 2641 323 2690 vindicantem
332 2644 449 2704 priorem
464 2640 527 2708 (nisi
541 2657 627 2706 ponas
636 2645 752 2705 priorem
767 2645 939 2706 possidentem
953 2645 979 2692 in
995 2659 1024 2693 eo
1039 2659 1101 2702 esse,

152 2719 180 2760 nt
189 2713 287 2777 pipnns
300 2712 439 2778 distrabat)
453 2714 575 2762 emerceri
585 2720 676 2776 potest.
698 2713 736 2776 Os.
752 2713 783 2762 L.
799 2726 831 2764 11.
847 2715 870 2775 ξ.
885 2716 929 2763 nit.
945 2713 977 2762 D.
992 2716 1037 2778 qui
1046 2721 1100 2778 pot.

151 2780 196 2847 (2ο,
205 2781 237 2848 4).
264 2782 324 2831 Cam
337 2785 365 2831 in
375 2785 509 2847 plerisque
521 2783 582 2833 Gdd.
597 2785 631 2832 sit
640 2784 766 2845 obligatam
776 2785 901 2846 pecuniam
910 2798 966 2849 qno,
976 2800 1011 2834 esc
1023 2787 1100 2850 pemi-

151 2860 211 2902 naio
226 2854 302 2902 -niam
314 2853 396 2916 facile
406 2854 526 2916 effeceris
535 2867 564 2902 ne
575 2854 622 2914 ini3
637 2855 723 2918 itaque
732 2855 842 2917 scripsi:
855 2869 884 2903 ns
894 2855 982 2919 inique.
1006 2854 1101 2919 Iniqua

148 2924 220 2987 foret
229 2926 403 2987 possessionis
417 2926 444 2972 in
455 2926 572 2987 priorem
586 2925 739 2974 creditorem
753 2927 899 2983 translatio,
914 2927 1032 2988 qnoniam
1042 2942 1100 2975 oen·

151 2995 225 3043 dente
239 2996 285 3044 itio
296 3009 347 3057 pro
362 2993 442 3043 lubitu
453 2995 609 3057 posterioris
623 2996 745 3060 pipnoris
759 3009 839 3045 conso
854 2997 1029 3058 periclitatur.

152 3061 174 3130 ⁶)
191 3063 230 3128 Of.
245 3064 277 3112 L.
293 3075 326 3114 14.
346 3065 378 3112 D.
394 3065 425 3114 de
440 3064 488 3115 obl.
503 3071 591 3116 etact.
607 3064 652 3130 (44,
667 3063 699 3130 a).
714 3064 745 3114 L.
761 3078 781 3116 r.
796 3077 817 3116 2.
838 3065 862 3116 0.
878 3082 912 3116 an
926 3081 991 3116 sero.
1007 3081 1100 3116 exsec

148 3135 221 3197 fecto
247 3147 329 3197 4,14.

225 3135 273 3255 i(it.
291 3133 370 3254 X)JV.
408 3200 429 3270 ⁶)
446 3205 484 3268 Cf.
499 3205 531 3254 L.
541 3217 561 3258 a.
583 3205 609 3255 d.
624 3206 656 3255 de
670 3221 741 3256 osor.
756 3206 788 3273 (4,
802 3205 848 3272 aa).
868 3207 899 3256 L.
910 3219 943 3258 27.
965 3208 990 3256 0.
1006 3208 1037 3258 de
1052 3211 1099 3258 loe.

152 3275 184 3341 (4,
194 3275 240 3343 65).
288 3273 309 3342 ⁷)
325 3275 396 3325 Idem
414 3275 538 3339 Utprianns
552 3277 654 3326 videtur
668 3277 767 3328 dimisse
781 3277 813 3326 L.
823 3290 843 3328 a.
859 3279 882 3338 §-
892 3289 913 3328 4.
929 3278 961 3326 Ι).
972 3279 1003 3326 de
1014 3281 1101 3340 poetis

152 3346 249 3413 (e,14):
269 3346 327 3396 Cum
345 3348 408 3396 nulla
427 3362 498 3396 causa
518 3348 613 3408 subest,
632 3355 730 3411 propter
749 3348 929 3396 conuentioncm
948 3347 986 3395 hic
1008 3355 1101 3396 constat

149 3431 197 3466 non
211 3433 283 3481 posse
298 3419 410 3468 constitui
425 3417 599 3480 obligationem,
614 3415 658 3466 abi
671 3434 723 3481 pro
737 3420 823 3480 inepto
837 3433 859 3466 o.
874 3417 913 3466 hic
928 3419 1100 3480 reponendum

150 3489 173 3537 ic
188 3510 221 3531 =
237 3490 287 3538 iure
302 3489 376 3538 ciuili.
446 3485 466 3554 ⁸)
482 3489 521 3552 Cf.
536 3488 568 3538 L.
583 3501 609 3540 22
620 3503 663 3551 pr.
678 3489 710 3537 D.
726 3489 758 3537 de
772 3489 845 3538 cond.
861 3487 943 3536 inded.
960 3487 1004 3553 (12,
1019 3486 1050 3553 o).

151 3555 173 3622 ⁹)
191 3559 228 3621 Of.
243 3559 275 3609 L.
291 3573 310 3610 1.
333 3559 358 3609 0.
374 3561 405 3610 de
419 3568 489 3609 nont.
501 3560 571 3623 foen.
587 3559 618 3626 (4,
633 3558 678 3624 ss).
698 3559 729 3607 L.
744 3570 810 3621 apr.
826 3558 858 3606 Ι).
873 3559 928 3609 eod.
945 3557 990 3625 (22,
1004 3557 1036 3624 2).
