2696 4120
413 237 473 274 eun
491 239 587 278 insutu.
606 220 654 274 Ill.
672 226 782 277 eo-et.
1014 223 1076 288 307

110 379 295 455 adoptandum
318 379 406 451 dedit,
430 397 539 454 quaeue
561 382 588 436 in
604 397 712 437 manum
735 383 873 452 conuenit,
896 381 995 438 desiuit
1017 400 1077 439 esse

109 458 237 533 ’heres;¹
258 464 291 520 de
307 481 340 521 eo
357 481 439 536 uero,
463 465 537 539 quod
552 466 665 540 proprio
680 467 790 522 nomine
811 481 859 522 eae
879 483 1010 540 personae
1031 467 1077 523 de·

110 551 230 623 huerlnt,
247 549 310 606 licet
324 565 414 623 neque
428 558 507 624 pater
521 549 666 624 adoptiuus
682 558 808 606 teneatur
824 566 913 625 neque
929 553 1078 625 coemptio·

110 643 202 704 nator,
221 649 316 705 neque
327 636 386 708 ipse
398 634 516 708 quidem,
533 636 580 707 qui
595 633 634 690 'se
649 639 677 690 et
690 636 717 690 in
732 629 927 709 adoptionem²
941 634 1016 692 dedit
1032 639 1077 693 uel

111 735 180 792 quae
200 721 229 775 in
248 735 357 774 manum
374 720 512 787 conuenit,
534 728 639 775 maneat
661 719 798 792 obligatus
820 719 990 793 obligataue,
1013 723 1076 794 qnia

110 795 245 861 scilicet³
266 819 316 877 per
336 804 431 877 capitis
455 803 660 860 diminutionem
682 802 828 875 liberetur,
850 813 942 860 tamen
964 806 992 860 iu
1015 821 1076 861 eum

44 897 96 951 [ero]
111 903 207 945 eamue
231 887 303 942 utilis
327 889 398 944 actio
421 887 502 944 datur
519 889 632 944 rescissa
650 882 654 965 l
670 889 983 962 capittsademinurtone,
1006 898 1033 944 et
1053 891 1076 946 si
1088 896 1143 947 tto.

112 972 244 1028 aduersus
260 972 329 1028 hanc
343 973 479 1028 actionem
502 987 556 1028 nou
578 971 774 1038 defendantur,
798 989 867 1046 qnae
890 972 959 1029 bona
981 989 1076 1029 eorum

109 1056 202 1112 lutura
225 1055 359 1127 inissent,
381 1057 405 1112 si
425 1071 455 1112 se
470 1056 557 1112 alieno
580 1057 632 1112 iurl
654 1073 709 1113 noh
732 1055 925 1120 subiecissent,
950 1059 1077 1114 uniuersa

109 1141 230 1196 uendere
247 1139 427 1198 creditoribus
443 1148 554 1213 praetor
568 1134 733 1212 permittit.‘¹

149 1221 221 1282 ·85.
250 1225 323 1281 Item
345 1227 371 1281 si
397 1226 484 1282 heres
511 1223 659 1297 legitimam
687 1225 890 1294 hereditatem,
920 1233 1076 1298 antequam

109 1318 211 1368 cernat
226 1318 272 1365 aut
287 1325 337 1382 pro
353 1310 454 1366 herede
469 1315 557 1382 gerat,
580 1307 627 1365 alii
639 1310 667 1365 in
684 1309 742 1364 iure
757 1308 843 1378 cedat,
866 1309 947 1383 pleno
963 1311 1022 1366 iure
1045 1309 1077 1366 tit

108 1395 158 1450 ille
170 1394 257 1463 heres,
273 1395 316 1450 cui
332 1409 408 1450 cessa
420 1402 461 1450 est
474 1391 619 1463 hereditas,
629 1395 753 1465 perinde
764 1409 801 1450 oc
811 1397 838 1449 si
847 1397 975 1466 ipseper
986 1393 1074 1468 legem

110 1479 145 1534 ed
162 1477 335 1534 hereditatem
351 1486 511 1550 uocaretnr3
533 1476 631 1550 quodsi
653 1486 832 1552 posteaquam
847 1478 928 1535 heres
944 1481 1075 1550 extiterit,

108 1563 240 1632 cesserit,
262 1562 349 1618 adhuc
371 1564 450 1619 heres
465 1570 555 1618 manet
570 1569 598 1617 et
620 1560 655 1618 ob
677 1562 704 1617 id
728 1561 908 1619 creditoribus
925 1566 983 1637 ipse
1000 1573 1074 1620 tene·

107 1647 198 1715 bitur;
220 1645 269 1704 sed
284 1663 328 1703 ree
343 1647 498 1720 corporales
520 1645 666 1702 transferet
687 1648 801 1720 proinde
821 1664 852 1703 ao
867 1650 890 1703 si
904 1648 1025 1722 singulas
1046 1653 1074 1704 in

107 1733 116 1788 i
121 1748 169 1788 ure
181 1732 319 1803 cessisset,
330 1730 420 1788 debita
434 1748 501 1788 uero
513 1739 638 1804 pereunt,
655 1747 743 1803 eoque
754 1731 836 1788 modo
847 1731 984 1788 debitores
997 1732 1074 1788 here-

108 1817 203 1873 ditarii
217 1815 321 1872 lucrum
337 1815 449 1872 iaciunt.
482 1811 533 1874 86.
549 1814 621 1870 idem
637 1816 703 1870 iuris
719 1813 772 1887 est',
788 1817 811 1872 si
826 1824 990 1878 testamento
1007 1817 1073 1872 scri-

105 1909 173 1976 ptus
189 1901 283 1972 heres,
297 1891 476 1974 p'osteaquam
490 1900 570 1957 heres
587 1900 723 1970 extiterit,
746 1902 773 1955 in
793 1901 852 1954 iure
867 1901 980 1956 cesserit
996 1900 1074 1956 here·

106 1987 238 2052 ditatem'3
265 1993 328 2041 ante
351 1985 449 2042 aditam
472 2001 538 2042 uero
570 1982 749 2040 hereditatem
773 1983 893 2040 cedendo
916 1983 981 2039 nihil
1008 1986 1074 2058 agit.

106 2067 156 2128 et.
173 2069 244 2126 Suus
260 2077 349 2126 autem
366 2079 394 2126 et
409 2072 577 2128 necessarius
595 2063 638 2145 (et
653 2061 870 2141 necessarior)⁵
884 2068 963 2124 heres
978 2085 1011 2124 au
1027 2069 1074 2124 ali·

106 2156 178 2228 quid
191 2148 298 2229 ’agmd
311 2155 339 2210 in
355 2156 414 2210 iure
428 2154 566 2225 cedendo,
589 2154 748 2226 quaeritur:
771 2153 858 2208 nostri
883 2161 1074 2226 praeceptores

105 2239 177 2296 nihil
192 2255 240 2296 eos
255 2255 337 2314 agere
353 2231 521 2312 existimant,
538 2239 668 2295 diuersae
679 2237 789 2294 scholae
801 2245 925 2293 auctores
939 2237 1010 2293 idem
1026 2253 1074 2292 eos

105 2341 191 2398 agere
206 2332 312 2398 putant,
329 2323 404 2398 quod
419 2325 502 2380 ceteri
519 2332 581 2397 post
596 2322 694 2378 aditam
710 2322 903 2390 hereditatem
920 2321 986 2378 nihil
1002 2323 1073 2378 enim

104 2411 233 2481 interest,
251 2417 340 2466 utrum
353 2407 449 2480 aliquis
460 2407 597 2464 cernendo
610 2415 656 2462 ant
671 2423 722 2480 pro
738 2405 839 2462 herede
855 2405 976 2480 gerendo
993 2407 1073 2462 heres

105 2491 164 2564 liat,
182 2510 215 2550 an
231 2495 298 2548 iuris
313 2494 476 2550 necessitate
493 2491 635 2549 hereditati
650 2483 867 2565 adstringatur.⁶
883 2484 887 2567 l

2 2683 3 2692 ,
182 2625 202 2692 ¹)
217 2627 319 2676 heredes
343 2626 371 2676 V
372 2623 400 2676 'b
426 2627 541 2689 sortasse
560 2627 694 2692 lepemdom
712 2633 764 2675 est:
787 2625 875 2674 desiuit
889 2639 942 2674 esse
964 2626 1035 2673 heres
1050 2633 1074 2673 et

2 2699 3 2702 ’
106 2699 206 2748 debere.
285 2693 306 2764 ²)
321 2713 347 2747 se
367 2697 435 2746 adem
455 2699 601 2761 inoptiouem
621 2695 672 2746 W.
696 2699 799 2747 incerto
818 2697 901 2761 igitur
919 2696 1073 2744 meletiam

105 2771 191 2821 omitti
201 2775 294 2834 potest.
361 2765 382 2834 8)
396 2769 483 2818 Dubia
496 2771 630 2832 scripturo
642 2769 758 2832 fortasse
769 2768 824 2831 fuit
838 2774 890 2816 scet
904 2767 925 2815 si
935 2788 968 2809 =
980 2767 1074 2816 scilicet

3 2883 4 2888 ,
106 2840 268 2907 (abundante
287 2839 318 2906 si)
338 2848 383 2890 aut
402 2841 437 2890 scl
457 2847 480 2888 ct
499 2841 523 2889 hi
539 2862 572 2881 =
587 2839 681 2888 scilicet
695 2847 718 2888 et
733 2839 757 2888 hi
773 2837 904 2906 (sequente
921 2836 1072 2902 liberentur).

106 2910 132 2978 ⁴)
148 2911 206 2963 Nom
226 2913 277 2962 duo
296 2927 387 2961 vereor
406 2914 501 2961 litteris
518 2913 596 2965 vacui
613 2918 769 2974 sequuntur,
789 2917 816 2958 ut
833 2907 965 2958 Gdscllemo
984 2911 1073 2967 visum,

105 2984 155 3032 ced
173 2998 240 3032 omme
254 2983 377 3032 rubricae
391 2983 542 3033 destinatus.
580 2984 608 3030 t‘m
622 2983 706 3032 altero
720 2988 746 3030 et
760 2988 852 3045 posteo
872 2994 937 3045 quae
956 2981 1008 3045 lcpi
1022 2995 1073 3028 mom

101 3061 260 3118 potuerunt,
275 3055 311 3102 od
324 3069 425 3103 sensum
438 3070 473 3103 em
491 3054 519 3102 V
520 3050 541 3085 ¹²
553 3053 678 3116 supplevi.
718 3052 834 3118 Ceterum
848 3051 880 3100 de
893 3063 919 3112 o,
933 3060 1022 3102 eo-et
1037 3051 1071 3112 cf.

106 3127 136 3174 im
147 3126 263 3188 praefat.
275 3141 303 3188 p.
317 3136 364 3177 162.
380 3125 458 3175 dicta.
516 3121 537 3190 ὁ)
552 3130 607 3186 agat
622 3124 647 3174 Ο.
664 3124 731 3172 unde
746 3123 777 3172 de
791 3123 900 3188 culpari¹
910 3123 1073 3172 correctione

28 3206 32 3210 ·
107 3203 181 3256 agant
199 3203 223 3245 et
241 3196 273 3244 de
291 3197 465 3258 supplemento
486 3196 555 3260 quod
572 3195 713 3244 secumdum
735 3193 903 3243 trimembrem
922 3193 1073 3242 dioteiomem

107 3278 133 3321 2.
152 3275 199 3318 tot.
219 3267 313 3316 addidi
331 3273 356 3315 et
374 3281 441 3315 omme
456 3269 546 3330 potine
562 3273 652 3332 posteo
667 3281 720 3328 pro
740 3279 781 3314 eos
801 3265 840 3314 bie
856 3263 1019 3314 scribendum
1038 3263 1073 3310 eit

108 3350 176 3400 enm,
191 3337 308 3387 dubitari
317 3337 419 3400 possim
436 3339 483 3386 sed
495 3339 565 3388 ratio
585 3339 612 3386 in
628 3339 681 3400 fine
700 3337 792 3386 addita
810 3337 944 3385 lectionem
958 3339 1072 3382 nostrum

107 3409 250 3472 confirmat.
325 3404 346 3472 ὅ)
366 3407 489 3472 Sequitur
508 3411 577 3458 lineo
596 3425 653 3458 cum
667 3409 798 3472 sequentis
812 3424 834 3457 o.
850 3406 938 3462 initio,
958 3418 992 3452 eac
1006 3402 1071 3450 Inst.

106 3482 237 3544 suppleto,
253 3480 348 3528 litteris
361 3495 452 3529 occec.
1029 3483 1031 3486 ’

106 3563 321 3578 -Δ--ι-

178 3600 223 3673 §5-
238 3605 353 3670 857-87.
375 3603 412 3667 Of.
428 3615 449 3667 n,
463 3613 559 3655 ee-er.

816 3684 869 3737 20*
