2700 4118
294 201 352 236 uos.
367 201 400 235 aa
413 201 473 236 nou.
488 200 577 238 nnovn
592 200 697 237 contar.
717 184 751 238 Il.
767 183 875 238 t-flt.
893 189 914 236 1.
931 189 955 238 2.
1042 183 1105 250 655

154 323 357 404 uerberatum;¹
380 331 428 386 sed
450 323 558 406 ’(quu')²
580 338 608 386 et
629 339 732 404 partem
761 332 883 405 eorporis
914 323 1107 400 demonstrat‚³

155 424 183 472 et
198 431 277 489 quem
292 417 320 471 in
335 414 454 483 modum,
478 431 571 488 pugno
587 423 661 488 puta,
679 431 711 470 an
727 415 808 484 iuste,
830 431 863 470 an
880 414 975 488 'lapide
991 409 1036 472 ea⁴
1050 415 1107 487 '(sit

153 491 336 572 pereussa),⁶
357 499 429 554 siout
451 498 565 554 formula
585 500 724 572 proposita
740 507 797 566 est;
821 513 905 562 ovon
926 498 1016 557 ’nuno
1031 513 1107 558 aun·

154 599 207 641 n1o
230 598 251 640 a
271 597 409 641 nvunato
431 575 585 640 nuoto1o⁶
611 597 714 640 evomo
743 597 828 638 uuna
855 597 1013 641 snsovssa
1038 598 1106 640 nan.

87 696 91 706 s
155 666 223 722 lllud
245 682 299 722 uon
322 667 430 738 cogitur
452 665 550 736 dicere,
575 666 667 722 dextra
689 682 722 722 an
744 667 860 736 sinistra,
884 681 1005 738 neuqua
1028 681 1107 724 mauu

155 747 293 823 'pereussa
309 741 368 805 sit.⁷
403 746 430 807 d.
452 748 518 806 Item
534 751 556 805 si
572 749 642 806 dicat
657 749 813 806 infamatum
828 765 857 804 se
872 765 942 820 esse,
966 747 1045 805 debet
1060 748 1107 806 ad·

156 835 252 903 licere,
281 832 504 907 quemadmodum
531 833 674 890 infamatus
696 834 741 889 sit.
786 831 830 888 Sio
851 834 922 888 enim
944 840 971 888 et
993 832 1108 888 formula

156 926 285 991 concepta
313 925 370 973 est:
403 932 487 981 ovon
515 932 670 975 nvnamvs
697 930 846 975 nummus
873 909 1035 975 ’stn1nvat⁸
1062 931 1108 975 m·

155 1015 243 1059 ursin
258 1015 339 1060 aveo
355 1015 473 1058 anneto
489 1017 662 1059 innumeram
678 1015 786 1058 nausa·

220 1084 286 1158 liap.
310 1084 361 1142 Vll.
410 1083 537 1141 Paulus
565 1084 656 1141 libro
683 1084 950 1141 ’sententiarum
972 1077 1016 1142 v.⁹
1046 1083 1109 1140 sub

156 1168 262 1228 titulo
292 1168 330 1224 ad
359 1168 467 1242 legem
489 1167 681 1224 Corneliam
710 1169 748 1226 de
776 1169 918 1224 sicariis
945 1171 983 1224 et·
1006 1183 1108 1224 uene·

156 1252 253 1309 liois:
289 1248 313 1307 1.
339 1242 455 1306 1⁰Gausa
477 1253 572 1307 mortis
593 1251 689 1309 idonea
711 1269 766 1309 non
788 1251 906 1318 uidetur,
930 1269 991 1308 oum
1015 1266 1108 1308 caesum

156 1335 238 1391 homo
254 1341 318 1408 post
333 1333 436 1407 aliquot
450 1334 507 1390 dies
522 1333 640 1391 oiiioium
663 1335 773 1394 diurnae
794 1339 866 1393 uitae
881 1337 1001 1393 retinens
1016 1334 1108 1393 deces-

156 1418 202 1486 sit,
225 1419 278 1474 uisi
299 1411 434 1474 'lurtim¹¹
457 1417 539 1475 luerit
561 1419 593 1474 ad
608 1435 701 1476 necem
723 1435 825 1487 caesus,
850 1428 896 1478 aut
910 1419 1027 1478 letaliter
1049 1418 1109 1476 uul-

156 1507 277 1560 uerutus.

461 1583 563 1648 Explicit
577 1584 606 1634 de
620 1585 696 1634 atroci
710 1584 803 1634 iniuria.

583 1774 679 1811 nidmu

157 1846 227 1924 (rra.
243 1846 301 1924 ιη.)
330 1866 373 1906 nn
394 1867 467 1908 tvna
482 1867 523 1906 nn
539 1865 686 1908 atomum
699 1863 885 1906 nominonvu
903 1863 1108 1916 (contutant).

219 1959 284 2032 llap.
300 1958 320 2014 Ι.
351 1957 482 2032 Moyses
499 1949 624 2013 dicin¹²
660 1955 686 2014 1.
702 1955 729 2013 st
747 1959 806 2030 quis
821 1959 985 2030 percusserit
999 1973 1108 2014 seruum

158 2048 204 2096 aut
218 2040 339 2097 ancillam
355 2041 443 2113 uirga,
464 2049 491 2096 et
505 2049 629 2096 mortuus
644 2040 768 2096 fueritin
783 2039 903 2097 manilius
920 2043 988 2110 eius,
1010 2041 1107 2098 iudicio

157 2124 317 2181 uindicetur.
353 2121 381 2182 2.
404 2122 504 2190 Quodsi
525 2125 705 2197 superauerit
720 2124 763 2180 die
778 2141 832 2180 uno
848 2133 893 2180 aut
908 2123 1031 2196 duobus,
1054 2141 1108 2182 non

157 2207 346 2278 uindicabitur,
363 2207 478 2280 pretium
495 2208 564 2262 enim
580 2209 664 2281 ipsius
680 2215 730 2264 est.

222 2291 287 2366 liap.
303 2291 334 2346 ll.
373 2289 496 2346 Paulus
520 2290 609 2347 libro
632 2284 1041 2351 ’sententiarumv.¹³sub
1063 2293 1108 2350 ti·

158 2419 368 2426 ——--

232 2475 253 2544 ¹)
269 2479 291 2527 si
305 2478 337 2527 sit
352 2477 490 2527 uerberatus
506 2477 655 2542 (berberatus
670 2477 727 2544 Ve.)
739 2479 800 2528 Odd.
811 2479 869 2529 edd.
884 2481 940 2530 siue
949 2494 1032 2530 seusu.
1057 2479 1110 2530 Sed

156 2549 255 2612 suetum
267 2548 316 2598 doe
330 2563 365 2598 ear
379 2557 421 2597 seu
435 2550 542 2611 repetito
561 2550 590 2598 si.
656 2545 676 2613 ²)
693 2548 812 2599 Nouatum
829 2550 878 2600 doe
897 2566 918 2614 q.
936 2551 1019 2613 fuisse
1033 2558 1108 2615 puta.

160 2615 181 2684 ³)
195 2619 241 2670 Sic
257 2618 318 2668 Cdd.
334 2619 480 2667 demonstret
493 2619 550 2668 edd.
615 2615 638 2685 ⁴)
652 2619 753 2682 lapidem
768 2619 798 2669 B.
818 2617 859 2669 Vi.
883 2621 960 2683 lapide
986 2621 1030 2670 Ve.
1050 2623 1108 2672 edd.

160 2687 180 2755 ⁵)
195 2690 268 2740 Haec
287 2689 318 2738 ob
336 2689 528 2739 similitudinem
545 2691 702 2753 sequentium
721 2705 809 2741 uocum
829 2692 959 2740 excidisse
979 2693 1107 2742 uidentur.

160 2756 180 2826 ⁸)
195 2761 242 2810 auli
257 2760 329 2822 agerii
342 2759 403 2810 Odd.
414 2760 471 2809 edd.
495 2758 548 2810 Sed
560 2761 618 2810 uide
632 2768 775 2824 sequentem
786 2761 932 2824 formulam.
958 2761 1039 2813 Notae
1054 2777 1075 2812 a.
1086 2778 1108 2812 a.

158 2846 233 2880 ann.
248 2845 363 2881 errorem
372 2838 544 2894 pepererunt,
566 2846 579 2880 e
598 2830 689 2895 quibus
707 2833 809 2880 litterae
827 2846 887 2880 aann
906 2831 1016 2883 librario
1035 2835 1109 2895 agerii

158 2917 212 2952 esse
230 2903 300 2951 visae
318 2908 385 2950 sunt.
451 2897 605 2966 'iperenssit
625 2902 688 2951 Cdd.
707 2903 764 2952 edd.
830 2899 851 2967 8)
866 2902 932 2952 illum
948 2903 1009 2952 odd.
1030 2905 1109 2953 sillum

158 2973 197 3022 ed.
209 2971 250 3022 Bi.
299 2967 500 3036 &sententiarum
513 2972 574 3022 Cdd.
596 2972 686 3022 Fuerit
695 2974 770 3022 initio
781 2973 944 3022 sententiaro.
993 2969 1025 3039 ¹⁰)
1035 2974 1109 3024 Haeo

157 3044 296 3101 sententia,
316 3043 351 3091 ud
364 3045 402 3092 tit.
420 3041 439 3090 I.
455 3045 566 3105 proprie
580 3045 727 3106 pertinens,
742 3059 758 3092 a
773 3056 868 3106 purum
882 3045 1052 3109 iutellipeute,
1067 3046 1110 3095 eui

158 3119 333 3178 arpumerttum
347 3114 403 3163 eius
413 3111 546 3164 Moseieue
560 3115 612 3178 lepi
624 3113 670 3162 sub
684 3115 723 3163 tit.
734 3113 787 3162 III.
802 3129 825 3164 e.
835 3126 855 3164 1.
870 3116 986 3178 sequenti
999 3117 1109 3165 virinum

157 3199 212 3234 esse
226 3185 307 3232 nisum
320 3190 370 3242 est,
385 3184 490 3233 eiusad
503 3186 642 3250 marpinem
656 3186 785 3234 translatu
799 3191 824 3233 et
838 3191 930 3247 postea
944 3185 1012 3234 dune
1027 3187 1110 3235 locum

158 3253 297 3304 obtinuisse
312 3254 422 3304 uidetur.
490 3250 522 3319 ιι)
537 3255 597 3303 iorte
614 3255 675 3304 Odd.
691 3255 747 3304 edd.
764 3255 875 3317 insipide
879 3271 890 3311 ,·
906 3255 998 3317 furtim
1016 3262 1055 3304 est
1072 3257 1109 3303 iu·

158 3331 252 3387 tenter,
267 3332 295 3374 ut
309 3327 384 3374 letale
398 3327 490 3376 matrim
501 3332 561 3387 post
575 3326 682 3389 aliquod
695 3332 791 3388 tempus
806 3326 902 3374 deinum
917 3331 1040 3386 erumpet.
1069 3324 1109 3374 Eo

158 3393 189 3444 de
203 3402 314 3458 ternpore
329 3396 363 3459 ef.
378 3395 447 3476 [ab
469 3395 513 3444 Tu.
531 3395 556 3444 0.
571 3396 602 3444 de
616 3396 711 3445 emend.
725 3409 792 3445 serr.
808 3392 839 3459 (9,
854 3392 897 3459 12).
1112 3455 1115 3462 Ι

231 3462 264 3530 ¹²)
279 3465 365 3516 Eaeod.
380 3477 414 3530 tt,
429 3479 462 3518 ao.
478 3478 503 3518 tt
570 3462 602 3532 ¹³)
618 3467 787 3516 sententiarum
808 3464 869 3514 Cdd.
892 3463 994 3530 (quinto)
1014 3472 1109 3516 senten·

158 3534 243 3583 tiaram
258 3537 297 3584 ed.
312 3535 352 3585 Bi.
377 3537 435 3586 Vid.
451 3545 501 3588 not.
517 3548 536 3587 9.
