2680 4118
483 211 518 247 na
536 210 722 248 ucvsarrous.
1015 195 1074 260 763

54 346 114 394 [⁶6⁸]
190 335 256 398 164.
281 333 374 399 ¹ltem.
412 338 515 413 Siquis
533 355 591 412 eos,
615 356 683 414 quos
699 342 820 413 potiores
841 342 1002 412 nominauit,
1025 357 1079 398 non

126 423 295 498 probauerit,
319 425 342 480 si
364 423 451 479 adhuc
473 425 544 478 intra
567 424 818 497 quinquagesimum
842 424 911 480 diem
933 433 991 496 est,
1013 424 1079 481 alios

127 510 247 582 potiores
263 515 355 580 potest
371 508 517 562 nominare.

189 585 253 648 16⁵.
267 591 343 648 ltem.
365 589 446 656 Quod
459 605 529 646 uero
545 606 626 663 supra
642 584 782 661 dirimus‚²
797 606 868 662 eum,
885 593 929 664 qui
944 591 1078 664 potiorem

127 675 323 744 nominandi,
345 675 368 728 si
383 673 499 746 aliquam
515 675 663 730 sessionem
684 675 859 730 intermiserit
876 691 926 747 pro
941 673 1078 745 tribunali,

127 759 340 832 praescriptione
354 755 520 828 submoueri,
542 759 637 830 utique
660 773 754 813 uerum
777 766 829 828 est,
852 759 875 812 si
896 758 1001 813 litterae
1023 773 1078 814 non

128 851 192 898 suut
214 833 409 914 impetrataez³
430 849 550 896 ceterum
566 857 598 896 ex
614 857 668 913 quo
690 843 846 914 impetratae
869 849 947 912 sunt,
970 843 1079 898 laeum

127 925 207 994 diem,
231 941 284 998 quo
307 923 384 980 reddi
406 927 524 997 praetori
546 927 693 996 rescriptae
714 923 823 996 debent,
848 917 937 980 ’cum⁴
958 924 1009 980 hoc
1024 940 1079 980 me·

127 1010 171 1064 dlo
187 1011 275 1082 spatio
292 1009 378 1064 sessio
394 1007 485 1080 luerit,
501 1023 556 1064 nou
572 1007 671 1078 oberit,
687 1007 710 1062 si
726 1006 891 1064 sessionibus
906 1024 961 1064 non
976 1008 1079 1066 adierit.

126 1101 153 1149 et
169 1093 206 1148 ita
221 1095 249 1147 in
266 1109 315 1147 usu
331 1100 464 1147 seruatur.

189 1171 253 1234 166.
288 1169 382 1230 ⁵ltem.
426 1168 534 1229 libelli6
556 1175 592 1229 ita
615 1173 760 1229 formandi:
784 1189 846 1232 cvm
868 1190 1078 1232 5555155555-

127 1274 227 1317 onuro
251 1271 397 1316 rvronuu
417 1273 459 1314 uu
482 1272 610 1316 oauovu
632 1273 873 1315 sxrsrruavmus
896 1274 970 1330 rnnr,
994 1273 1078 1323 ouon

126 1357 197 1398 urar
208 1357 242 1398 ru
252 1355 406 1397 uorurrnu
417 1333 594 1398 'onoratur'
607 1357 680 1398 rnna
694 1358 759 1412 ora,
774 1357 892 1400 uourno
904 1357 1077 1414 romonem,

125 1442 167 1483 vr
179 1437 355 1482 uvurcrruu
365 1437 598 1495 suprasolarem,
614 1440 718 1495 annum,
730 1441 939 1496 varnursuvm,
956 1442 1077 1484 nonau-

126 1524 190 1566 'rnm
204 1523 245 1564 uo
261 1514 353 1576 hooc,
368 1521 536 1565 nanuurau
551 1523 584 1565 ru
599 1523 789 1566 svnsranrra
804 1524 880 1566 erius
896 1524 992 1568 uiuus
1005 1527 1078 1568 rau·

126 1609 199 1651 rvsr.
230 1591 256 1646 Si
272 1607 355 1663 eques
366 1591 501 1648 Romanus
517 1591 606 1662 luerit,
624 1593 669 1664 qui
684 1593 779 1663 potior
793 1591 983 1664 nominabitur,
998 1597 1077 1650 etiam

126 1677 178 1732 hoc
199 1675 388 1749 comprehendi
412 1674 501 1732 delet.
539 1673 637 1731 lleinde
656 1673 711 1732 ,fine
727 1675 807 1730 talem
824 1675 969 1730 clausulam
985 1675 1077 1732 addat:

124 1775 220 1832 nono,
242 1774 403 1830 prunnon,
425 1775 568 1816 sacrans
589 1759 883 1815 ’ensuscrimmours
907 1753 1078 1830 cucurone,8

125 1857 276 1900 nmunaos
291 1858 445 1900 accurens
460 1855 620 1898 ursmarus.

187 1922 244 1982 167.
270 1921 311 1980 ”Si
324 1942 373 1997 pro
386 1924 513 1980 tribunali
525 1923 669 1996 dabuntur,
684 1915 754 1994 'V,¹⁰
770 1921 803 1978 dc
817 1923 897 1997 plano
912 1917 983 1979 llll¹¹
999 1923 1076 1980 dandi

125 2133 330 2195 disceptandam,
352 2139 376 2182 et
390 2135 541 2197 pleramque
560 2133 650 2182 addita
669 2135 755 2182 statim
775 2134 829 2192 die,
852 2150 903 2199 qua
915 2137 1077 2198 ‘peremtoria

87 2209 89 2214 '
121 2206 256 2268 proposito
271 2203 363 2260 edicto,
379 2210 448 2252 tutor
458 2204 535 2252 datas
544 2204 690 2260 audiretur,
700 2205 753 2252 nisi
761 2206 846 2254 statim
860 2219 912 2253 rent
922 2219 1076 2269 cognoscere

125 2277 218 2323 nrallet.
247 2273 277 2322 L.
294 2283 314 2323 a.
329 2285 349 2324 9.
367 2272 392 2322 0.
408 2287 488 2337 quom.
504 2281 529 2322 et
543 2274 645 2337 quondo
661 2273 692 2337 (t,
706 2274 751 2338 ts).
823 2271 842 2335 ¹)
859 2275 897 2338 Cf.
912 2277 951 2336 ἐξ.
966 2285 1013 2326 tot.
1029 2287 1075 2328 242.

125 2345 157 2393 L.
172 2356 206 2398 ar.
221 2346 245 2405 §-
260 2355 278 2393 1.
299 2344 331 2391 Ι).
346 2343 370 2391 lt.
385 2351 403 2392 t.
468 2340 489 2407 ἵ)
504 2345 612 2406 quamuis
626 2359 645 2392 s.
661 2345 789 2392 dixerimus
810 2344 867 2393 Vot.
882 2345 940 2393 edd.
1006 2341 1076 2410 ⁸)sc.

125 2416 187 2479 quia
197 2416 360 2463 necessariae
367 2429 418 2464 non
426 2421 509 2475 erant,
516 2421 653 2476 praesente
663 2429 701 2472 eo,
709 2417 754 2478 qui
760 2417 850 2477 potior
858 2417 1002 2464 nominatus
1011 2413 1075 2464 erat.

125 2483 147 2550 ⁴)
164 2492 187 2532 et
201 2483 259 2534 Vat.
270 2483 334 2546 (pro
345 2482 385 2548 a').
405 2485 473 2547 et(si)
488 2485 545 2533 edd.
557 2483 650 2534 Hollw.
662 2485 775 2535 Momms.
824 2482 844 2550 ⁶)
857 2485 894 2549 Cf.
906 2487 928 2547 ᾗ.
937 2498 983 2536 aro.
1000 2486 1075 2535 Paul.

124 2553 151 2604 S.
168 2552 198 2606 li.
213 2565 234 2615 a,
249 2565 282 2604 as.
298 2556 337 2616 ἐξ.
351 2567 370 2605 1.
381 2565 401 2603 a.
452 2551 474 2618 ⁶)
491 2553 547 2603 Non
562 2557 740 2604 contestatorii
754 2556 794 2604 ilii
808 2557 830 2617 §-
842 2567 887 2607 155.
904 2555 1036 2621 (testantes
1049 2571 1076 2606 se

121 2640 171 2688 per
183 2625 269 2687 serias
283 2640 333 2673 non
345 2625 460 2687 patanae
475 2622 568 2690 odire).
590 2624 627 2686 Cf.
639 2626 661 2686 §-
670 2636 717 2676 tio.
736 2623 770 2674 Se
780 2640 907 2676 excusare
917 2641 967 2690 per
978 2627 1076 2676 libellos

125 2710 175 2745 non
190 2694 283 2745 licebat
296 2695 328 2746 L,
343 2705 376 2746 25.
401 2694 433 2744 D.
448 2694 472 2742 lt.
488 2701 505 2743 t.
571 2691 591 2758 i)
605 2695 702 2756 pertulit
722 2695 778 2744 Vat.
794 2696 851 2745 edd.
877 2697 914 2758 Os.
930 2697 961 2746 L.
978 2711 996 2747 1.
1017 2699 1039 2758 §-
1054 2709 1074 2748 s.

124 2765 156 2814 Ι).
172 2780 237 2829 quae
250 2771 356 2814 sentent.
373 2763 418 2830 (49,
432 2762 461 2829 a).
482 2764 578 2827 pertulit
593 2765 637 2813 itte
650 2765 690 2813 ed.
706 2763 818 2814 Momms.
881 2764 902 2831 ⁸)
917 2765 961 2814 Ero
976 2765 1076 2816 Kelleri

124 2838 157 2899 ej.
172 2837 259 2901 (etiom
278 2835 391 2886 Manna.
406 2833 470 2900 ed),
492 2850 550 2883 nam
568 2842 593 2883 et
611 2837 792 2898 appellationis
811 2842 925 2899 tempora
944 2837 1074 2886 dictantur.

124 2906 325 2970 praescriptiones
339 2913 446 2968 tempora
466 2904 524 2954 Vat.
539 2905 579 2954 ed.
590 2904 683 2955 Hollw.
735 2903 757 2971 ⁰)
773 2905 810 2968 Cf.
822 2906 853 2955 L.
865 2916 898 2957 15.
914 2906 946 2955 D.
956 2907 988 2956 de
998 2909 1025 2956 in
1035 2909 1076 2956 iao

124 2991 178 3024 voc.
194 2974 271 3041 (na).
338 2973 370 3039 ¹⁰)
385 2975 429 3024 Eu
448 2975 497 3024 Vi.
515 2975 555 3027 ed.
571 2975 683 3025 Momots.
751 2972 784 3040 ιι)
802 2975 871 3025 Unus
890 2992 939 3026 non
955 2979 1076 3040 praetori

124 3045 231 3094 lionoris
245 3059 324 3094 caasa
338 3046 452 3102 dandus,
472 3053 500 3094 ut
513 3052 589 3094 antea
604 3048 777 3104 conieceram,
796 3048 849 3105 sed,
865 3054 893 3096 ut
912 3047 1076 3112 Wiedinpius

124 3113 281 3176 Libellproo.
296 3116 320 3175 §-
335 3125 368 3164 25.
383 3115 479 3176 docuit,
494 3107 652 3182 insipidiori
666 3118 709 3164 ille
726 3115 788 3166 Noa.
804 3127 837 3168 os.
853 3132 874 3166 c.
889 3129 910 3168 a.
925 3119 1004 3174 alter,
1020 3133 1075 3166 cam

120 3198 171 3247 pro
185 3182 312 3232 tribunali
325 3184 437 3246 officium
451 3185 556 3243 aderat,
570 3188 637 3234 actis
647 3188 781 3248 praetoris
794 3186 968 3247 mandandas,
987 3189 1075 3246 ceteri,

122 3268 187 3318 quos
197 3261 308 3316 praetor
322 3255 380 3302 item
394 3253 555 3316 subnotant,
572 3255 652 3317 (Ptin.
667 3271 706 3318 ep.
722 3269 742 3312 1,
758 3268 790 3306 10.
806 3257 828 3316 ἓ.
844 3268 864 3306 9.
879 3255 1020 3318 sparnaco.
1036 3271 1074 3317 ep.

124 3336 156 3383 10,
171 3323 216 3387 aa.)
232 3339 287 3373 cum
301 3314 450 3392 ἆντιβίβλῳ
464 3325 545 3374 tutori
559 3325 619 3375 dato
634 3325 768 3382 reddendi,
784 3341 800 3373 a
815 3339 863 3388 quo
878 3326 1022 3373 nominatas
1036 3331 1075 3373 ter

123 3395 194 3442 intra
208 3394 331 3444 decimum
346 3395 411 3442 diem
426 3409 476 3456 per
490 3394 712 3444 denunciationem
727 3397 767 3443 vel
781 3409 831 3457 per
850 3396 950 3442 litteras
964 3411 980 3444 a
996 3410 1074 3457 prae·

122 3469 179 3512 tore
198 3463 236 3512 adi
251 3467 417 3529 manistram
436 3465 537 3514 dandas
556 3465 676 3514 citandos
695 3471 759 3513 esset
778 3466 827 3522 ita,
847 3472 874 3512 ut
888 3466 914 3512 ia
930 3467 1015 3527 primo
1030 3467 1074 3514 illo

122 3531 208 3582 libello
223 3547 279 3582 cam
291 3536 409 3582 cautione
420 3534 517 3582 iudicio
527 3535 586 3582 sisti
595 3549 626 3582 ea
636 3535 686 3592 die,
700 3549 750 3598 qua
760 3541 821 3597 post
831 3535 967 3600 legitimum
977 3537 1075 3586 actoris
