2684 4112
547 589 687 662 GAII

364 720 563 787 semovi
587 721 874 781 FRAGMENTA.

380 885 422 924 EX
442 884 547 926 Limus
569 885 610 926 AD
632 886 678 926 ΧΠ
701 885 850 930 TABVLAS.

73 1046 129 1100 pos]
184 1037 209 1098 1.
241 1029 343 1107 1Γοὶϊος
372 1029 388 1094 δ
417 1030 602 1114 νομονρᾶφος
682 1041 771 1098 Gaius
789 1044 1013 1100 iurisconsultus
1028 1053 1097 1116 post

143 1117 213 1197 petel
242 1117 298 1196 τὴν
325 1126 386 1180 τοῖν
412 1117 603 1195 κναιστολροιν
639 1132 823 1196 quaestorum
845 1131 1044 1200 mapistratum
1061 1130 1096 1186 tle

142 1203 197 1282 την
209 1197 438 1304 δεκανδρικην
420 1224 515 1280 αρχην
531 1198 602 1260 ἄνα·
638 1211 824 1266 decemuirali
855 1212 949 1267 verbis
969 1212 1096 1270 Graece

143 1281 603 1365 φέρει,ρἡασικρδςἑρμηνείαν
639 1295 974 1365 νσνσὶσοκρλλτολλίσσο·
967 1294 1095 1369 ·Mapaa

145 1367 1094 1472 wm.mmmW-ammwmmm

146 1469 221 1526 στοις
248 1460 308 1512 τολν
333 1452 496 1530 νόμων,ο
481 1447 530 1512 οἷα
562 1445 602 1530 μὴ
638 1463 744 1532 quippe
776 1476 851 1533 quae
878 1465 1006 1533 scriptae
1037 1481 1096 1520 non

143 1534 293 1638 γράμμασι
320 1533 511 1614 τεθειμένων,
541 1542 601 1609 τοῖς
638 1551 742 1613 essent,
764 1547 793 1600 in
814 1560 877 1616 rep.
897 1560 936 1602 ea
950 1547 1096 1604 discordia

145 1617 296 1700 πράγμασι
316 1617 472 1699 γινομένης
495 1618 527 1680 ἐκ
549 1630 601 1698 τῆς
638 1631 856 1700 mapistratnum
875 1631 1026 1702 plebisque
1050 1648 1096 1688 aa·

144 1714 206 1766 τοῖν
216 1701 369 1803 ν’ρχόντοιν
379 1702 429 1763 κοιλ
440 1712 493 1764 τοῦ
506 1703 602 1781 δήμου
639 1719 712 1780 orta,
726 1714 867 1767 communi
877 1720 995 1769 senatus
1003 1731 1096 1786 popu·

144 1789 301 1867 διαφοριις,
314 1782 436 1866 (lappam
450 1796 539 1870 κοινιῦ
550 1796 602 1865 της
638 1796 714 1866 lique
741 1797 853 1865 placito
887 1811 984 1851 omnes
1009 1801 1096 1870 mapi-

144 1875 254 1952 βουλῆς
265 1870 315 1931 κοιλ
327 1891 377 1930 τον
367 1870 482 1948 δήμου
493 1847 602 1943 elimae
639 1884 750 1933 stratus
761 1879 868 1933 sublati
878 1894 915 1933 aa
924 1880 1021 1934 decem
1034 1887 1097 1935 ton-

147 1955 202 2034 μὲν
216 1954 281 2016 ολ”
258 1975 397 2060 αρχοντες
409 1949 602 2032 ἐκινήθησαν,
640 1968 698 2017 tum
708 1965 777 2017 viris
789 1977 861 2016 eura
874 1965 947 2033 reip.
960 1965 1097 2019 mandata

146 2037 218 2100 δέκα
239 2035 271 2099 δὲ
287 2034 388 2116 μόνοις
408 2034 579 2115 ἀνδράσι
549 2061 604 2114 την
639 2053 690 2101 est.
717 2047 775 2116 ipsi
788 2059 866 2116 uero,
882 2049 952 2102 teste
967 2045 1096 2117 bistonio,

146 2121 289 2203 φροντίδα
304 2122 480 2200 τήςπολιτεί
478 2145 513 2194 ug
527 2143 603 2202 παρ·
639 2129 768 2184 Allienus
810 2131 923 2184 mittunt
962 2129 1097 2202 Spurium

74 2226 135 2274 [sse]
146 2206 262 2270 ἔδοσαν
290 2203 375 2266 αὐτοι
366 2203 422 2266 ’δὲ
437 2203 604 2266 στέλλουσιν
639 2213 823 2282 Postumium,
836 2212 938 2268 Aulum
952 2213 1097 2270 Marcium

147 2287 180 2374 (ἡ
190 2287 451 2370 λστορίελοιφησλν)
424 2285 602 2396 εςἈθήνοις
640 2303 667 2352 et
688 2295 818 2352 Publium
842 2295 1006 2368 Sulpicium.
1049 2302 1099 2372 qui

147 2367 1097 2454 mmewm-mwwmmm·

87 2529 94 2538 ¹
146 2464 199 2519 λον
223 2456 365 2537 Μάρκιον
384 2457 434 2518 nal
449 2456 603 2518 Πονττλιον
638 2471 805 2528 morantur,
821 2465 913 2521 donea
928 2469 1013 2522 etiam
1028 2466 1096 2524 reli·

147 2542 339 2602 Σουλπίκιον.
361 2563 420 2600 των
436 2537 497 2601 bl&
483 2539 530 2601 inl
542 2564 602 2620 τρι·
638 2564 713 2622 quas
726 2548 939 2604 Atheniensium
959 2551 1036 2624 lepes
1050 2552 1097 2606 de·

149 2620 605 2704 ετῆχρόνονέκεῐβραδννόντων,
640 2647 700 2688 cem
715 2631 819 2687 tabulis
833 2633 986 2705 eollipant‚
1002 2636 1098 2690 decem

148 2705 203 2781 ἕως
228 2705 278 2767 κοιλ
306 2707 373 2779 τοὺς
394 2706 603 2786 λειπομένους2
640 2719 716 2772 viros
737 2717 865 2786 populus
893 2721 1003 2773 creauit
1025 2720 1097 2790 reip.

220 2879 239 2948 ¹)
251 2882 289 2930 De
296 2882 348 2944 fide
357 2881 435 2930 leu'us
444 2883 496 2932 lori
508 2881 603 2931 Gaiani
612 2897 662 2932 non
672 2889 774 2933 constat
784 2883 950 2933 interducias
960 2884 1037 2934 airas.
1059 2881 1098 2947 Cf.

145 2952 260 3002 Dirltsen
275 2951 360 3001 Verm.
370 2950 446 3001 Sobr.
453 2962 512 3015 pso
520 2967 572 3016 seq.
593 2953 661 3002 Milri
669 2953 770 3016 quidem
776 2967 930 3016 persuasum
940 2960 986 3014 est,
997 2953 1100 3018 Lydum

145 3023 214 3072 leuno
228 3024 311 3072 locum
325 3037 375 3072 non
390 3022 489 3086 quidem
504 3029 532 3071 nt
545 3025 653 3072 alterum
662 3023 695 3072 de
705 3022 884 3088 quaestoribus
898 3021 929 3089 (ι,
944 3022 988 3087 se),
1003 3025 1035 3074 de
1049 3037 1098 3088 qno

146 3095 197 3142 iam
211 3107 283 3142 nemo
297 3091 404 3151 dubitat,
419 3107 510 3142 errore
524 3099 621 3142 tantum
637 3093 702 3143 Gaio
717 3093 838 3144 tribuisse
851 3100 876 3143 et
889 3109 982 3144 reuera
996 3095 1055 3144 item
1064 3108 1100 3146 ea

146 3162 178 3212 L.
193 3174 214 3214 s.
234 3162 267 3211 D.
282 3162 315 3212 de
328 3163 395 3227 arip.
410 3163 461 3210 iur.
476 3161 507 3228 (1,
521 3161 545 3228 2)
559 3165 694 3220 sumsisse;
705 3166 785 3227 plura
800 3165 866 3214 eain
879 3166 967 3214 etalio
977 3166 1098 3222 continet,

147 3248 223 3298 qaam
233 3233 390 3296 Pomponius
405 3231 441 3281 ibi
451 3233 490 3294 ἐξ.
501 3243 521 3283 s.
532 3244 552 3282 u
563 3243 597 3284 sa.
608 3235 704 3291 madiu-
718 3234 764 3284 sed
777 3249 823 3284 nee
837 3233 983 3284 adverbum
993 3249 1028 3283 aa
1040 3234 1100 3284 Gaii

147 3303 223 3352 libris
236 3303 273 3353 ad
285 3309 332 3350 ΧΗ
343 3301 393 3352 tab.
409 3305 586 3361 transtulisse,
606 3305 678 3354 immo
695 3304 810 3367 fortasse
827 3304 958 3367 nosipsos
973 3303 1099 3354 libiosae

147 3374 247 3437 quidem
261 3373 372 3426 vidisse:
393 3373 481 3421 insunt
494 3375 560 3422 enim
579 3375 710 3438 complura
729 3389 793 3438 qnae
810 3373 890 3423 Gaius
904 3374 951 3423 boe
966 3373 1038 3422 modo
1053 3375 1100 3422 uia

147 3443 254 3493 disserit.
289 3443 377 3492 Potest
395 3444 483 3501 etiam,
507 3450 536 3493 ut
553 3458 587 3492 ea
608 3443 673 3494 Gaio
696 3450 793 3494 tautum
812 3444 907 3506 priora
926 3457 1004 3507 usque
1023 3443 1058 3492 ad
1075 3459 1098 3492 ν.

146 3508 308 3578 παρέδοσαν
315 3513 455 3578 fluxerint,
469 3529 534 3577 quae
547 3522 698 3578 sequuntur,
712 3530 747 3564 ex
756 3515 817 3563 aliis
828 3513 953 3563 historiae
961 3514 1099 3576 scriptori·

146 3582 193 3633 bus
207 3590 316 3634 consuta
328 3585 389 3634 sint.
447 3581 469 3648 ²)
482 3583 506 3634 b.
521 3599 542 3632 e.
558 3599 622 3648 quas
636 3585 710 3634 initio
724 3586 899 3648 nepleneraut.
