2680 4118
361 228 420 264 uos.
439 229 472 263 reu
489 228 551 262 nou.
571 227 660 264 unauna
679 227 785 265 concas.
805 211 864 264 ΧΠ.
884 216 907 267 i.
1043 211 1104 277 687

154 359 222 416 libro
237 375 278 419 vn
295 375 326 415 ex
342 359 452 414 Viuiano
468 357 582 414 relatum
599 364 654 413 est:
679 359 701 414 si
722 357 830 414 furnum
851 360 997 416 secundum
1021 362 1108 433 parie-

2 449 3 496 t
91 431 119 473 ⁸
155 451 208 500 tem
224 457 392 503 communem
412 440 538 506 lralreres,
562 458 595 496 an
618 441 707 497 damni
730 443 825 496 iniuria
849 445 981 499 tenearis?
1018 443 1051 499 Et
1070 447 1107 501 ait

154 521 353 601 ’(Ρνοοιιῑιιε),1
376 527 418 599 agi
434 542 487 582 nou
511 523 518 549 '
526 541 607 598 posse
631 517 737 580 tecum²
759 525 863 598 Aquilia
882 527 958 600 lege,
981 529 1041 602 quia
1057 544 1107 585 neo

157 604 216 669 oum
232 629 276 683 eo,
292 611 338 684 qui
353 609 441 665 locum
458 607 582 665 haberet:
605 615 632 663 et
646 607 706 664 ideo
723 624 837 681 aequum
853 618 939 682 putat,
962 613 989 667 in
1008 611 1107 668 iactum

157 697 290 754 actionem
306 692 426 748 dandam.
456 691 507 748 Sed
521 708 576 748 non
592 692 721 765 proponit
733 701 855 748 exustum
870 696 1010 768 parietem.
1038 694 1107 752 Sane

157 780 226 838 enim
242 778 333 854 quaeri
349 784 450 850 potest,
465 770 535 850 ’(εἰ)3
549 773 668 832 nondum
685 776 749 831 milri
765 775 888 832 damnum
904 777 1020 850 dederis,
1035 772 1108 834 'sed‘

156 864 194 919 ita
208 866 298 938 ignem
313 861 418 932 habeas,
443 868 473 916 ut
486 869 615 927 metuam,
631 875 665 916 ue
680 860 743 916 milri
759 859 847 932 detur,
868 877 982 934 aequum
998 863 1042 932 sit,
1065 877 1108 918 me

156 948 263 1005 interim
277 946 408 1003 actionem
423 945 451 1000 iu
466 943 565 1001 laetum
580 943 742 1017 impetraret
772 942 904 1000 Fortassis
920 945 992 1000 enim
1008 945 1040 1001 de
1056 946 1108 1002 hoc

156 1032 271 1088 senserit
285 1029 428 1086 Proculus:
451 1029 503 1084 nisi
525 1029 584 1102 quis
600 1027 710 1098 dixerit,
734 1025 821 1083 damni
845 1023 961 1085 'inlecti5
981 1027 1108 1088 sulficere

156 1117 316 1173 cautionem.
361 1109 389 1169 9.
414 1105 480 1167 lSed
496 1114 546 1168 etsi
568 1112 613 1184 qui
630 1112 702 1166 serui
718 1111 840 1185 inquilini
863 1113 976 1168 insulam
999 1129 1108 1170 exusse-

86 1207 146 1257 [aar]
156 1201 221 1272 rint,
236 1197 305 1254 libro
317 1214 345 1253 x.
358 1195 466 1251 Urseius
478 1196 572 1266 refert,
588 1194 714 1251 Sabinum
730 1194 913 1268 respondisse,
929 1196 990 1270 lege
1003 1197 1107 1274 Aquilia

156 1297 298 1339 seruorum
314 1280 421 1335 nomine
436 1279 571 1334 dominnm
592 1278 682 1335 noxali
702 1277 803 1335 iudicio
825 1281 1053 1340 conueniendum:
1076 1297 1109 1337 en

157 1365 246 1421 locato
263 1370 351 1419 autem
367 1361 502 1417 dominum
519 1363 604 1418 teneri
619 1370 709 1436 negat.
747 1362 877 1421 Proculus
892 1373 980 1423 autem
992 1382 1106 1440 respon·

158 1447 211 1504 dit:
227 1463 287 1504 cum
298 1445 387 1503 coloni
399 1447 471 1501 serui
484 1445 575 1502 uillam
591 1445 751 1514 exusserint,
769 1447 894 1505 colonum
908 1449 951 1507 uel
964 1465 995 1505 ex
1008 1449 1108 1522 locata,

157 1531 202 1588 uel
224 1531 286 1606 lege
300 1529 404 1604 Aquilia
429 1532 524 1603 teneri,
544 1532 581 1587 ita
603 1537 633 1586 ut
648 1530 761 1586 colonus
782 1547 891 1588 seruum
914 1535 1000 1607 possit
1022 1549 1109 1592 noxae

158 1613 270 1672 dedere:
293 1622 320 1672 et
342 1615 365 1670 si
387 1630 441 1671 uno
463 1615 562 1672 indicio
585 1629 627 1670 res
650 1607 709 1670 'sit⁷
731 1613 861 1686 iudicata,
886 1616 972 1672 altero
995 1619 1111 1692 amplius

157 1715 211 1756 non
227 1691 385 1774 agendum.8
429 1693 476 1756 10.
500 1694 605 1755 ⁹Celsus
621 1697 689 1754 lilrro
705 1714 803 1756 xxvrr.
820 1699 988 1772 digestorum
1003 1702 1112 1756 scribit:.

157 1785 179 1840 sl
195 1801 255 1840 oum
270 1799 333 1858 apes
349 1799 423 1840 meaa
439 1783 470 1839 ad
487 1791 544 1838 tuas
560 1781 743 1853 aduolassent,
764 1788 850 1836 tueas
866 1783 1011 1847 exusseris,
1028 1800 1109 1856 quos·

157 1867 216 1923 dam
231 1883 343 1942 negare,
359 1874 512 1940 competere
527 1865 595 1938 legis
611 1864 731 1937 Aquiliae
746 1865 893 1936 actionem,
909 1867 981 1921 inter
997 1883 1065 1939 quos
1082 1874 1111 1922 et

156 1949 315 2020 Proculum,
332 1951 407 2022 quasi
423 1964 485 2022 apes
501 1947 610 2004 dominii
625 1948 676 2003 mei
691 1962 745 2002 non
761 1947 870 2004 luerint.
900 1947 953 2005 Sed
969 1947 995 2004 id
1011 1949 1108 2005 laisum

159 2048 229 2104 esse,
251 2031 344 2088 Celsus
365 2033 417 2102 ait,
440 2047 500 2087 cum
515 2047 577 2104 apes
599 2031 724 2086 reuenire
740 2029 853 2100 soleant,
877 2039 904 2088 et
923 2031 1023 2090 fructui
1045 2034 1113 2090 milri

158 2116 220 2175 sint.
264 2113 316 2171 Sed
338 2113 470 2170 Proculus
491 2130 524 2171 oo
546 2120 682 2184 mouetur,
705 2113 777 2187 quod
800 2130 850 2170 nee
871 2123 1037 2188 mansuetae,
1060 2133 1111 2174 nec

157 2191 261 2256 'oista¹⁰
277 2197 381 2255 clausae
397 2196 505 2255 luerint.
542 2197 601 2270 lpse
617 2205 704 2254 autem
720 2197 812 2254 Celsus
828 2199 876 2269 ait,
894 2199 959 2255 nihil
975 2203 1046 2256 iuter
1061 2200 1109 2256 has

158 2290 185 2338 et
200 2281 335 2339 columbas
349 2283 494 2354 interesse,
519 2283 626 2354 quaesi
647 2278 754 2338 'manus
771 2276 940 2356 effugiunt,¹¹
965 2277 1110 2340 domitae¹²

159 2373 247 2422 tamen
263 2366 380 2440 lugiunt.

422 2445 523 2509 Explicit
537 2445 617 2495 titulus
633 2446 661 2495 de
676 2446 837 2496 incendiariis.

157 2646 188 2694 Ι).
204 2647 259 2697 eod.
275 2647 422 2710 quibasdam
437 2649 546 2696 mutatis.
607 2643 626 2712 ¹)
641 2647 685 2696 Eae
699 2649 759 2714 Dry.
774 2652 898 2714 suppleat.
951 2646 973 2717 ¹)
987 2658 1070 2714 posset
1084 2652 1109 2701 id

157 2715 188 2766 B.
207 2731 303 2779 possem
318 2718 341 2766 id
361 2717 405 2766 Ve.
425 2731 497 2780 posse
511 2718 535 2766 id
554 2717 594 2766 Vi.
625 2717 714 2768 Fuerit
734 2721 809 2770 initio
830 2721 883 2770 iec'.
903 2719 944 2770 Bi.
960 2723 1015 2770 ed:
1028 2736 1107 2784 posse.

159 2781 311 2852 ⁸)Eth'p.
373 2784 394 2854 ι)
409 2788 469 2852 Dip.
485 2794 508 2836 at
524 2787 585 2837 Cdd.
601 2788 639 2836 ed.
654 2788 694 2837 Bt.
760 2787 986 2855 ⁶)Dip.nonlacti
1002 2790 1107 2857 (eoa(i)ir

157 2856 224 2922 lecti)
241 2856 302 2910 Odd.
317 2857 375 2907 edd.
397 2857 434 2921 Cf.
450 2856 481 2906 L.
497 2868 529 2908 24.
545 2860 568 2919 ξ.
579 2869 599 2908 t.
618 2858 650 2907 D.
666 2859 697 2908 de
712 2860 794 2909 dama.
806 2861 853 2923 inf.
865 2859 910 2926 (aa,
920 2858 953 2926 a).
1005 2859 1027 2926 ⁰)
1040 2861 1116 2911 Pars

157 2933 243 2977 emetat
256 2927 288 2976 L.
303 2939 336 2979 it.
352 2930 374 2990 ξ,
389 2940 423 2980 11.
447 2928 479 2976 D.
494 2928 530 2977 ad
543 2931 591 2992 lep.
606 2928 692 2993 Aqatl.
709 2928 740 2995 (e,
755 2928 786 2996 a).
854 2927 874 2997 ⁷)
890 2938 954 2979 esset
970 2931 1031 2981 Gdd.
1047 2933 1107 2997 Dip.

156 2995 210 3047 Sed
223 3011 262 3046 es·
275 3013 310 3046 eac
323 3012 363 3046 res
377 2998 503 3048 adhaesit.
568 2996 589 3063 8)
607 2997 677 3058 Quae
690 3008 832 3064 aequantur
847 3003 873 3050 ia
888 3001 962 3066 Diffi,
982 3004 1036 3065 ipse
1053 3002 1109 3052 Col·

158 3069 226 3117 lator
244 3067 346 3116 uidetur
363 3071 510 3119 reseeaisse.
582 3065 603 3135 9)
623 3069 654 3118 Ia
674 3069 748 3120 breve
768 3079 858 3122 coacta
877 3071 1003 3121 habentur
1022 3072 1054 3122 L.
1073 3082 1107 3122 at.

157 3138 180 3198 §-
196 3147 228 3188 12.
253 3136 285 3185 D.
305 3137 341 3186 ad
358 3140 405 3202 lep.
423 3138 510 3203 Apoll.
527 3137 563 3204 (9,
578 3139 608 3202 2).
676 3137 709 3206 ¹⁰)
723 3141 755 3190 ita
772 3141 834 3192 Cdd.
849 3143 906 3191 edd.
935 3142 1054 3204 Attiej:
1072 3143 1110 3190 in·

157 3207 237 3256 clusae
251 3213 297 3256 aut
311 3207 334 3255 in
349 3208 416 3256 alueo
432 3208 533 3270 clausae,
548 3214 593 3256 aut
607 3213 684 3258 tamen
700 3210 801 3260 clausae.
865 3208 897 3276 ²¹)
912 3211 956 3260 Ee
973 3212 1059 3260 Gaiae.
1076 3215 1108 3274 ej.

156 3291 226 3326 manu
245 3277 364 3339 reingiunt
385 3277 446 3326 Odd.
466 3278 523 3328 edd.
542 3277 582 3328 Bt.
615 3278 711 3329 Sensus
732 3289 784 3330 est:
805 3283 854 3330 etei
872 3296 961 3330 manas
981 3282 1109 3330 dominam

157 3349 254 3396 evitant
267 3363 299 3397 ac
310 3348 430 3414 sapiant,
449 3355 476 3397 at
494 3363 540 3398 aec
559 3357 769 3400 mansuetaemee
789 3351 980 3413 mansuefactae
997 3352 1117 3413 proprie»

156 3417 210 3466 de'et'
219 3419 328 3480 possint.
395 3413 427 3484 12)
442 3419 506 3468 ddmi
523 3417 583 3468 Odd.
599 3420 672 3475 edd:
690 3427 741 3470 -tae
756 3420 786 3470 ob
800 3435 907 3484 sequens
922 3426 999 3468 tantan
1014 3422 1106 3483 periit.

157 3485 205 3535 Est
219 3502 278 3537 cero
293 3488 407 3538 domitae:
427 3491 454 3538 in
469 3491 615 3539 universam
629 3491 746 3553 deposita
757 3491 877 3553 feritate,
893 3496 920 3539 at
934 3496 958 3540 et
972 3491 1029 3554 ipsa
1039 3491 1112 3558 sapa

156 3554 205 3604 ltac
220 3557 348 3608 domitura
363 3560 532 3609 contineatur.
