2680 4112
239 265 301 323 134
567 272 593 307 n.
613 270 740 306 vinnurvs
759 271 865 306 rnosvs.

236 392 303 444 iuris
327 389 417 444 civilis
439 389 638 458 migraverant.
678 387 732 442 Sed
754 389 848 456 potest
870 388 956 442 etiam
978 372 1141 444 coniectura
1162 389 1198 444 de

235 459 296 526 ipso
308 457 380 512 libro
393 457 456 525 capi
473 472 529 510 non
545 456 746 532 improbabilis,
759 471 814 532 quo
831 455 938 508 Probus
953 456 984 508 in
1001 456 1053 508 hac
1072 457 1201 524 opusculi

236 527 316 646 parte
338 541 405 578 usus
425 524 469 577 sit.
512 522 581 577 Cum
603 523 675 576 enim
698 540 728 576 m
751 523 795 576 lus
819 521 894 576 notis
916 523 1002 578 etiem
1027 525 1200 576 memoratur

258 633 263 644 .
282 592 313 645 P.
331 590 368 648 Μ.
381 615 414 636 =
427 595 503 644 Sexti
521 595 597 644 Pedii
612 589 757 652 Medmam',
780 589 834 642 hoc
856 606 913 643 non
931 605 964 642 eo
985 590 1028 655 (ut
1045 590 1108 657 quis
1125 589 1199 644 forte

236 655 1198 792 ipitiitiiifiiilii13³itxquiisit⁰iittuiiitestultiut

237 793 272 848 de
290 792 504 846 testamentaria
525 764 590 852 boia,
614 791 785 858 possessione
809 805 896 858 agens
914 791 1006 844 ‘notas
1028 789 1125 843 literas
1142 806 1199 843 non

238 868 308 914 esre'
329 859 490 928 scripserat;
514 856 594 924 (quid
618 857 692 910 enim
708 857 762 910 hoc
783 858 913 909 notarum
932 856 1114 925 syllogarium
1133 857 1200 909 atli-

236 927 340 980 nebat?
374 923 934 992 uimoverecumpoterat,uthancipsam
945 925 1198 992 notamponeret?)

237 994 285 1047 sed
304 944 379 1071 qugd
398 992 552 1069 Probus-in
568 990 652 1054 libro,
669 1007 703 1044 ex
720 1006 775 1058 quo
793 1005 889 1066 omnes
904 990 968 1045 illas
985 992 1066 1068 notas
1084 989 1198 1109 ⁰⁰ffissd:
1327 1039 1329 1060 2

236 1061 294 1126 bat,
313 1062 399 1114 etiam
416 1059 487 1112 hanc
505 1059 659 1114 invenerat,
693 1056 720 1108 Is
738 1073 804 1110 vero
823 1055 894 1110 al1us
911 1058 996 1125 atque
1012 1074 1099 1124 ipsius
1115 1057 1153 1110 Pe
1175 1059 1196 1109 ri
1203 1062 1253 1112 ies]
1328 1067 1329 1122 ξ

144 1189 147 1196 ,
237 1128 285 1180 vix
311 1143 369 1181 esse
395 1127 516 1195 poterat.
555 1125 672 1179 Praeter
697 1123 932 1177 celebratissimos
960 1125 1035 1178 enim
1057 1124 1195 1192 quosdam

236 1193 325 1258 lotos,
345 1193 395 1262 qui
412 1195 442 1246 et
458 1193 513 1260 ipsi
530 1191 566 1245 ab
585 1191 646 1244 aliis
664 1189 744 1244 citati
760 1190 887 1258 pluribus
904 1192 1016 1246 tantum
1033 1191 1137 1244 litteris
1149 1206 1199 1244 no·

236 1262 379 1322 tabantur‚
398 1260 477 1314 velut
494 1279 570 1336 capa,
588 1263 654 1321 aab„
665 1277 716 1310 ser.
734 1265 789 1322 sul,
806 1258 931 1325 ipsorum
949 1260 1060 1312 tautum
1077 1258 1107 1310 in
1118 1257 1199 1310 libris

236 1329 365 1383 ICtorum
383 1325 585 1395 principahbus
607 1325 709 1378 litteris
731 1340 834 1378 nomen
857 1339 953 1378 corum
976 1327 1104 1378 notatum
1128 1341 1197 1390 esse,

237 1395 295 1450 sive
313 1411 378 1448 cum
395 1408 529 1461 response
545 1407 563 1444 a
580 1407 609 1446 se
632 1391 699 1444 data
720 1391 871 1458 referrent,
894 1407 929 1445 ex
952 1391 1044 1446 Paulli
1068 1391 1199 1458 exemplo

237 1462 354 1523 constat,
378 1461 436 1512 sive
455 1475 518 1512 cum
540 1458 712 1526 marginibus
734 1475 771 1526 pa
794 1459 901 1512 'narum
924 1459 1023 1512 titulus
1046 1459 1138 1527 operis
1155 1459 1198 1511 in·

237 1527 414 1590 scriberetur,
426 1542 518 1594 perse
531 1525 677 1593 probabile
691 1527 741 1580 est.
793 1543 841 1578 um
855 1527 943 1594 igitur
955 1527 1042 1579 etiam
1055 1541 1089 1579 ex
1103 1527 1198 1579 aetate

238 1594 317 1648 Sexti
327 1593 410 1648 Pedii
421 1592 512 1646 adhuc
523 1593 583 1646 tam
594 1593 710 1658 incerta,
723 1593 756 1645 ut
772 1591 880 1646 Iuliano
898 1594 1010 1646 tantum
1027 1593 1198 1646 anteriorem

237 1678 302 1716 eum
322 1661 408 1714 fuisse
426 1660 567 1721 sciremus,
587 1658 658 1712 nihil
681 1675 780 1712 causae
807 1659 911 1722 obstet,
930 1675 987 1712 non
1005 1659 1112 1724 dubito,
1130 1659 1199 1712 Pro-

236 1729 313 1793 bum,
330 1729 364 1780 ut
381 1744 445 1781 eum
463 1742 574 1795 quoque
593 1741 677 1794 quem
689 1725 756 1790 dixi,
773 1726 891 1780 notandi
903 1741 1010 1780 morem
1027 1726 1197 1788 ostenderet,

236 1797 334 1850 notam
351 1795 429 1848 illam
443 1794 566 1863 posuisse
584 1793 703 1858 eamque
722 1809 787 1846 oum
804 1794 904 1846 ceteris
922 1809 957 1846 ex
974 1793 1052 1846 Sexti
1063 1792 1143 1846 Pedii
1160 1791 1199 1844 ad

238 1863 362 1916 edietum
379 1861 458 1915 libris
475 1861 598 1929 (circiter
634 1859 834 1928 uinquaginta,
857 1861 890 1914 ut
912 1860 1035 1926 videtur)
1054 1860 1197 1922 sumsisse;

236 1945 360 2007 namque
384 1928 470 1982 edicti
491 1943 619 1982 commen
668 1928 724 1980 'um
746 1926 898 1994 pleraeque
921 1929 1032 1980 ceterae
1055 1928 1138 1980 notae
1161 1940 1199 1978 ex

238 1996 323 2050 edict1
335 1996 428 2050 verbis
437 1996 544 2064 petitae
556 1994 679 2064 produnt
697 1996 727 2048 et
738 2010 772 2047 ex
788 1993 948 2048 huiusmodi
963 1993 1042 2048 libris
1058 1993 1200 2048 Pedianus

237 2066 304 2118 tunc
322 2063 406 2133 longe
425 2061 613 2130 amplissimus
631 2062 703 2126 erat,
727 2077 811 2129 quem
829 2062 980 2115 maximam
997 2061 1050 2114 sibi
1066 2062 1199 2114 notarum

237 2131 348 2200 copiam
367 2130 613 2199 suppeditaturum
630 2144 690 2182 esse
707 2127 814 2181 Probus
831 2128 1101 2190 meritoiudicabat.

306 2213 436 2268 Ceterum
448 2213 579 2331 exipuam
596 2213 711 2288 tanturn
719 2212 829 2278 partem
841 2213 901 2264 tam
913 2211 1013 2264 harum
1025 2226 1112 2279 quam
1124 2212 1199 2288 cete-

236 2279 499 2400 isaaritis
509 2296 553 2398 eil
570 2280 748 2411 sidia
763 2280 893 2399 liiii
911 2278 1199 2399 storiatus?

257 2414 359 2490 endas,
371 2386 626 2490 quamistiusfaeuvi
644 2412 736 2488 genio,
745 2413 826 2530 {uod
838 2411 1018 2480 antiquarum
1035 2363 1198 2466 divitiargum

268 2480 331 2534 edio
350 2481 436 2533 etiam
452 2493 526 2547 ipsos
542 2493 610 2530 1urrs
627 2477 753 2554 c1vrl1slr
773 2494 818 2532 ros
835 2480 947 2532 tantum
964 2478 1106 2534 breviatos
1123 2479 1198 2534 ferre

237 2546 335 2614 valuit,
353 2545 535 2600 tribuendum
554 2560 613 2599 esse
632 2545 768 2598 existimo,

304 2746 397 2801 Etiam
408 2745 494 2800 Probi
510 2746 584 2800 hunc
601 2747 732 2798 notarum
749 2746 916 2800 laterculum
927 2748 1044 2802 tertium
1061 2761 1196 2818 recogno-

237 2830 326 2881 scens,
344 2830 380 2868 ne
399 2813 465 2882 quid
482 2814 776 2882 praetermitterem,e
794 2813 889 2868 codice
901 2815 1123 2870 Marconovanae
1141 2814 1198 2883 syl·

236 2882 319 2950 logae
331 2879 467 2935 Bemensi
485 2884 528 2948 (B.
542 2885 595 2947 42),
613 2879 662 2948 qui
679 2879 802 2947 optimus
819 2883 956 2946 censetur,
968 2884 1124 2936 accuratius
1141 2881 1199 2936 col-

237 2949 295 3002 lato
313 2964 354 3014 ea,
374 2964 445 3016 quae
467 2947 501 3000 H.
519 2947 618 3012 Hagen
639 2947 668 2999 in
691 2946 835 3002 anecdotis
857 2947 1010 3003 Helveticis
1031 2949 1199 3017 (Grammat.

237 3014 297 3094 Lat.
317 3031 351 3068 ex
369 3031 424 3070 rec.
442 3013 477 3072 H.
494 3013 580 3068 Keilii
598 3013 746 3133 supplem.)
764 3032 795 3092 p,
810 3013 889 3069 CLII.
906 3015 1068 3084 publicavit,
1086 3017 1200 3086 inspexi

238 3082 359 3151 quidem,
379 3082 429 3136 sed
445 3081 554 3136 nullum
571 3081 630 3134 fere
660 3081 770 3133 ructum
787 3081 852 3133 1nde
870 3082 975 3137 rettuli.

620 3305 821 3316 -.--—..--
