2672 4112
263 203 304 260 10
574 212 600 247 u.
620 211 709 246 rumve
728 209 905 247 amoenamus.

261 347 289 394 et
304 337 434 394 Suetonio
450 335 562 409 allisque
577 335 748 408 credendum,
771 338 817 409 qui
839 337 932 394 decem
954 340 1086 393 mensium
1108 347 1223 414 putaue-

260 429 324 518 runt
347 419 440 562 Irggsa
464 428 494 476 ut
509 427 575 477 tune
588 418 695 475 Albanis
711 428 778 492 erat,
801 420 872 476 unde
895 422 948 477 orti
963 419 1085 480 Romani
1101 453 1141 464 -
1153 422 1221 480 Cen·
1230 439 1278 488 [ιο]

262 520 346 562 serm.
407 545 414 560 .

323 603 351 662 8.
372 603 470 661 Postea
484 606 542 660 siue
557 621 571 659 a
587 604 679 668 Numa,
700 612 732 660 ut
749 605 786 660 ait
800 603 920 668 Fuluius,
943 605 1012 677 siue,
1033 615 1063 662 nt
1084 606 1186 679 Iunius,
1209 624 1223 663 a

262 688 409 762 'larquinIo
425 687 565 744 duodecim
581 688 645 744 lacti
661 697 724 743 sunt
739 703 844 744 menses
860 696 888 743 et
902 687 958 743 dies
970 687 1082 761 CCCLV,
1099 693 1223 764 quamuis

260 771 561 913 limacglgrsoodrqfiirnqguis
576 770 714 828 mensibus
730 771 855 826 CCCLIII!
877 771 934 827 dies
957 771 1081 829 uideatur
1103 775 1221 848 explere.

324 954 465 1015 illarius
493 955 617 1012 Seruium
640 955 756 1012 Tullium
784 972 877 1030 regem
906 957 1022 1030 primum
1050 958 1223 1015 intercalasse

263 1048 463 1096 commemorat.
482 1069 519 1078 —
536 1037 651 1096 lIacrob.
669 1039 724 1096 Sat.
741 1040 770 1110 1,
788 1039 836 1095 13.
853 1039 881 1112 S.
898 1038 947 1097 20.

324 1135 372 1199 10.
394 1139 562 1196 Praefectum
590 1139 650 1198 urbi
670 1139 824 1198 latinarum
852 1155 932 1196 causa
953 1138 1078 1198 relietum
1100 1150 1223 1196 senatum

261 1223 361 1280 habere
380 1239 461 1296 posse
481 1217 586 1280 Iunius¹
608 1233 705 1298 negat,
726 1224 851 1296 quoniam
866 1239 900 1278 ne
915 1231 1025 1279 senator
1047 1223 1154 1298 quidem
1175 1226 1221 1297 sit,

260 1323 349 1381 neque
363 1308 405 1362 ius
420 1305 516 1363 habeat
530 1310 679 1364 sententiae
694 1307 830 1377 dicendae,
853 1323 936 1380 quum
951 1322 983 1364 ex
998 1323 1028 1362 ea
1042 1315 1128 1364 aetate
1143 1324 1223 1381 prae-

262 1391 348 1446 iectus
364 1389 419 1456 liat,
436 1407 504 1463 quae
520 1407 574 1446 non
589 1393 625 1446 sit
639 1392 780 1446 senatorIa.
796 1421 838 1430 -
853 1389 919 1446 Cell.
937 1389 987 1462 14,
1003 1389 1032 1448 8.
1049 1391 1076 1462 S.
1094 1391 1121 1446 1.

325 1487 363 1548 tn
385 1488 492 1546 Publica
512 1489 632 1563 pondera
647 1498 675 1548 et
689 1494 719 1548 io
733 1494 875 1548 memoris
886 1491 1041 1549 obseruata
1056 1499 1133 1548 sunt.
1148 1508 1179 1546 er
1192 1508 1223 1548 ea

261 1590 341 1630 causa
356 1574 445 1629 Iunius
461 1575 488 1629 iu
499 1576 649 1646 plebiscito
664 1581 781 1630 cautum
802 1589 865 1631 esse
883 1577 932 1645 ait,
957 1574 1031 1648 quod
1051 1575 1105 1630 duo
1121 1575 1179 1632 Silii
1193 1574 1221 1632 P.

261 1666 289 1713 et
303 1657 336 1716 II,
355 1657 416 1714 trib.
433 1656 502 1730 pleb.
518 1659 650 1730 negarim,
666 1658 708 1714 bis
724 1657 827 1714 uerbIs:
850 1653 900 1714 ‘lix
914 1658 1080 1731 ponderibus
1096 1659 1221 1732 publicis,

262 1740 360 1814 quibus
374 1741 425 1796 bac
440 1748 600 1814 tempestate
614 1741 732 1815 populns
747 1736 946 1818 oetier’[quI]²
962 1742 1043 1814 solet,
1063 1744 1104 1798 uti
1120 1743 1223 1801 ’coenet

260 1817 414 1900 priuatorJ³
428 1841 459 1880 se
473 1823 536 1880 dolo
552 1821 660 1902 ariolo),
676 1827 716 1882 uti
731 1825 891 1900 quadrantal
906 1827 963 1884 uiui
978 1827 1117 1900 octogiuta
1129 1825 1222 1898 pondo

260 1911 322 1981 siet,
337 1911 451 1983 congius
466 1909 522 1964 uini
538 1907 629 1966 decem
645 1905 756 1984 plaudo)
772 1911 834 1982 siet,
856 1926 903 1966 sex
917 1911 1024 1968 sextarii
1039 1909 1155 1982 congius
1170 1909 1223 1964 siet

260 1995 328 2063 uini,
351 1992 635 2067 duodequinquaglnta
656 1995 755 2052 sextari
777 1993 933 2068 quadrantal
954 1996 1007 2050 siet
1027 1995 1098 2063 trini,
1121 1991 1222 2048 'sexta-

259 2079 315 2133 rius
338 2094 441 2150 aequus
463 2093 550 2150 aequo
573 2094 634 2134 cum
656 2077 768 2134 librario.
786 2070 865 2148 stae*
886 2078 1074 2149 sexdecimque
1089 2070 1221 2134 ‘llbrarii⁶

258 2164 286 2218 in
301 2161 391 2218 modio
406 2162 485 2216 slent.
514 2162 537 2216 sl
558 2163 618 2234 quis
633 2163 806 2232 magistratus
821 2159 947 2214 adversus
962 2160 1012 2214 hac
1026 2155 1108 2236 d(pto)
1125 2153 1221 2234 m(olo)

259 2244 378 2316 pondera
393 2242 554 2316 modiusque
569 2259 687 2316 uasaque
702 2242 808 2315 publiea
826 2233 953 2298 'modica⁶
967 2242 1071 2296 minora
1085 2243 1222 2300 maioraue

258 2327 334 2396 laxit,
355 2328 470 2382 iussitue
484 2324 554 2398 beri,
577 2325 705 2382 dolumue
727 2325 829 2393 adduit,
851 2340 905 2397 quo
929 2321 1055 2398 eobani,
1078 2341 1139 2380 eum
1161 2328 1221 2400 quis

259 2409 334 2466 uolet
362 2411 535 2483 magistratus
561 2408 687 2466 ’multare
713 2403 871 2482 qiuaatam)
900 2402 996 2481 quIet)
1023 2403 1220 2482 p(eeuniam)‚⁷

259 2494 321 2550 dum
343 2495 447 2550 minore
468 2494 539 2566 parti
561 2491 672 2548 familias
695 2499 778 2560 taxat,
801 2491 897 2559 liceto;
923 2494 981 2548 slue
997 2495 1056 2565 quis
1071 2494 1099 2548 in
1114 2509 1220 2550 sacrum

258 2576 374 2634 iudicare
390 2575 517 2647 uoluerit,
534 2573 639 2632 liceto.'
654 2605 697 2618 -
711 2573 786 2638 Fest.
801 2591 828 2633 v.
842 2574 950 2634 Publica
968 2575 1087 2650 pondera
1102 2594 1129 2651 p.
1147 2575 1219 2634 246.
1318 2570 1322 2576 ’

331 2819 351 2890 ¹)
368 2822 406 2886 Cf.
421 2823 494 2886 infra
503 2821 605 2872 Ateium
620 2823 766 2888 Capitonem
774 2834 794 2874 t.
821 2819 842 2890 ²)
852 2823 909 2876 Aa:
922 2824 1010 2886 uulgo?
1019 2823 1059 2891 (go
1069 2824 1193 2888 absorpta
1202 2840 1219 2875 a

258 2891 316 2959 so-).
355 2889 376 2958 ³)
393 2892 467 2942 Nunc
487 2891 537 2958 (ed.
556 2893 588 2960 a.)
609 2896 711 2958 scripsi.
734 2901 878 2958 coaequetur
898 2894 941 2944 Cd.
961 2895 1019 2944 edd.
1058 2892 1079 2961 ⁴)
1094 2895 1153 2944 Hoe
1169 2902 1221 2944 eet:

257 2965 390 3012 sextarius
404 2961 460 3027 (qui
469 2965 571 3027 primus
584 2971 609 3013 et
621 2965 748 3014 monimus
756 2965 873 3015 vandalus
882 2971 920 3014 est
930 2963 1086 3030 lt'qut'dorum
1096 2971 1121 3014 et
1130 2965 1219 3016 arido·

258 3049 314 3082 rum
324 3031 472 3099 eommunis)
481 3035 633 3097 slmpticiter
642 3035 728 3084 dietus
735 3033 796 3101 (aon
807 3033 871 3100 aiot)
884 3037 938 3085 aiae
948 3050 1001 3093 aas,
1016 3050 1065 3098 quo
1075 3037 1220 3084 sextariam

257 3105 313 3152 vini
321 3105 419 3154 aliusne
428 3106 602 3164 remetimur,
612 3120 709 3170 aequus
717 3107 797 3169 spatii
806 3106 879 3156 modo
888 3107 924 3155 eit
933 3121 990 3156 eum
999 3121 1080 3169 aequo
1091 3103 1220 3171 (sextario

258 3175 295 3233 td,
309 3175 377 3238 qoud
390 3177 511 3234 continet,
525 3184 649 3226 accurate
662 3175 798 3258 aequante)
812 3176 932 3234 librario,
947 3177 1000 3226 aiae
1010 3177 1047 3226 ad
1055 3178 1111 3226 vini
1117 3176 1221 3239 madae
1293 3193 1297 3202 ·

258 3252 359 3304 exacto,
374 3260 445 3309 quem
462 3245 557 3296 Graeci
570 3246 727 3312 σταθμικον
741 3249 880 3311 appellant.
907 3244 1068 3309 CfiBoeccht.
1080 3245 1185 3296 Metrol.
1192 3261 1219 3309 p.
1254 3243 1258 3252 '

258 3327 290 3366 18.
306 3326 340 3366 25.
368 3315 985 3380 Addamceenteatiamlaeanasinitloeupplent'.
1019 3313 1041 3382 ὅ)
1056 3316 1222 3366 Exmottert

185 3435 188 3441 ,
258 3389 307 3449 cj.,·
321 3388 436 3452 intellige
446 3387 576 3438 senatorios
586 3386 717 3438 ltbrart'os.
732 3388 806 3437 librae
819 3387 862 3436 Cd.
877 3387 934 3437 edd.
965 3383 986 3452 8)
1001 3387 1018 3436 ἰ.
1034 3402 1055 3436 e.
1070 3387 1107 3436 ad
1119 3385 1220 3436 modum

257 3459 297 3504 oet
310 3457 346 3506 ad
359 3458 509 3506 metiendum
519 3459 686 3521 pertinentia.
721 3455 742 3524 ¹¹)
759 3458 870 3507 Correaei
888 3457 1029 3505 multaretur
1044 3456 1088 3506 cd.
1103 3456 1161 3506 edd.
1180 3456 1217 3518 Cf.

260 3524 337 3576 Orati.
353 3527 437 3576 Iacer.
453 3527 511 3576 Lot.
528 3530 584 3578 eotl.
600 3539 653 3579 mss
668 3549 701 3570 ε
718 3527 743 3577 C.
758 3527 780 3576 I.
796 3528 827 3577 L.
843 3527 865 3576 Ι.
881 3538 930 3588 eoa,
945 3537 977 3578 15.
