2700 4118
267 221 329 286 668
472 238 530 273 uos.
550 238 582 274 cu
599 237 662 273 rou.
681 237 771 274 cuovu
789 237 897 274 corner.
917 218 963 272 VI.
983 226 1006 274 ὁ.

267 386 317 427 nec
328 378 389 425 ante
405 369 547 441 quicquam
563 367 694 424 eiusmodi
710 383 770 423 esse
785 369 972 435 commissum,
998 366 1072 440 quod
1087 375 1160 426 esset
1174 377 1224 425 aut

266 453 408 512 clementia
428 449 636 521 remittendum,
659 458 706 507 aut
720 449 826 524 legibus
846 449 1048 524 corrigendum.
1091 449 1121 508 4.
1146 445 1222 508 'Sed¹

266 536 379 611 posthac
406 535 565 608 religionem
597 537 821 607 sanctitatemque
851 536 878 589 ia
905 533 1029 590 conubiis
1062 535 1221 607 copulandis
1322 605 1324 609 ι

267 620 393 677 uolumus
408 619 441 675 ab
455 633 621 692 unoquoque
636 619 749 688 seruari,
770 627 800 673 ut
815 634 844 672 se
860 617 892 672 ad
908 617 1073 692 disciplinam
1088 619 1221 692 legesque

266 705 398 760 Romanas
414 703 583 758 meminerint
598 703 749 774 pertinere:
772 710 799 756 et
816 717 859 756 eas
878 709 981 757 tantum
1003 703 1090 757 sciant
1112 704 1220 776 nuptias

267 788 364 858 licitas,
386 802 454 860 quae
476 793 539 841 suat
559 785 679 842 Romano
702 787 759 840 iure
781 785 938 857 permissae.
982 782 1009 840 ὅ.
1034 784 1099 841 Cum
1122 785 1221 859 quibus

267 879 356 927 autem
378 871 500 944 personis
517 876 570 924 tam
584 877 779 942 cognatorum,
802 883 880 941 quam
903 884 936 924 en
957 867 1084 924 adfinium
1106 885 1220 927 nurnero

267 956 389 1011 contrairi
404 969 458 1009 nca
473 953 552 1010 liceat
567 953 781 1021 matrimonium,
805 953 857 1007 hoc
872 951 960 1008 edicto
975 961 1072 1008 nostro
1088 954 1220 1026 complexi

266 1054 373 1094 sumus:
395 1053 455 1094 cunr
473 1034 536 1108 filia,
552 1044 641 1108 nepte,
657 1044 800 1108 pronepte,
821 1037 939 1108 itemque
954 1044 1049 1108 matre,
1070 1039 1138 1107 auia,
1157 1053 1294 1110 pro-[sm]

267 1124 339 1179 auia:
363 1130 391 1178 et
405 1137 436 1177 er
452 1120 536 1176 latere
551 1120 630 1174 amita
646 1135 676 1175 ac
691 1127 844 1189 matertera,
868 1113 1026 1194 '(corore),²
1048 1123 1151 1176 sororis
1166 1119 1220 1177 iilia

267 1215 294 1262 et
306 1222 337 1262 es
349 1222 380 1262 ea
392 1213 483 1278 nepte.
511 1203 631 1275 itemque
643 1218 675 1258 cx
688 1200 819 1260 adfinibus
833 1203 969 1276 priuigno,
984 1219 1112 1274 nouerca,
1124 1220 1217 1275 socru,

266 1305 352 1358 nuru,
374 1289 542 1358 ceterisque,
565 1302 634 1358 quae
656 1288 767 1360 antiquo
789 1288 848 1342 iure
868 1285 1062 1360 prohibentur,
1084 1287 1219 1360 aquibus

266 1380 379 1430 cunctos
402 1370 528 1426 uolumus
550 1369 693 1426 abstinere.
738 1365 767 1426 8.
790 1368 859 1426 llihil
875 1371 962 1441 enim,
984 1371 1036 1426 nisi
1053 1381 1174 1428 sanctum
1189 1389 1220 1430 ac

267 1454 418 1512 uenerabile
432 1461 526 1510 nostra
541 1454 599 1509 iura
613 1453 780 1524 custodiunt,
800 1462 828 1510 et
847 1447 907 1510 ’ita³
921 1453 954 1509 ad
969 1462 1069 1510 tantam
1085 1457 1219 1529 magnitu-

265 1541 354 1595 dinem
369 1535 486 1593 Romana
501 1539 625 1594 maiestas
639 1545 798 1593 cunctorum
818 1539 957 1594 numinum
975 1537 1069 1594 iauore
1084 1542 1218 1612 peruenit,

266 1624 391 1697 quoniam
415 1637 507 1677 ornnes
529 1621 604 1694 leges
626 1637 689 1676 suas
710 1619 863 1694 ’religionis
885 1615 1031 1694 sapientia⁴
1052 1624 1218 1696 pudorisque

266 1706 455 1764 obseruatione
469 1705 600 1762 deuianit.
643 1699 669 1764 7.
692 1703 779 1771 Quare
795 1704 848 1761 hoc
862 1705 950 1760 edicto
973 1714 1069 1762 nostro
1093 1706 1218 1763 uolumus

266 1790 389 1847 omnibus
404 1787 576 1864 palamfleri,
591 1787 664 1861 quod
679 1789 889 1860 praeteritorum
905 1791 992 1860 uenia,
1015 1806 1084 1862 quae
1099 1806 1148 1864 per
1162 1791 1217 1847 cle-

265 1875 390 1948 mentiam
412 1883 534 1930 nostram
556 1880 650 1930 contra
674 1871 839 1946 disciplinam
862 1871 971 1928 uidetur
991 1873 1109 1944 indulta,
1132 1874 1164 1930 ad
1187 1891 1217 1932 ea

265 1968 369 2015 tantum
391 1957 487 2014 delicta
509 1958 658 2030 pertineat,
681 1972 748 2030 quae
770 1958 797 2012 irr
820 1956 890 2012 diem
909 1957 950 2012 lll.
968 1956 1022 2012 llal.
1039 1956 1217 2014 ianuariarum

265 2043 352 2100 Tusco
374 2049 402 2098 et
423 2041 538 2098 Anulino
554 2039 629 2096 Coss.
650 2041 778 2096 uidentur
800 2057 859 2096 esse
882 2041 1034 2101 commissa.
1070 2039 1099 2098 8.
1122 2041 1150 2098 st
1166 2059 1218 2115 qua

265 2136 354 2182 autem
381 2135 477 2183 contra
498 2125 609 2180 Romani
631 2126 746 2180 nominis
772 2124 855 2180 decus
882 2126 1104 2198 sanctitatemque
1125 2125 1218 2198 legum

264 2221 327 2284 post
342 2211 527 2282 supradictum
545 2209 615 2264 diem
630 2207 869 2282 deprehenduntur
890 2208 1020 2284 admissa,
1044 2209 1124 2282 digua
1139 2225 1218 2266 seue·

264 2297 343 2350 ritate
359 2295 523 2367 plectentur.
552 2292 607 2348 Nec
618 2294 688 2348 enim
703 2291 783 2347 ullam
799 2293 827 2346 ia
843 2299 897 2347 tam
912 2291 1014 2348 nefario
1029 2293 1132 2349 scelere
1144 2295 1217 2365 quis·

264 2395 343 2450 quam
358 2379 481 2432 aestimet
498 2377 603 2432 ueniam
618 2391 648 2430 se
662 2377 790 2448 consequi
806 2391 897 2448 posse,
916 2377 1000 2450 quiin
1016 2376 1077 2432 'iam
1092 2371 1216 2433 ⁵euidens

264 2462 364 2516 crimen
379 2468 407 2516 et
422 2467 485 2532 post
500 2458 617 2516 edictum
638 2468 760 2515 nostrum
780 2475 835 2514 non
857 2457 987 2516 dubitabit
1002 2462 1120 2520 inruere.
1157 2460 1215 2518 liat.

266 2587 272 2600 .
290 2582 297 2597 .
315 2583 322 2598 .
338 2543 394 2598 llal.
411 2535 515 2611 llaias,⁶
530 2542 640 2598 Damaso
655 2543 743 2598 Tusco
759 2551 785 2598 et
801 2542 916 2598 Anulino
933 2536 1024 2600 Coss.⁷

328 2625 394 2699 llap.
408 2625 438 2682 V.
468 2625 763 2699 Hermogenianus
785 2625 845 2682 sub
867 2627 970 2682 titulo
991 2626 1030 2683 de
1051 2621 1216 2700 nuptiis2⁸

264 2710 348 2784 lmpp.
366 2709 545 2766 Diocletianus
560 2719 588 2766 et
602 2709 775 2766 llarimianus
791 2711 907 2784 Augusti
922 2709 1061 2768 Flauiano.
1097 2711 1153 2782 llis,
1170 2713 1216 2784 qui

263 2796 380 2850 incestas
396 2795 503 2866 nuptias
518 2810 568 2867 per
583 2810 701 2850 errorem
717 2794 893 2864 contrahunt,
916 2810 949 2848 nc
964 2796 1059 2868 poenis
1073 2795 1215 2852 subiicien-

264 2885 317 2948 tur,
335 2880 371 2934 ita
386 2877 493 2934 demum
509 2878 648 2935 clementia
663 2877 813 2952 principum
830 2876 967 2949 subuertit,
988 2879 1010 2933 si
1026 2888 1214 2953 posteaquam

336 3150 356 3218 ¹)
372 3154 453 3202 sedet
468 3153 530 3204 Odd.
545 3153 602 3202 edd.
630 3151 737 3217 Sipmrm
751 3153 774 3214 ᾖ.
789 3163 810 3203 4.
829 3153 927 3202 rectius
945 3159 1004 3202 onte
1018 3152 1048 3202 Et
1066 3158 1216 3217 optassemus

260 3225 371 3288 positum
382 3225 461 3287 soret.
510 3219 531 3288 ²)
546 3220 846 3286 Eoeluet.C.suppl.Bt.
893 3219 915 3288 ³)
930 3222 1092 3272 Molimideo.
1140 3220 1217 3286 ⁴)Ec

264 3295 350 3346 Ouiae.
371 3297 403 3357 qi.
418 3295 442 3343 lt.
458 3310 479 3342 e.
499 3309 534 3342 ecc
552 3300 622 3343 recte
640 3295 745 3358 coquito
763 3294 896 3357 reliqicne.
930 3294 1044 3354 religione
1064 3294 1164 3356 sapienti
1183 3292 1215 3342 B.

267 3365 307 3414 Vi.
323 3367 361 3414 ed.
378 3364 418 3413 Bt.
433 3365 561 3426 religiones
576 3365 678 3426 sapienti
697 3363 742 3412 Ve.
808 3361 829 3427 ⁶)
844 3363 911 3413 Ante
925 3365 991 3412 enim
1006 3365 1103 3414 crimen
1118 3365 1146 3412 id
1160 3378 1216 3413 esce

262 3434 432 3499 ipnorabotur
449 3436 473 3496 ξ.
488 3445 508 3484 8.
528 3441 576 3482 tam
597 3434 658 3482 cdd.
678 3433 736 3482 edd.
811 3431 831 3498 ⁰)
850 3433 907 3497 Sic,
927 3447 978 3484 noa
998 3433 1065 3492 ilaii,
1088 3435 1163 3483 etiam
1181 3432 1214 3482 B.

263 3505 399 3554 Numerum
413 3505 467 3554 diei
480 3511 539 3553 onte
553 3504 601 3553 ltus
610 3503 744 3554 Kalendas
758 3505 888 3554 excidisse
898 3507 987 3568 polam
1001 3513 1047 3554 eat.
1095 3501 1153 3569 7)α.
1165 3513 1214 3555 ²95.

263 3571 283 3639 ⁸)
298 3574 440 3624 Hoeneliuc
454 3581 552 3623 tantum
565 3576 593 3623 in
609 3573 685 3640 Grep.
703 3575 728 3624 G.
739 3590 767 3638 p.
782 3587 816 3626 tto⁴
831 3575 899 3625 donc
913 3582 993 3626 const.
1009 3576 1105 3624 retulit.
