2680 4112
450 277 486 312 nu
503 277 615 314 usumve
633 278 712 314 umus
724 279 766 314 111.
1047 269 1087 327 75

123 403 246 479 publicae
262 402 410 478 gessimus,
426 411 526 459 utnon
543 401 667 459 omuibus
678 411 773 478 gratus
785 413 868 474 esset,
902 405 947 460 tsi
959 419 1009 460 nos
1021 404 1089 460 mul·

124 487 248 544 titudinis
270 487 387 543 iurantis
410 485 573 542 inflammata
593 487 696 542 inuidia
719 486 870 560 pepulisset
903 487 1088 560 rlbunleiaquo
1180 503 1182 510 ·

123 573 163 627 uis
178 571 207 626 iu
223 586 268 626 mo
283 569 427 644 populum,
442 572 512 626 sicut
527 569 662 626 Gracchus
678 571 705 625 in
721 569 874 643 Laenatem,
886 569 1049 627 Saturninus
1061 571 1088 626 lu

123 653 272 723 listellam,
287 654 438 723 incitasset,
454 653 595 724 ferremus,
614 669 630 708 ο
648 653 746 720 Quinte
762 653 853 724 irater,
870 654 1088 710 consolarentur·

123 753 177 812 que
195 753 248 793 uos
270 753 327 793 nou
347 744 403 793 tam
423 735 596 810 philosophi,
617 737 663 809 qui
684 737 796 792 Athenis
812 737 934 810 luerunt,
950 729 1087 810 quamuis¹

123 822 179 878 hoc
199 821 289 877 lacere
310 819 426 890 debent,
447 835 527 894 qnam
548 819 688 876 clarissimi
710 821 775 891 uiri,
795 821 842 894 qul
860 819 907 876 illa
928 821 996 876 urbe
1016 819 1089 894 pulsi

122 919 216 961 carere
242 905 350 978 ingrata
377 905 488 960 ciuitate
513 918 596 976 quam
622 918 731 959 manere
761 901 901 976 inprobam
924 903 1087 964 maluerunt.

123 988 283 1060 Pompeium
302 1003 370 1043 uero
386 985 460 1060 quod
475 1001 527 1042 una
542 987 594 1042 ista
608 987 636 1042 in
650 1002 682 1042 re
696 1001 752 1042 non
766 987 804 1042 ita
820 985 898 1042 ualde
916 987 1027 1060 probas,
1043 988 1089 1042 uix

125 1073 191 1128 satia
207 1071 273 1127 mihi
294 1069 362 1126 illud
382 1069 484 1126 uideris
504 1069 660 1140 attendere,
681 1085 737 1125 non
756 1069 846 1126 solum
868 1070 911 1142 al,
932 1070 996 1143 quid
1017 1078 1089 1126 esset

124 1156 272 1228 optimum,
288 1153 434 1209 uidendum
449 1153 543 1226 luisse,
560 1153 608 1209 sed
618 1154 699 1209 etiam
715 1152 781 1226 quid
792 1154 990 1210 necessarium:
1005 1153 1090 1209 sensit

125 1239 214 1310 enim,
235 1235 327 1293 deberi
340 1253 396 1292 uon
411 1251 493 1310 posse
507 1237 570 1293 huie
584 1237 688 1292 ciuitati
701 1235 774 1291 illam
789 1242 972 1310 potestatem3
989 1237 1090 1311 quippo

124 1337 207 1394 quiam
223 1327 299 1376 tauto
314 1335 396 1394 opere
411 1320 530 1396 populus
545 1328 640 1376 noster
654 1322 776 1394 ignotam
790 1321 947 1393 expetisset,
965 1321 1011 1394 qui
1026 1336 1090 1393 pos·

125 1411 172 1461 set
186 1417 280 1460 carere
293 1405 418 1478 cognita?
434 1405 563 1477 sapientis
579 1411 669 1459 autem
684 1399 752 1458 oluis
769 1402 820 1460 luit
835 1417 943 1460 oausam
960 1419 1013 1460 neo
1026 1419 1089 1477 per·

126 1488 261 1544 niciosam
282 1494 308 1542 et
325 1489 360 1543 ita
381 1487 555 1562 popularem,
577 1495 608 1542 ut
622 1503 677 1542 uon
692 1471 787 1560 poss‘et
801 1485 915 1559 obsisti,
934 1487 1089 1561 pernicioso

124 1569 256 1646 populari
269 1571 320 1626 oiui
334 1587 389 1627 uon
404 1571 567 1643 relinquere.
593 1569 650 1626 Sois
663 1570 761 1641 solere,
777 1570 869 1634 irater,
883 1572 912 1626 in
925 1571 1004 1626 huius
1016 1570 1090 1626 modi

22 1663 24 1674 ¹
123 1669 263 1726 sermone,
284 1663 315 1710 ut
331 1656 440 1710 transiri
456 1653 507 1710 alio
523 1654 620 1728 possit,
643 1653 694 1710 diol
715 1651 885 1710 ‘admodum'
901 1662 948 1710 aut
962 1652 1089 1728 ‘prorsus

123 1740 165 1794 ita
178 1738 244 1793 est’.

187 1820 223 1888 Q.
246 1819 323 1876 Haud
344 1819 469 1893 equidem
490 1820 637 1892 adsentior,
660 1828 692 1876 tu
713 1829 804 1877 tamen
825 1820 859 1876 ad
873 1820 978 1892 reliqua
992 1835 1089 1894 pergas

122 1905 218 1962 uelim.

189 1987 231 2044 M.
253 1987 416 2044 Perseueras
434 1995 467 2042 tu
487 1987 596 2062 quidem
616 1996 644 2044 et
663 1987 692 2042 in
711 1993 758 2042 tua
773 1994 866 2042 uetere
881 1985 1016 2040 sententia
1030 1999 1090 2058 per-

126 2087 232 2128 manes.

190 2155 225 2222 Q.
247 2148 338 2210 Nunc²
353 2171 397 2210 me
412 2155 533 2212 hercule.

188 2241 223 2294 A.
246 2239 305 2312 Ego
320 2253 386 2294 sane
400 2251 414 2292 a
431 2236 531 2304 Quinto
541 2245 638 2294 nostro
651 2235 793 2307 dissentio,
805 2235 852 2292 sed
865 2251 895 2292 ea
907 2249 976 2310 quae
987 2241 1091 2292 restant

124 2322 276 2378 audiamus.

189 2405 244 2461 Xll.
266 2400 314 2464 2⁷.
335 2403 375 2462 M.
398 2403 529 2478 lleinoeps
543 2405 628 2478 igitur
643 2403 766 2460 omnilms
782 2402 984 2477 magistratibus
1001 2405 1090 2477 auspi·

123 2491 170 2546 eia
183 2495 213 2545 et
224 2489 323 2545 iudieia
337 2488 447 2560 dautur,
461 2488 570 2559 iudicia,
586 2495 617 2543 ut
628 2496 700 2544 esset
711 2487 805 2562 populi
817 2495 949 2561 potestas,
965 2485 1091 2559 adquam

124 2581 335 2648 proponeretur,
350 2573 480 2646 auspicia,
497 2579 527 2627 ut
538 2571 640 2628 multos
650 2571 760 2628 inutiles
772 2572 927 2628 comitiatus
936 2569 1090 2644 probabiles

122 2655 280 2730 inpedirent
295 2671 401 2724 moram
416 2670 499 2728 saepe
514 2656 584 2711 enim
599 2654 695 2728 populi
708 2657 839 2728 impetum
854 2655 985 2710 iniustum
1000 2654 1090 2727 auspi-

124 2741 175 2798 oiis
191 2739 219 2795 di
233 2739 402 2796 immortales
417 2746 616 2812 represserunt.
640 2754 672 2794 ox
683 2739 716 2794 ils
728 2746 827 2806 autem,
844 2737 890 2810 qui
903 2738 1090 2811 magistratum

121 2832 268 2898 oeperunt,
285 2823 358 2896 quod
373 2831 483 2880 senatus
498 2821 625 2894 efficitur,
647 2821 778 2896 populare
793 2815 850 2876 ost³
866 2837 940 2892 sano,
957 2823 1091 2876 neminem

123 2908 153 2964 in
168 2921 306 2963 summum
320 2907 411 2963 looum
422 2908 472 2962 uisi
483 2922 532 2980 por
542 2905 673 2980 populum
684 2907 779 2961 uenire
796 2902 902 2960 sublata
916 2905 1090 2977 cooptatione

123 2992 262 3048 sensoria.
290 2989 339 3046 sed
353 2997 463 3064 praesto
479 2999 522 3046 est
538 2990 618 3046 huius
634 2991 683 3044 uiti
699 2990 871 3062 temperatio,
893 2988 966 3062 quod
981 2996 1090 3044 senatus

123 3074 188 3150 lege
210 3081 306 3131 nostra
326 3071 503 3130 ooufirmatur
522 3074 684 3141 auctoritem
705 3068 753 3130 28.
769 3073 894 3145 sequitur
908 3073 993 3128 euim:
1015 3073 1090 3128 eius

122 3158 272 3215 decreta
290 3165 365 3212 rata
382 3165 496 3214 sunto.
534 3171 596 3212 nam
611 3158 648 3212 lta
665 3172 694 3212 sa
709 3171 752 3212 ros
768 3155 858 3228 habet,
880 3163 921 3226 ut,
943 3158 966 3212 si
980 3163 1091 3212 sanatus

122 3241 254 3298 domiuus
276 3241 312 3296 sit
333 3239 435 3315 publici
455 3241 571 3304 consilii,
594 3239 722 3314 quodque
742 3241 767 3296 is
788 3240 923 3312 creuerit,
946 3239 1092 3296 defendant

200 3446 221 3513 ¹)
236 3447 278 3512 qui
287 3443 343 3496 AB
354 3445 413 3496 edd.
444 3441 466 3512 ²)
475 3445 531 3495 ΑΒ
543 3445 600 3496 edd.
611 3445 661 3494 Nec
675 3461 710 3495 em
719 3420 851 3511 Modoiyii
864 3447 897 3508 ej.
913 3415 956 3492 edi
965 3443 995 3492 V.
1006 3443 1091 3492 omnin

123 3519 191 3569 liaeo
200 3519 260 3568 Neo.
335 3517 458 3566 audiamus
469 3517 556 3568 Attico
571 3516 723 3567 attribuens.
753 3512 831 3582 ⁸)Ecc
842 3512 954 3566 torneia·
967 3513 999 3574 ej.
1015 3526 1091 3575 popu·

123 3589 200 3640 larem
216 3587 399 3654 ABpopularo
413 3587 494 3638 eth.
522 3613 524 3618 .
779 3611 781 3616 -
927 3567 937 3621 l
