2680 4112
237 219 300 280 130
567 228 595 265 rr.
614 227 744 264 rmnurvs
762 226 868 264 rnosvs.

235 347 379 403 Valeriani
388 346 515 415 opusculi
527 346 641 414 eiusque
653 345 713 400 fata
724 345 827 400 rectius
835 344 1030 414 intelligantur
1042 345 1073 400 et
1083 347 1196 400 nostrae

236 413 455 534 tesiitiotnisdratio
473 412 616 480 reddatur,
636 415 666 466 et
683 412 752 466 mihi
764 411 816 466 hac
834 412 869 466 de
887 428 917 466 re
936 411 1019 466 video
1031 427 1123 480 pauca
1135 429 1196 468 esse

256 499 278 534 rs
298 500 316 534 u
331 497 365 534 an
388 497 411 533 s.

278 499 343 602 pDe
361 547 435 601 uotis
448 547 571 612 antiquis
584 545 696 600 omnino
709 545 832 598 Probum
845 561 878 599 eo
890 545 1067 613 potissimum
1080 546 1196 600 oonsilio

235 615 337 684 egisse,
354 616 387 667 ut
404 615 531 668 veterum
549 613 683 666 librorum
703 611 874 680 exemplaria
891 612 977 666 etiam
996 613 1031 666 ab
1049 613 1103 666 hac
1113 615 1196 682 parte

234 684 311 736 recte
329 682 489 750 legerentur
507 681 536 734 et
552 679 812 742 transcriberentur,
831 679 984 734 seeundum
1007 695 1049 744 ea,
1070 697 1141 747 quae
1161 697 1197 734 ex

236 749 370 804 Suetonio
382 747 536 812 retulimus,
547 746 675 800 dubitare
693 762 746 800 nou
760 747 834 802 licet.
859 745 947 810 Quem
960 746 1087 800 ordinem
1100 748 1196 800 autern

233 817 264 869 in
290 815 444 869 referendis
466 813 540 868 notis
567 815 739 882 sequeretur,
766 814 827 881 ipse
850 813 1017 866 indicavisse
1040 813 1197 868 credendus

236 884 278 936 est
295 882 388 936 verbis
404 881 473 934 illis:
503 883 575 944 Quod
591 887 617 934 in
636 885 842 948 praenominibus
865 884 961 948 iepibus
982 884 1090 947 publicis
1110 887 1196 947 ponti·

231 957 355 1018 ficumque
379 955 539 1002 monumentis
563 958 587 1001 et
608 953 635 1002 in
656 954 719 1000 iuris
742 953 823 1001 ciuilis
840 951 917 1008 ¹libris
939 952 1080 1002 etiamnunc
1102 959 1194 1002 munet.

192 1067 197 1078 ,
234 1017 266 1070 In
278 1017 313 1070 iis
330 1017 427 1070 tumen
438 1031 536 1069 vocem
548 1019 642 1083 teptbus
654 1032 735 1068 suurn
748 1014 842 1068 locum
854 1015 909 1068 iam
928 1029 985 1068 nou
1003 1015 1110 1080 tenere,
1124 1014 1196 1068 mul-

235 1083 272 1138 tis
285 1083 457 1152 argumentis
490 1098 631 1136 ersuasum
648 1081 717 1134 mihi
730 1081 779 1134 est.
807 1081 880 1134 Nam
899 1081 928 1134 et
944 1081 1022 1148 leges
1034 1081 1080 1134 hio
1091 1081 1196 1150 frigide

234 1151 364 1219 publicae
382 1100 560 1218 appelibutur
578 1151 607 1202 et
628 1147 873 1216 cum'pontifieum
891 1149 1078 1202 monumentis
1095 1164 1196 1216 parum

233 1219 301 1294 apte
314 1217 518 1286 componuntur
531 1217 560 1269 ot
572 1232 589 1269 a
599 1216 659 1268 iure
678 1215 755 1268 civili
765 1230 914 1283 perperam
926 1215 1124 1285 seiunguntur:
1142 1231 1196 1268 nee

235 1301 274 1338 sre
292 1284 362 1338 haec
378 1284 549 1351 respondent
567 1284 593 1336 ei
605 1283 704 1346 ordini,
724 1297 780 1348 quo
792 1283 892 1349 postea
908 1283 992 1335 notae
1004 1283 1195 1336 recensentur.
1202 1288 1254 1337 [64]

234 1351 277 1406 Ne
295 1351 393 1413 mults,
411 1349 585 1402 restituenda
601 1349 652 1402 illa
668 1365 721 1402 vox
735 1350 779 1402 est
796 1350 860 1402 ante
875 1355 938 1402 iuris
956 1355 1046 1414 uiuitis,
1083 1364 1119 1402 uo
1131 1349 1194 1402 loco
1337 1357 1338 1362 ’

236 1434 298 1472 eum
318 1417 452 1470 excidisse
475 1416 561 1470 etium
584 1415 656 1468 illud
673 1414 776 1468 iudicio
795 1417 849 1482 est,
874 1415 949 1482 quod
970 1416 1000 1470 in
1024 1416 1073 1484 qui
1094 1415 1195 1469 usdam

235 1483 315 1538 codd.
328 1483 432 1554 legitur
443 1489 554 1550 iurisque
571 1486 660 1546 ciuilis,
680 1482 786 1534 omissis
804 1481 905 1548 verbis,
920 1497 992 1550 quae
1031 1482 1194 1554 raeceduut,

235 1562 260 1604 et
277 1557 311 1610 iu,
330 1551 360 1603 iu
377 1549 447 1614 aliis,
464 1550 580 1602 retentis
598 1549 654 1613 his,
677 1549 809 1602 omissum
833 1551 876 1602 est
893 1569 953 1617 qum
978 1565 1017 1602 sor
1031 1549 1086 1603 'eet
1103 1549 1195 1602 diver·

236 1617 341 1670 simodo
358 1616 465 1668 librarii
483 1617 583 1669 smisso
600 1616 627 1673 h.
643 1615 661 1672 l.
680 1616 766 1669 verbo
785 1619 879 1680 tepidus
897 1631 1054 1669 sermonem
1071 1615 1196 1669 redinte-

235 1701 315 1752 grare
327 1683 421 1737 eonati
432 1683 503 1736 sunt.
533 1682 578 1736 Ad
589 1699 650 1736 rem
666 1699 733 1736 vero
751 1683 936 1737 conferendus
954 1685 997 1736 est
1007 1682 1084 1737 loeus
1097 1682 1194 1736 Manil.

236 1753 301 1804 asir.
323 1756 347 1816 4,
366 1755 422 1804 209.
457 1754 510 1803 Hic
534 1756 608 1803 etium
626 1757 704 1817 ispum
722 1754 821 1803 tubulus
838 1759 863 1802 et
880 1755 985 1804 condita
1001 1756 1060 1804 iura
1077 1755 1194 1813 Noverit,

235 1837 299 1886 curre
317 1823 383 1872 notis
401 1821 495 1870 leuibus
511 1823 649 1884 pendentia
666 1821 752 1870 uerba.
787 1816 846 1870 Iam
863 1816 886 1869 si
903 1816 1023 1885 legimus
1040 1825 1065 1870 iu
1082 1836 1196 1883 praeno·

234 1889 347 1951 minibus,
361 1888 467 1952 publicis
484 1891 676 1954 pontificumque
693 1888 862 1947 monumentis,
882 1895 909 1936 et
925 1891 951 1936 iu
970 1887 1064 1952 tepibus
1081 1889 1196 1952 iurisque

235 1958 317 2008 ciuilis
330 1955 409 2016 tibris,
422 1951 565 2020 aptissime
573 1952 604 2004 in
613 1951 718 2020 duplex
727 1967 815 2020 genus
823 1951 907 2004 notas
917 1950 1094 2004 dividuntur:
1105 1967 1196 2004 unum

236 2035 340 2084 earum,
359 2035 432 2088 quae
450 2019 601 2087 specialem
620 2035 730 2072 eausam
753 2033 810 2072 non
827 2017 946 2084 habent,
971 2018 1021 2071 sed
1044 2017 1195 2072 universae

235 2085 357 2141 civitatis
374 2087 451 2151 sunt,
473 2087 576 2154 partim
597 2087 626 2140 in
649 2084 761 2138 familiis
782 2086 831 2151 (=
847 2086 1067 2154 praenominibus)
1089 2085 1196 2154 partim

234 2153 264 2208 in
281 2153 387 2224 populo
405 2156 453 2218 (ε
471 2154 595 2220 publicis)
608 2153 712 2221 partim
729 2152 757 2204 in
771 2151 824 2204 diis
836 2153 884 2218 (=
898 2157 1042 2218 pontificum
1062 2172 1092 2205 ue
1110 2171 1197 2206 monu-

234 2221 351 2287 mentis)¹
369 2220 479 2288 positae
492 2219 577 2285 (unde
588 2220 631 2272 ius
643 2219 828 2287 tripertitum:
841 2219 992 2286 privatum,
1005 2172 1152 2286 publicum
1164 2219 1198 2271 et

235 2288 366 2354 sacrum),
385 2286 505 2340 alterum
523 2301 627 2350 earum,
646 2301 718 2352 quae
736 2301 770 2338 ex
788 2287 849 2338 arte
861 2286 951 2354 magis
967 2285 1112 2362 profectas
1130 2287 1198 2340 sunt

233 2352 282 2420 (of.
306 2353 361 2406 Cic.
384 2367 436 2421 pro
458 2351 528 2411 Mur,
553 2358 603 2412 12.)
625 2367 737 2417 unoque
758 2352 871 2406 nomine
897 2351 1032 2406 iuridrcse
1055 2351 1198 2421 appellari

256 2419 362 2472 ossunt.
396 2418 433 2470 Et
443 2419 508 2471 huie
521 2417 652 2471 divisioni
669 2419 729 2487 ipse
741 2419 876 2472 tractatus
888 2418 1038 2472 bellissime
1051 2419 1195 2474 convenit.

234 2437 361 2540 primum
391 2484 465 2538 enim
489 2490 512 2548 ἕ.
531 2491 555 2538 2.
580 2484 739 2538 referuntur
762 2486 859 2551 notae,
887 2501 959 2552 quae
981 2491 1007 2539 t'u
1033 2492 1199 2540 monumentis

234 2556 341 2618 publicis
363 2561 388 2604 et
410 2556 571 2605 historiarum
593 2555 666 2604 tibris
687 2558 819 2620 onerisque
840 2556 947 2619 publicis
969 2559 1141 2620 reperiuntur,
1164 2553 1197 2606 in

235 2618 337 2686 quibus
348 2622 553 2686 praenominibus
563 2619 669 2672 notatis
679 2619 786 2686 primus
797 2619 874 2672 locus
887 2619 983 2685 datum
1001 2622 1034 2673 ut
1045 2636 1063 2672 a
1082 2621 1196 2688 pareat,

235 2686 347 2739 tautum
363 2684 512 2762 brevitatis
529 2684 623 2762 studio
634 2684 849 2753 praenominum
866 2686 896 2740 in
907 2686 989 2740 huius
1006 2637 1095 2754 purge
1112 2702 1197 2754 prae-

235 2752 343 2806 fatione
361 2753 492 2806 iteratam
514 2754 684 2806 mentionem
707 2751 811 2806 factam
832 2768 888 2806 non
906 2769 975 2811 esse.
1011 2753 1198 2808 Adulterum

235 2833 324 2938 genus
343 2820 478 2896 spectant.
489 2824 528 2896 ii:
546 2819 695 2938 iffibaeita
711 2821 744 2871 ut
760 2819 876 2939 inssatb.
894 2821 983 2940 verb?1
997 2827 1105 2941 'inliure
1128 2825 1201 2940 cliniis·

235 2900 673 3020 ,distribuistis
687 2901 1200 3038 &tribunatibus‘insitii

235 3073 436 3082 --—--—-——

307 3127 327 3196 1)
348 3132 408 3180 Sane
427 3132 494 3193 longe
514 3132 582 3180 aliter
595 3132 654 3180 hsce
674 3132 841 3194 iruerpreumr
854 3133 1002 3196 Momseuus,
1022 3135 1101 3197 quiin
1120 3134 1198 3183 alters

235 3201 304 3252 Probi
319 3202 422 3250 editione
437 3203 507 3250 huius
520 3210 615 3251 nostrae
626 3203 741 3250 rationem
752 3216 798 3249 uon
813 3203 902 3252 hebuit.
931 3203 979 3252 Sed
993 3204 1095 3253 Probum
1107 3206 1199 3268 ponti-

231 3274 308 3336 ficum
321 3279 480 3322 nmnumeuta
489 3279 659 3322 memorantem
673 3287 720 3320 nou
734 3286 812 3320 socru
822 3271 930 3335 publiea
940 3272 976 3338 (ut
985 3281 1069 3337 postea
1080 3289 1106 3324 so
1117 3275 1199 3338 ipsum

234 3341 422 3408 interpretatur),
437 3343 480 3392 sed
499 3343 558 3404 logis
573 3343 679 3392 ustiones
701 3342 852 3403 intellexisse,
868 3357 926 3405 quas
945 3350 1001 3392 tuuc
1020 3359 1092 3393 uerno
1106 3345 1154 3392 nisi
1169 3359 1200 3393 ex

234 3413 301 3462 libris
312 3414 371 3462 iuris
382 3414 458 3462 civilis
468 3414 572 3476 petebat,
581 3414 657 3476 iisque
669 3411 727 3460 adeo
738 3411 797 3459 iuris
809 3411 885 3460 civilis
896 3413 969 3461 libros
980 3414 1026 3462 hoe
1037 3415 1108 3462 modo
1120 3429 1200 3477 oppo-

233 3483 319 3544 suisse,
335 3498 388 3532 eum
402 3490 486 3548 postea
501 3483 560 3546 legis
573 3484 692 3534 actionum
704 3489 772 3530 noiss
783 3481 812 3530 ud
820 3482 857 3530 ius
868 3482 936 3530 civile
948 3485 1045 3547 reiensi,
1056 3485 1080 3534 in
1091 3485 1200 3534 animum

233 3568 279 3602 non
294 3553 388 3603 induco.
