2680 4118
439 207 538 244 saecu.
558 207 611 243 ivs.
632 207 691 241 sois.
711 204 797 242 varic.
1031 189 1090 257 717

139 333 245 399 ubique
268 331 334 384 satis
357 328 495 383 rationem
516 327 684 380 habueruut.
720 325 777 378 Nos
799 324 864 378 huic
889 326 965 393 parti
986 327 1093 379 tautam

141 415 256 468 operam
272 397 445 456 navavimus,
465 394 538 448 utin
550 394 593 446 his
606 393 720 460 quidem
738 393 848 460 paginis
863 393 956 446 nullus
974 393 1094 460 amplius

140 467 233 520 hiatus
245 466 369 518 mentem
380 463 426 516 vel
439 462 532 515 oculos
545 460 676 516 offendat.
706 457 761 511 Sed
779 461 808 511 et
826 458 860 511 dc
879 460 978 513 ceteris
996 460 1094 528 despe-

140 533 261 585 randum
277 546 334 584 uon
352 545 410 584 esse
429 529 569 592 arbitrati,
589 525 745 588 effecimus,
763 527 795 578 ut
813 542 875 577 cum
892 531 930 589 ἐξ.
949 527 1095 595 sexaginta

142 603 205 653 octo
218 600 311 652 essent
329 597 363 664 (si
381 597 456 649 recte
474 593 641 661 numeravi),
660 608 732 660 quas
744 593 852 646 bessem
868 594 1020 660 scripturae
1033 609 1094 661 per·

143 666 283 730 dideraut,
301 666 411 718 tantum
423 661 552 716 undecim
564 675 681 712 mancae
692 659 807 712 relictae
822 659 886 723 sint,
905 676 977 736 quae
990 660 1094 714 doctio-

143 733 180 785 ris
191 732 238 785 vel
250 731 443 798 ingeniosioris
461 743 542 797 opem
562 727 733 795 exspectent
764 725 895 778 Ceterum
907 743 934 778 iii
948 727 1096 780 aestiman-

144 799 187 851 dis
208 797 367 851 huiusmodi
393 795 594 864 supplementis
616 794 649 845 ut
672 809 717 855 ea,
743 808 815 860 quas
839 793 868 844 in
890 793 976 846 totius
1004 794 1096 862 operis

143 863 317 934 praefatione
340 863 409 927 dixi,
433 862 526 915 animo
549 859 667 923 recolas,
689 859 792 912 iterum
813 859 951 913 monitum
973 862 1002 914 te
1023 861 1095 914 volo.

143 932 386 1000 Peragraphorum
404 943 534 983 numeros
552 942 608 980 non
625 926 740 1002 mutari,
758 925 826 979 licet
843 927 980 1004 quaedam
998 943 1015 980 a
1036 930 1096 981 erto

144 1015 236 1054 errore
262 999 317 1064 ita,
346 999 378 1050 ut
403 1012 476 1050 nunc
503 994 631 1057 eduntur,
659 992 807 1045 distinctae
833 995 896 1046 snit.
939 945 1096 1062 Ampfiores

142 1067 237 1120 autem
256 1070 295 1130 §t-
313 1066 346 1118 ut
362 1063 471 1117 facilius
489 1061 570 1114 citari
586 1061 713 1137 possent,
732 1059 761 1112 in
779 1062 874 1127 partes
892 1061 1020 1114 distribui
1038 1077 1096 1114 eas-

142 1149 198 1202 que
220 1132 342 1185 numeris
364 1129 473 1183 uncinis
494 1128 607 1180 inclusis
628 1127 769 1194 insignivi.
789 1128 828 1161 **
863 1127 938 1181 Haec
961 1127 1097 1182 asteriscis

143 1201 242 1254 notata
257 1197 391 1266 perfecta,
409 1197 441 1248 ut
452 1195 595 1263 putabam,
615 1209 679 1247 mea
691 1193 813 1246 editione
824 1194 866 1247 ita
878 1194 1096 1263 disputaveram,

144 1283 207 1320 cum
225 1264 360 1318 uovaTh.
373 1263 538 1317 Mommseni
555 1259 641 1314 editio
660 1259 782 1324 affertur,
802 1261 847 1314 cui
865 1261 1028 1340 inscriptum
1041 1264 1095 1316 est:

146 1331 265 1386 ‘Codicis
282 1330 412 1384 Vaticani
429 1345 455 1382 n.
474 1334 548 1382 6766.
565 1328 595 1379 in
613 1343 668 1394 quo
685 1329 780 1382 insunt
802 1327 869 1380 iuris
887 1329 1096 1384 anterustiniani

145 1401 303 1476 fragmenta
321 1412 393 1466 quae
416 1395 546 1448 dicuntur
563 1393 701 1448 Vaticana
724 1395 883 1462 exemplum
907 1396 1004 1449 addita
1022 1399 1097 1450 tran-

145 1465 295 1534 scriptione
318 1464 446 1540 notisque
469 1460 573 1515 criticis
591 1461 634 1514 ed.
652 1461 702 1512 Th.
721 1461 884 1519 Mommsen.
903 1462 992 1517 Berol.
1013 1470 1096 1521 1860)

145 1533 207 1597 Qua
228 1531 350 1586 editione
374 1534 460 1584 ctiam
482 1529 545 1598 plus
572 1543 656 1596 quain
678 1528 754 1581 docti
776 1529 830 1580 viri
855 1529 1013 1584 desiderare
1035 1531 1096 1584 ausi
1160 1569 1162 1574 .

146 1601 234 1664 eraut,
252 1599 419 1667 praestitum
432 1600 481 1652 est.
511 1597 570 1650 lam
589 1595 664 1649 enim
681 1596 767 1649 habes
781 1593 909 1649 Vaticani
922 1597 1025 1650 codicis
1043 1615 1098 1652 non

145 1667 229 1734 inodo
246 1668 377 1721 iteratam
390 1663 576 1728 collationem,
595 1679 678 1730 quam
692 1663 804 1729 vocarit,
824 1662 873 1714 sed
886 1665 918 1715 ut
929 1663 1029 1716 titulus
1042 1680 1098 1716 non

146 1733 266 1788 mendax
287 1732 446 1802 praedicat,
470 1728 629 1798 exemplum
653 1730 682 1781 et
699 1744 789 1796 paene
812 1728 990 1781 simulacrum
1013 1729 1098 1796 idque

145 1801 310 1855 Mommseni
323 1799 437 1853 consilio
451 1800 480 1850 et
492 1797 628 1849 arbitratu
641 1797 670 1846 et
681 1794 837 1848 Detlefseni
855 1795 1002 1848 scitissime
1014 1811 1099 1862 opera

146 1868 352 1922 accuratissime
370 1866 488 1918 factum:
508 1863 553 1914 cui
566 1861 675 1913 accedit
691 1876 764 1914 nova
780 1861 874 1914 textus
892 1861 1015 1915 recensio
1029 1862 1099 1915 mul·

145 1937 182 1987 tis
200 1933 442 1987 emendationibus
460 1931 489 1982 et
507 1927 708 2002 supplementis
726 1926 883 1994 conspicua,
903 1930 933 1982 et
950 1928 984 1981 de
1002 1929 1098 1984 codice

147 2002 177 2053 et
198 2001 259 2066 ipsa
282 1998 391 2065 sylloge
411 1994 546 2048 Vaticana
567 1993 676 2046 subtilis
700 1993 870 2060 disquisitio,
894 1994 972 2049 cuius
994 1995 1023 2048 in
1046 1995 1099 2050 hac

146 2059 1029 2186 {iliiusgiustificataubstantiae
1046 2062 1099 2183 la

148 2201 281 2266 deinceps
298 2209 423 2263 unquam
441 2193 518 2254 fient,
537 2194 624 2246 etiam
641 2166 712 2246 ha’nc
725 2209 817 2246 meam
835 2167 1033 2248 accommodem
1054 2211 1099 2250 ani

105 2317 113 2332 ,
146 2267 240 2330 fuisse,
258 2279 315 2317 nou
334 2262 470 2340 estquod
488 2261 587 2318 dicam.
616 2259 684 2314 Post
701 2263 825 2328 accepta,
844 2277 907 2314 cuni
925 2263 1016 2316 totum
1029 2269 1110 2330 opus

147 2334 182 2387 de
200 2333 309 2398 integro
322 2328 476 2398 occipiendi
489 2327 575 2404 otium
588 2343 644 2380 non
656 2327 805 2393 sufficeret,
822 2331 917 2382 tamen
929 2330 1100 2382 retractandi

148 2401 207 2454 eius
224 2398 419 2452 necessitatem
437 2395 507 2448 milii
523 2395 669 2464 imposuit:
687 2395 783 2462 inquo
797 2397 933 2464 quantum
952 2395 1020 2448 mihi
1036 2412 1099 2464 pro-

147 2467 234 2520 fuerit
251 2467 307 2518 iam
325 2463 422 2516 datum
440 2464 546 2538 certum
564 2461 776 2515 fundamentum
791 2465 820 2515 et
836 2463 922 2531 ipsius
934 2462 1100 2517 Mommseni

147 2533 184 2588 de
202 2533 295 2586 dubiis
314 2530 382 2584 locis
399 2529 541 2592 iudicium,
560 2544 728 2596 quanquam,
747 2531 780 2582 ut
791 2529 832 2595 fit,
850 2545 905 2582 nou
918 2529 1022 2598 ubique
1036 2546 1099 2583 coii-

148 2601 320 2664 venerimus,
347 2603 376 2651 et
397 2597 457 2665 ipse
479 2595 535 2648 scio
558 2612 608 2648 nec
634 2596 767 2650 lectorem
789 2597 898 2659 latebit.
932 2597 976 2650 Ab
1000 2597 1099 2651 eodem

147 2683 214 2721 vero
237 2665 443 2720 excusationem
465 2678 510 2715 me
528 2662 689 2715 habiturum
711 2679 804 2731 spero,
828 2665 851 2716 si
869 2663 1099 2732 aequabilitatem

148 2751 241 2788 rerum
259 2730 446 2786 notandarum
463 2730 492 2781 in
508 2745 592 2798 opere
605 2730 685 2796 quasi
698 2729 740 2782 bis
757 2733 886 2800 suscepto
899 2730 1040 2784 interdum
1053 2731 1099 2784 de-

148 2800 322 2854 sideraverit.
356 2797 482 2865 Denique
506 2795 540 2849 de
562 2797 660 2864 signis,
685 2797 786 2874 quibus
803 2797 833 2850 in
852 2798 925 2851 notis
946 2814 1011 2850 usus
1029 2815 1098 2862 sum,

147 2883 256 2932 moneo,
280 2871 310 2920 V.
331 2865 477 2934 designare
496 2863 620 2916 codicem
638 2862 815 2928 Vaticanum,
839 2869 898 2918 Vct.
917 2865 1036 2918 eundem
1056 2879 1099 2917 co-

149 2935 239 2988 dicem
252 2933 354 3054 alidaio
368 2933 398 2988 et
406 2929 516 2984 blumio
528 2930 685 2999 inspectum
700 2932 729 2984 et
740 2931 870 3001 relatum,
888 2935 932 2986 Vl.
946 2931 1099 2986 Detlefseiii

148 3017 272 3071 apograp
293 3017 347 3055 um.

517 3203 710 3213 ---
