<?xml version="1.0" encoding="UTF-8"?>
<!DOCTYPE html PUBLIC "-//W3C//DTD XHTML 1.0 Transitional//EN"
    "http://www.w3.org/TR/xhtml1/DTD/xhtml1-transitional.dtd">
<html xmlns="http://www.w3.org/1999/xhtml" xml:lang="en" lang="en">
 <head>
  <title>
</title>
<meta http-equiv="Content-Type" content="text/html;charset=utf-8" />
  <meta name='ocr-system' content='tesseract 3.04.00' />
  <meta name='ocr-capabilities' content='ocr_page ocr_carea ocr_par ocr_line ocrx_word'/>
</head>
<body>
  <div class='ocr_page' id='page_1' title='image "./ivrisprvdentiae00huscgoog_0812.png"; bbox 0 0 2694 4110; ppageno 0'>
   <div class='ocr_carea' id='block_1_1' title="bbox 266 163 1007 228">
    <p class='ocr_par' dir='ltr' id='par_1_1' title="bbox 266 163 1007 228">
     <span class='ocr_line' id='line_1_1' title="bbox 266 163 1007 228; baseline -0.005 -5"><span class='ocrx_word' id='word_1_1' title='bbox 266 163 325 228; x_wconf 74' lang='lat'>‘186</span> <span class='ocrx_word' id='word_1_2' title='bbox 468 183 565 220; x_wconf 74' lang='lat' dir='ltr'>sucu.</span> <span class='ocrx_word' id='word_1_3' title='bbox 584 183 637 220; x_wconf 70' lang='grc' dir='ltr'>ιη.</span> <span class='ocrx_word' id='word_1_4' title='bbox 656 185 717 220; x_wconf 81' lang='lat' dir='ltr'>sou.</span> <span class='ocrx_word' id='word_1_5' title='bbox 736 185 823 222; x_wconf 68' lang='lat' dir='ltr'>verre.</span> <span class='ocrx_word' id='word_1_6' title='bbox 843 173 1007 220; x_wconf 61' lang='lat' dir='ltr'>eset-259.</span> 
     </span>
    </p>
   </div>
   <div class='ocr_carea' id='block_1_2' title="bbox 264 313 1227 807">
    <p class='ocr_par' dir='ltr' id='par_1_2' title="bbox 264 313 1227 807">
     <span class='ocr_line' id='line_1_2' title="bbox 266 313 1226 386; baseline 0.002 -16"><span class='ocrx_word' id='word_1_7' title='bbox 266 321 320 373; x_wconf 85' lang='lat' dir='ltr'>tur.</span> <span class='ocrx_word' id='word_1_8' title='bbox 350 313 415 370; x_wconf 83' lang='lat' dir='ltr'>Cum</span> <span class='ocrx_word' id='word_1_9' title='bbox 428 322 516 370; x_wconf 90' lang='lat' dir='ltr'>autern</span> <span class='ocrx_word' id='word_1_10' title='bbox 531 313 650 371; x_wconf 77' lang='lat' dir='ltr'>creditor</span> <span class='ocrx_word' id='word_1_11' title='bbox 668 317 811 386; x_wconf 90' lang='lat' dir='ltr'>pecuniae</span> <span class='ocrx_word' id='word_1_12' title='bbox 825 317 866 371; x_wconf 89' lang='lat' dir='ltr'>ita</span> <span class='ocrx_word' id='word_1_13' title='bbox 881 321 961 372; x_wconf 89' lang='lat' dir='ltr'>reete</span> <span class='ocrx_word' id='word_1_14' title='bbox 980 317 1116 386; x_wconf 78' lang='lat' dir='ltr'>perficiat</span> <span class='ocrx_word' id='word_1_15' title='bbox 1130 317 1226 372; x_wconf 87' lang='lat' dir='ltr'>dona·</span> 
     </span>
     <span class='ocr_line' id='line_1_3' title="bbox 265 397 1226 474; baseline 0.002 -20"><span class='ocrx_word' id='word_1_16' title='bbox 265 401 374 468; x_wconf 85' lang='lat' dir='ltr'>tionem,</span> <span class='ocrx_word' id='word_1_17' title='bbox 386 397 409 452; x_wconf 89' lang='lat' dir='ltr'>si</span> <span class='ocrx_word' id='word_1_18' title='bbox 421 397 528 454; x_wconf 86' lang='lat' dir='ltr'>debitor</span> <span class='ocrx_word' id='word_1_19' title='bbox 539 399 689 472; x_wconf 85' lang='lat' dir='ltr'>pecuniam,</span> <span class='ocrx_word' id='word_1_20' title='bbox 702 397 899 472; x_wconf 77' lang='lat' dir='ltr'>quamdelepat</span> <span class='ocrx_word' id='word_1_21' title='bbox 908 401 966 468; x_wconf 84' lang='lat' dir='ltr'>ille,</span> <span class='ocrx_word' id='word_1_22' title='bbox 981 398 1052 455; x_wconf 87' lang='lat' dir='ltr'>Titio</span> <span class='ocrx_word' id='word_1_23' title='bbox 1060 403 1226 474; x_wconf 70' lang='lat' dir='ltr'><strong><em>promittat,</em></strong></span> 
     </span>
     <span class='ocr_line' id='line_1_4' title="bbox 265 470 1227 554; baseline 0.001 -16"><span class='ocrx_word' id='word_1_24' title='bbox 265 497 304 538; x_wconf 91' lang='lat' dir='ltr'>an</span> <span class='ocrx_word' id='word_1_25' title='bbox 319 487 347 536; x_wconf 91' lang='lat' dir='ltr'>et</span> <span class='ocrx_word' id='word_1_26' title='bbox 365 495 421 552; x_wconf 90' lang='lat' dir='ltr'>per</span> <span class='ocrx_word' id='word_1_27' title='bbox 438 470 742 538; x_wconf 87' lang='lat' dir='ltr'>litis’ccntestatione¹</span> <span class='ocrx_word' id='word_1_28' title='bbox 766 481 864 538; x_wconf 86' lang='lat' dir='ltr'>tactam</span> <span class='ocrx_word' id='word_1_29' title='bbox 884 483 1058 538; x_wconf 82' lang='lat' dir='ltr'>necationem</span> <span class='ocrx_word' id='word_1_30' title='bbox 1077 484 1150 539; x_wconf 87' lang='lat' dir='ltr'>idem</span> <span class='ocrx_word' id='word_1_31' title='bbox 1169 485 1227 554; x_wconf 80' lang='lat' dir='ltr'>fiet</span> 
     </span>
     <span class='ocr_line' id='line_1_5' title="bbox 264 565 1226 639; baseline 0.004 -19"><span class='ocrx_word' id='word_1_32' title='bbox 264 567 294 621; x_wconf 92' lang='lat' dir='ltr'>in</span> <span class='ocrx_word' id='word_1_33' title='bbox 312 565 460 636; x_wconf 85' lang='lat' dir='ltr'>praediis,</span> <span class='ocrx_word' id='word_1_34' title='bbox 482 568 509 621; x_wconf 88' lang='lat' dir='ltr'>si</span> <span class='ocrx_word' id='word_1_35' title='bbox 521 580 618 622; x_wconf 89' lang='lat' dir='ltr'>eorum</span> <span class='ocrx_word' id='word_1_36' title='bbox 632 567 757 638; x_wconf 80' lang='lat' dir='ltr'>lepatum</span> <span class='ocrx_word' id='word_1_37' title='bbox 777 568 863 638; x_wconf 84' lang='lat' dir='ltr'>quasi</span> <span class='ocrx_word' id='word_1_38' title='bbox 878 581 935 638; x_wconf 89' lang='lat' dir='ltr'>per</span> <span class='ocrx_word' id='word_1_39' title='bbox 949 565 1088 639; x_wconf 83' lang='lat' dir='ltr'>quandam</span> <span class='ocrx_word' id='word_1_40' title='bbox 1108 565 1226 639; x_wconf 85' lang='lat' dir='ltr'>stipula·</span> 
     </span>
     <span class='ocr_line' id='line_1_6' title="bbox 266 649 1226 722; baseline 0.002 -18"><span class='ocrx_word' id='word_1_41' title='bbox 266 649 365 704; x_wconf 88' lang='lat' dir='ltr'>tionem</span> <span class='ocrx_word' id='word_1_42' title='bbox 382 649 456 704; x_wconf 89' lang='lat' dir='ltr'>uenit</span> <span class='ocrx_word' id='word_1_43' title='bbox 469 651 499 704; x_wconf 90' lang='lat' dir='ltr'>in</span> <span class='ocrx_word' id='word_1_44' title='bbox 514 650 604 715; x_wconf 85' lang='lat' dir='ltr'>litem,</span> <span class='ocrx_word' id='word_1_45' title='bbox 628 666 713 721; x_wconf 85' lang='lat' dir='ltr'>quom</span> <span class='ocrx_word' id='word_1_46' title='bbox 728 651 865 722; x_wconf 78' lang='lat' dir='ltr'>leporarii</span> <span class='ocrx_word' id='word_1_47' title='bbox 878 653 990 706; x_wconf 90' lang='lat' dir='ltr'>nomine</span> <span class='ocrx_word' id='word_1_48' title='bbox 1008 649 1098 706; x_wconf 84' lang='lat' dir='ltr'>Titius</span> <span class='ocrx_word' id='word_1_49' title='bbox 1111 651 1226 706; x_wconf 87' lang='lat' dir='ltr'>inchoa-</span> 
     </span>
     <span class='ocr_line' id='line_1_7' title="bbox 266 730 1224 807; baseline 0.002 -19"><span class='ocrx_word' id='word_1_50' title='bbox 266 731 323 788; x_wconf 86' lang='lat' dir='ltr'>uiti</span> <span class='ocrx_word' id='word_1_51' title='bbox 358 730 508 807; x_wconf 79' lang='lat' dir='ltr'>Respondi,</span> <span class='ocrx_word' id='word_1_52' title='bbox 528 734 714 804; x_wconf 87' lang='lat' dir='ltr'>praediorum</span> <span class='ocrx_word' id='word_1_53' title='bbox 729 749 787 788; x_wconf 90' lang='lat' dir='ltr'>uon</span> <span class='ocrx_word' id='word_1_54' title='bbox 807 740 864 788; x_wconf 88' lang='lat' dir='ltr'>tom</span> <span class='ocrx_word' id='word_1_55' title='bbox 880 740 1012 805; x_wconf 89' lang='lat' dir='ltr'>coeptam</span> <span class='ocrx_word' id='word_1_56' title='bbox 1030 734 1224 804; x_wconf 86' lang='lat' dir='ltr'>donationem,</span> 
     </span>
    </p>
   </div>
   <div class='ocr_carea' id='block_1_3' title="bbox 243 814 1326 2646">
    <p class='ocr_par' dir='ltr' id='par_1_3' title="bbox 243 814 1327 2646">
     <span class='ocr_line' id='line_1_8' title="bbox 264 814 1226 889; baseline 0 -15"><span class='ocrx_word' id='word_1_57' title='bbox 264 816 388 874; x_wconf 88' lang='lat' dir='ltr'>noudum</span> <span class='ocrx_word' id='word_1_58' title='bbox 407 817 589 888; x_wconf 76' lang='lat' dir='ltr'>possessione</span> <span class='ocrx_word' id='word_1_59' title='bbox 610 814 720 886; x_wconf 85' lang='lat' dir='ltr'>tradita,</span> <span class='ocrx_word' id='word_1_60' title='bbox 743 831 821 889; x_wconf 86' lang='lat' dir='ltr'>quarn</span> <span class='ocrx_word' id='word_1_61' title='bbox 843 817 950 872; x_wconf 87' lang='lat' dir='ltr'>inritam</span> <span class='ocrx_word' id='word_1_62' title='bbox 966 831 1045 880; x_wconf 90' lang='lat' dir='ltr'>esse,·</span> <span class='ocrx_word' id='word_1_63' title='bbox 1067 833 1125 874; x_wconf 90' lang='lat' dir='ltr'>nou</span> <span class='ocrx_word' id='word_1_64' title='bbox 1147 822 1226 874; x_wconf 91' lang='lat' dir='ltr'>enim</span> 
     </span>
     <span class='ocr_line' id='line_1_9' title="bbox 264 897 1225 973; baseline -0.001 -16"><span class='ocrx_word' id='word_1_65' title='bbox 264 902 307 957; x_wconf 83' lang='lat' dir='ltr'>sic</span> <span class='ocrx_word' id='word_1_66' title='bbox 319 903 460 972; x_wconf 87' lang='lat' dir='ltr'>pecunia,</span> <span class='ocrx_word' id='word_1_67' title='bbox 481 907 512 955; x_wconf 89' lang='lat' dir='ltr'>ut</span> <span class='ocrx_word' id='word_1_68' title='bbox 525 903 555 956; x_wconf 90' lang='lat' dir='ltr'>in</span> <span class='ocrx_word' id='word_1_69' title='bbox 570 914 621 968; x_wconf 88' lang='lat' dir='ltr'>ea,</span> <span class='ocrx_word' id='word_1_70' title='bbox 641 916 727 972; x_wconf 80' lang='lat' dir='ltr'>quam</span> <span class='ocrx_word' id='word_1_71' title='bbox 742 903 807 973; x_wconf 82' lang='lat' dir='ltr'>quis</span> <span class='ocrx_word' id='word_1_72' title='bbox 820 901 978 973; x_wconf 81' lang='lat' dir='ltr'>delepoudo</span> <span class='ocrx_word' id='word_1_73' title='bbox 994 897 1123 972; x_wconf 87' lang='lat' dir='ltr'>donauit,</span> <span class='ocrx_word' id='word_1_74' title='bbox 1145 902 1173 956; x_wconf 92' lang='lat' dir='ltr'>in</span> <span class='ocrx_word' id='word_1_75' title='bbox 1188 902 1225 956; x_wconf 89' lang='lat' dir='ltr'>iis</span> 
     </span>
     <span class='ocr_line' id='line_1_10' title="bbox 265 983 458 1057; baseline -0.005 -17"><span class='ocrx_word' id='word_1_76' title='bbox 265 983 381 1057; x_wconf 85' lang='lat' dir='ltr'>praediis</span> <span class='ocrx_word' id='word_1_77' title='bbox 397 983 458 1039; x_wconf 83' lang='lat' dir='ltr'>tuit.</span> 
     </span>
     <span class='ocr_line' id='line_1_11' title="bbox 327 1060 1224 1126; baseline 0 0"><span class='ocrx_word' id='word_1_78' title='bbox 327 1063 409 1126; x_wconf 74' lang='lat'>25³⁸.</span> <span class='ocrx_word' id='word_1_79' title='bbox 442 1060 549 1126; x_wconf 86' lang='lat' dir='ltr'>’Item.²</span> <span class='ocrx_word' id='word_1_80' title='bbox 591 1067 768 1124; x_wconf 85' lang='lat' dir='ltr'>Donationes</span> <span class='ocrx_word' id='word_1_81' title='bbox 781 1071 811 1123; x_wconf 91' lang='lat' dir='ltr'>iu</span> <span class='ocrx_word' id='word_1_82' title='bbox 825 1068 1013 1124; x_wconf 84' lang='lat' dir='ltr'>concubinam</span> <span class='ocrx_word' id='word_1_83' title='bbox 1031 1070 1148 1126; x_wconf 87' lang='lat' dir='ltr'>collatas</span> <span class='ocrx_word' id='word_1_84' title='bbox 1164 1085 1224 1126; x_wconf 92' lang='lat' dir='ltr'>non</span> 
     </span>
     <span class='ocr_line' id='line_1_12' title="bbox 264 1151 1225 1228; baseline 0.001 -20"><span class='ocrx_word' id='word_1_85' title='bbox 264 1167 345 1228; x_wconf 91' lang='lat' dir='ltr'>posse</span> <span class='ocrx_word' id='word_1_86' title='bbox 360 1151 497 1221; x_wconf 86' lang='lat' dir='ltr'>reuocari,</span> <span class='ocrx_word' id='word_1_87' title='bbox 521 1155 662 1219; x_wconf 85' lang='lat' dir='ltr'>conuenit,</span> <span class='ocrx_word' id='word_1_88' title='bbox 681 1165 739 1228; x_wconf 87' lang='lat' dir='ltr'>nec</span> <span class='ocrx_word' id='word_1_89' title='bbox 754 1155 780 1207; x_wconf 90' lang='lat' dir='ltr'>si</span> <span class='ocrx_word' id='word_1_90' title='bbox 792 1154 1001 1208; x_wconf 80' lang='lat' dir='ltr'><em>matrimonium</em></span> <span class='ocrx_word' id='word_1_91' title='bbox 1016 1155 1094 1208; x_wconf 89' lang='lat' dir='ltr'>inter</span> <span class='ocrx_word' id='word_1_92' title='bbox 1108 1155 1225 1210; x_wconf 90' lang='lat' dir='ltr'>eosdem</span> 
     </span>
     <span class='ocr_line' id='line_1_13' title="bbox 263 1233 1224 1310; baseline -0.001 -17"><span class='ocrx_word' id='word_1_93' title='bbox 263 1243 363 1310; x_wconf 88' lang='lat' dir='ltr'>postea</span> <span class='ocrx_word' id='word_1_94' title='bbox 373 1235 467 1307; x_wconf 82' lang='lat' dir='ltr'>suerit</span> <span class='ocrx_word' id='word_1_95' title='bbox 477 1242 665 1303; x_wconf 80' lang='lat' dir='ltr'>contractum,</span> <span class='ocrx_word' id='word_1_96' title='bbox 682 1234 715 1289; x_wconf 91' lang='lat' dir='ltr'>ad</span> <span class='ocrx_word' id='word_1_97' title='bbox 727 1235 831 1290; x_wconf 87' lang='lat' dir='ltr'>irritum</span> <span class='ocrx_word' id='word_1_98' title='bbox 844 1233 974 1304; x_wconf 82' lang='lat' dir='ltr'>recidere,</span> <span class='ocrx_word' id='word_1_99' title='bbox 989 1237 1066 1308; x_wconf 81' lang='lat' dir='ltr'>quod</span> <span class='ocrx_word' id='word_1_100' title='bbox 1076 1243 1143 1292; x_wconf 90' lang='lat' dir='ltr'>ante</span> <span class='ocrx_word' id='word_1_101' title='bbox 1155 1239 1224 1292; x_wconf 89' lang='lat' dir='ltr'>iure</span> 
     </span>
     <span class='ocr_line' id='line_1_14' title="bbox 264 1317 1221 1392; baseline -0.002 -15"><span class='ocrx_word' id='word_1_102' title='bbox 264 1321 362 1377; x_wconf 90' lang='lat' dir='ltr'>ualuit.</span> <span class='ocrx_word' id='word_1_103' title='bbox 399 1336 437 1374; x_wconf 93' lang='lat' dir='ltr'>au</span> <span class='ocrx_word' id='word_1_104' title='bbox 460 1326 554 1375; x_wconf 90' lang='lat' dir='ltr'>autem</span> <span class='ocrx_word' id='word_1_105' title='bbox 575 1320 717 1374; x_wconf 86' lang='lat' dir='ltr'>maritalis</span> <span class='ocrx_word' id='word_1_106' title='bbox 738 1319 830 1374; x_wconf 77' lang='lat' dir='ltr'>honor</span> <span class='ocrx_word' id='word_1_107' title='bbox 845 1325 873 1374; x_wconf 91' lang='lat' dir='ltr'>et</span> <span class='ocrx_word' id='word_1_108' title='bbox 894 1317 1000 1376; x_wconf 80' lang='lat' dir='ltr'>affectio</span> <span class='ocrx_word' id='word_1_109' title='bbox 1021 1319 1125 1392; x_wconf 85' lang='lat' dir='ltr'>pridem</span> <span class='ocrx_word' id='word_1_110' title='bbox 1140 1336 1221 1392; x_wconf 89' lang='lat' dir='ltr'>prae-</span> 
     </span>
     <span class='ocr_line' id='line_1_15' title="bbox 264 1397 1295 1474; baseline -0.001 -14"><span class='ocrx_word' id='word_1_111' title='bbox 264 1403 385 1472; x_wconf 85' lang='lat' dir='ltr'>cesserit,</span> <span class='ocrx_word' id='word_1_112' title='bbox 400 1399 476 1457; x_wconf 81' lang='lat' dir='ltr'>’cum</span> <span class='ocrx_word' id='word_1_113' title='bbox 491 1403 607 1458; x_wconf 86' lang='lat' dir='ltr'>tadutae</span> <span class='ocrx_word' id='word_1_114' title='bbox 622 1403 694 1458; x_wconf 88' lang='lat' dir='ltr'>dotis</span> <span class='ocrx_word' id='word_1_115' title='bbox 709 1397 977 1474; x_wconf 81' lang='lat' dir='ltr'>consipnarentur,³</span> <span class='ocrx_word' id='word_1_116' title='bbox 994 1406 1128 1472; x_wconf 88' lang='lat' dir='ltr'>personis</span> <span class='ocrx_word' id='word_1_117' title='bbox 1144 1420 1222 1460; x_wconf 92' lang='lat' dir='ltr'>com·</span> <span class='ocrx_word' id='word_1_118' title='bbox 1233 1410 1295 1459; x_wconf 74' lang='lat'>[6⁹²]</span> 
     </span>
     <span class='ocr_line' id='line_1_16' title="bbox 259 1486 1222 1560; baseline 0.004 -19"><span class='ocrx_word' id='word_1_119' title='bbox 259 1486 383 1559; x_wconf 87' lang='lat' dir='ltr'>paratis,</span> <span class='ocrx_word' id='word_1_120' title='bbox 403 1486 474 1542; x_wconf 88' lang='lat' dir='ltr'>uitae</span> <span class='ocrx_word' id='word_1_121' title='bbox 488 1486 680 1542; x_wconf 89' lang='lat' dir='ltr'>coniunctione</span> <span class='ocrx_word' id='word_1_122' title='bbox 695 1487 879 1542; x_wconf 84' lang='lat' dir='ltr'>considerata</span> <span class='ocrx_word' id='word_1_123' title='bbox 892 1487 1128 1558; x_wconf 87' lang='lat' dir='ltr'>perpendendum</span> <span class='ocrx_word' id='word_1_124' title='bbox 1143 1501 1222 1560; x_wconf 87' lang='lat' dir='ltr'>esse,</span> 
     </span>
     <span class='ocr_line' id='line_1_17' title="bbox 263 1569 410 1642; baseline -0.007 -16"><span class='ocrx_word' id='word_1_125' title='bbox 263 1569 410 1642; x_wconf 78' lang='lat' dir='ltr'>respondi.</span> 
     </span>
     <span class='ocr_line' id='line_1_18' title="bbox 326 1646 1222 1727; baseline 0.001 -15"><span class='ocrx_word' id='word_1_126' title='bbox 326 1649 396 1712; x_wconf 81' lang='lat'>254.</span> <span class='ocrx_word' id='word_1_127' title='bbox 427 1646 527 1710; x_wconf 83' lang='lat' dir='ltr'>⁴Item.</span> <span class='ocrx_word' id='word_1_128' title='bbox 565 1652 685 1724; x_wconf 81' lang='lat' dir='ltr'>Species</span> <span class='ocrx_word' id='word_1_129' title='bbox 704 1659 791 1710; x_wconf 77' lang='lat' dir='ltr'>extra</span> <span class='ocrx_word' id='word_1_130' title='bbox 812 1655 903 1711; x_wconf 90' lang='lat' dir='ltr'>dotem</span> <span class='ocrx_word' id='word_1_131' title='bbox 919 1671 937 1709; x_wconf 92' lang='lat' dir='ltr'>a</span> <span class='ocrx_word' id='word_1_132' title='bbox 953 1659 1047 1710; x_wconf 89' lang='lat' dir='ltr'>matre</span> <span class='ocrx_word' id='word_1_133' title='bbox 1066 1656 1145 1727; x_wconf 76' lang='lat' dir='ltr'>filiae</span> <span class='ocrx_word' id='word_1_134' title='bbox 1166 1673 1222 1713; x_wconf 88' lang='lat' dir='ltr'>na-</span> 
     </span>
     <span class='ocr_line' id='line_1_19' title="bbox 263 1735 1222 1809; baseline 0.001 -14"><span class='ocrx_word' id='word_1_135' title='bbox 263 1741 337 1795; x_wconf 91' lang='lat' dir='ltr'>mine</span> <span class='ocrx_word' id='word_1_136' title='bbox 351 1741 416 1795; x_wconf 90' lang='lat' dir='ltr'>uiro</span> <span class='ocrx_word' id='word_1_137' title='bbox 432 1737 542 1794; x_wconf 86' lang='lat' dir='ltr'>traditas</span> <span class='ocrx_word' id='word_1_138' title='bbox 559 1735 644 1806; x_wconf 83' lang='lat' dir='ltr'>filiae,</span> <span class='ocrx_word' id='word_1_139' title='bbox 667 1753 735 1809; x_wconf 88' lang='lat' dir='ltr'>quae</span> <span class='ocrx_word' id='word_1_140' title='bbox 748 1752 892 1807; x_wconf 86' lang='lat' dir='ltr'>praesens</span> <span class='ocrx_word' id='word_1_141' title='bbox 903 1737 976 1809; x_wconf 82' lang='lat' dir='ltr'>suit,</span> <span class='ocrx_word' id='word_1_142' title='bbox 999 1739 1120 1794; x_wconf 90' lang='lat' dir='ltr'>donatas</span> <span class='ocrx_word' id='word_1_143' title='bbox 1135 1745 1164 1794; x_wconf 90' lang='lat' dir='ltr'>et</span> <span class='ocrx_word' id='word_1_144' title='bbox 1178 1741 1222 1796; x_wconf 84' lang='lat' dir='ltr'>ab</span> 
     </span>
     <span class='ocr_line' id='line_1_20' title="bbox 264 1819 1221 1894; baseline -0.001 -15"><span class='ocrx_word' id='word_1_145' title='bbox 264 1839 299 1879; x_wconf 92' lang='lat' dir='ltr'>ea</span> <span class='ocrx_word' id='word_1_146' title='bbox 314 1826 378 1880; x_wconf 91' lang='lat' dir='ltr'>uiro</span> <span class='ocrx_word' id='word_1_147' title='bbox 393 1823 517 1879; x_wconf 88' lang='lat' dir='ltr'>traditas</span> <span class='ocrx_word' id='word_1_148' title='bbox 531 1821 634 1890; x_wconf 88' lang='lat' dir='ltr'>uideri,</span> <span class='ocrx_word' id='word_1_149' title='bbox 656 1819 798 1894; x_wconf 80' lang='lat' dir='ltr'>respondi3</span> <span class='ocrx_word' id='word_1_150' title='bbox 823 1837 873 1876; x_wconf 89' lang='lat' dir='ltr'>nec</span> <span class='ocrx_word' id='word_1_151' title='bbox 887 1828 999 1877; x_wconf 86' lang='lat' dir='ltr'>matrem</span> <span class='ocrx_word' id='word_1_152' title='bbox 1014 1824 1155 1894; x_wconf 85' lang='lat' dir='ltr'>offensam</span> <span class='ocrx_word' id='word_1_153' title='bbox 1169 1839 1221 1879; x_wconf 90' lang='lat' dir='ltr'>re-</span> 
     </span>
     <span class='ocr_line' id='line_1_21' title="bbox 261 1903 1326 1979; baseline -0.002 -15"><span class='ocrx_word' id='word_1_154' title='bbox 261 1910 425 1979; x_wconf 75' lang='lat' dir='ltr'>petitionem</span> <span class='ocrx_word' id='word_1_155' title='bbox 439 1905 555 1975; x_wconf 81' lang='lat' dir='ltr'>dobere,</span> <span class='ocrx_word' id='word_1_156' title='bbox 572 1905 619 1960; x_wconf 91' lang='lat' dir='ltr'>uel</span> <span class='ocrx_word' id='word_1_157' title='bbox 631 1919 683 1960; x_wconf 90' lang='lat' dir='ltr'>eas</span> <span class='ocrx_word' id='word_1_158' title='bbox 697 1910 774 1960; x_wconf 89' lang='lat' dir='ltr'>recte</span> <span class='ocrx_word' id='word_1_159' title='bbox 790 1903 933 1971; x_wconf 87' lang='lat' dir='ltr'>uindicare,</span> <span class='ocrx_word' id='word_1_160' title='bbox 949 1906 1022 1977; x_wconf 88' lang='lat' dir='ltr'>quod</span> <span class='ocrx_word' id='word_1_161' title='bbox 1035 1905 1078 1960; x_wconf 88' lang='lat' dir='ltr'>uir</span> <span class='ocrx_word' id='word_1_162' title='bbox 1089 1906 1219 1977; x_wconf 89' lang='lat' dir='ltr'>cauisset,</span> <span class='ocrx_word' id='word_1_163' title='bbox 1324 1933 1326 1974; x_wconf 62' lang='lat'>5</span> 
     </span>
     <span class='ocr_line' id='line_1_22' title="bbox 243 1987 1220 2062; baseline -0.001 -15"><span class='ocrx_word' id='word_1_164' title='bbox 243 1997 351 2048; x_wconf 70' lang='lat' dir='ltr'>&#39;extra</span> <span class='ocrx_word' id='word_1_165' title='bbox 366 1991 458 2047; x_wconf 88' lang='lat' dir='ltr'>dotem</span> <span class='ocrx_word' id='word_1_166' title='bbox 473 1990 571 2045; x_wconf 84' lang='lat' dir='ltr'>usibus</span> <span class='ocrx_word' id='word_1_167' title='bbox 586 1990 706 2060; x_wconf 88' lang='lat' dir='ltr'>puellae</span> <span class='ocrx_word' id='word_1_168' title='bbox 727 1988 781 2044; x_wconf 85' lang='lat' dir='ltr'>sibi</span> <span class='ocrx_word' id='word_1_169' title='bbox 801 1990 939 2052; x_wconf 64' lang='lat' dir='ltr'>traditam</span> <span class='ocrx_word' id='word_1_170' title='bbox 960 2004 1021 2044; x_wconf 87' lang='lat' dir='ltr'>cnm</span> <span class='ocrx_word' id='word_1_171' title='bbox 1037 2005 1067 2044; x_wconf 88' lang='lat' dir='ltr'>ea</span> <span class='ocrx_word' id='word_1_172' title='bbox 1082 1987 1220 2062; x_wconf 81' lang='lat' dir='ltr'>significa·</span> 
     </span>
     <span class='ocr_line' id='line_1_23' title="bbox 263 2072 1221 2146; baseline 0 -16"><span class='ocrx_word' id='word_1_173' title='bbox 263 2076 338 2131; x_wconf 88' lang='lat' dir='ltr'>tione</span> <span class='ocrx_word' id='word_1_174' title='bbox 353 2090 407 2130; x_wconf 91' lang='lat' dir='ltr'>non</span> <span class='ocrx_word' id='word_1_175' title='bbox 422 2075 521 2131; x_wconf 88' lang='lat' dir='ltr'>modus</span> <span class='ocrx_word' id='word_1_176' title='bbox 535 2074 696 2129; x_wconf 87' lang='lat' dir='ltr'>donationis</span> <span class='ocrx_word' id='word_1_177' title='bbox 710 2072 885 2141; x_wconf 80' lang='lat' dir='ltr'>declaretur,</span> <span class='ocrx_word' id='word_1_178' title='bbox 901 2087 956 2129; x_wconf 90' lang='lat' dir='ltr'>nee</span> <span class='ocrx_word' id='word_1_179' title='bbox 968 2073 1004 2128; x_wconf 87' lang='lat' dir='ltr'>ab</span> <span class='ocrx_word' id='word_1_180' title='bbox 1016 2088 1070 2129; x_wconf 91' lang='lat' dir='ltr'>usu</span> <span class='ocrx_word' id='word_1_181' title='bbox 1083 2076 1221 2146; x_wconf 90' lang='lat' dir='ltr'>proprie·</span> 
     </span>
     <span class='ocr_line' id='line_1_24' title="bbox 264 2156 1141 2231; baseline -0.002 -17"><span class='ocrx_word' id='word_1_182' title='bbox 264 2167 305 2215; x_wconf 87' lang='lat' dir='ltr'>tas</span> <span class='ocrx_word' id='word_1_183' title='bbox 319 2167 468 2231; x_wconf 81' lang='lat' dir='ltr'>separetur,</span> <span class='ocrx_word' id='word_1_184' title='bbox 485 2156 533 2212; x_wconf 92' lang='lat' dir='ltr'>sed</span> <span class='ocrx_word' id='word_1_185' title='bbox 548 2156 683 2230; x_wconf 87' lang='lat' dir='ltr'>peculium</span> <span class='ocrx_word' id='word_1_186' title='bbox 698 2173 716 2211; x_wconf 95' lang='lat' dir='ltr'>a</span> <span class='ocrx_word' id='word_1_187' title='bbox 730 2156 794 2212; x_wconf 91' lang='lat' dir='ltr'>dote</span> <span class='ocrx_word' id='word_1_188' title='bbox 806 2158 923 2228; x_wconf 90' lang='lat' dir='ltr'>puellae</span> <span class='ocrx_word' id='word_1_189' title='bbox 938 2158 1141 2230; x_wconf 79' lang='lat' dir='ltr'>distinpuatur.</span> 
     </span>
     <span class='ocr_line' id='line_1_25' title="bbox 326 2235 1220 2313; baseline -0.003 -13"><span class='ocrx_word' id='word_1_190' title='bbox 326 2237 393 2300; x_wconf 83' lang='lat'>255.</span> <span class='ocrx_word' id='word_1_191' title='bbox 414 2235 508 2298; x_wconf 87' lang='lat' dir='ltr'>⁵Item.</span> <span class='ocrx_word' id='word_1_192' title='bbox 536 2241 637 2310; x_wconf 83' lang='lat' dir='ltr'>Pater,</span> <span class='ocrx_word' id='word_1_193' title='bbox 651 2242 702 2312; x_wconf 80' lang='lat' dir='ltr'>qui</span> <span class='ocrx_word' id='word_1_194' title='bbox 713 2241 799 2311; x_wconf 81' lang='lat' dir='ltr'>filiae,</span> <span class='ocrx_word' id='word_1_195' title='bbox 816 2240 1011 2313; x_wconf 78' lang='lat' dir='ltr'>quamdabuit</span> <span class='ocrx_word' id='word_1_196' title='bbox 1021 2243 1050 2296; x_wconf 89' lang='lat' dir='ltr'>in</span> <span class='ocrx_word' id='word_1_197' title='bbox 1063 2247 1220 2312; x_wconf 80' lang='lat' dir='ltr'>potestate,</span> 
     </span>
     <span class='ocr_line' id='line_1_26' title="bbox 263 2323 1219 2398; baseline -0.001 -15"><span class='ocrx_word' id='word_1_198' title='bbox 263 2329 404 2398; x_wconf 88' lang='lat' dir='ltr'>mancipia</span> <span class='ocrx_word' id='word_1_199' title='bbox 419 2325 540 2393; x_wconf 86' lang='lat' dir='ltr'>donauit,</span> <span class='ocrx_word' id='word_1_200' title='bbox 556 2331 584 2379; x_wconf 92' lang='lat' dir='ltr'>et</span> <span class='ocrx_word' id='word_1_201' title='bbox 598 2323 731 2396; x_wconf 86' lang='lat' dir='ltr'>peculium</span> <span class='ocrx_word' id='word_1_202' title='bbox 746 2327 944 2394; x_wconf 80' lang='lat' dir='ltr'>emancipatae</span> <span class='ocrx_word' id='word_1_203' title='bbox 959 2341 1016 2380; x_wconf 91' lang='lat' dir='ltr'>nou</span> <span class='ocrx_word' id='word_1_204' title='bbox 1031 2325 1144 2394; x_wconf 85' lang='lat' dir='ltr'>ademit,</span> <span class='ocrx_word' id='word_1_205' title='bbox 1159 2323 1219 2382; x_wconf 90' lang='lat' dir='ltr'>&#39;uel</span> 
     </span>
     <span class='ocr_line' id='line_1_27' title="bbox 263 2402 1220 2480; baseline 0 -16"><span class='ocrx_word' id='word_1_206' title='bbox 263 2411 369 2466; x_wconf 78' lang='lat' dir='ltr'>derecte</span> <span class='ocrx_word' id='word_1_207' title='bbox 390 2423 425 2463; x_wconf 89' lang='lat' dir='ltr'>ea</span> <span class='ocrx_word' id='word_1_208' title='bbox 448 2411 509 2464; x_wconf 90' lang='lat' dir='ltr'>sine</span> <span class='ocrx_word' id='word_1_209' title='bbox 531 2408 666 2478; x_wconf 81' lang='lat' dir='ltr'>beneficio</span> <span class='ocrx_word' id='word_1_210' title='bbox 689 2408 916 2479; x_wconf 83' lang='lat' dir='ltr'>emancipationis</span> <span class='ocrx_word' id='word_1_211' title='bbox 943 2411 1052 2480; x_wconf 86' lang='lat' dir='ltr'>scripte</span> <span class='ocrx_word' id='word_1_212' title='bbox 1073 2402 1220 2478; x_wconf 78' lang='lat' dir='ltr'>decessit,⁶</span> 
     </span>
     <span class='ocr_line' id='line_1_28' title="bbox 263 2489 1013 2562; baseline 0.001 -14"><span class='ocrx_word' id='word_1_213' title='bbox 263 2507 303 2548; x_wconf 82' lang='lat' dir='ltr'>ea</span> <span class='ocrx_word' id='word_1_214' title='bbox 315 2490 475 2562; x_wconf 76' lang='lat' dir='ltr'>postfacto</span> <span class='ocrx_word' id='word_1_215' title='bbox 490 2492 668 2546; x_wconf 89' lang='lat' dir='ltr'>donationem</span> <span class='ocrx_word' id='word_1_216' title='bbox 683 2489 835 2546; x_wconf 84' lang='lat' dir='ltr'>uidebatur</span> <span class='ocrx_word' id='word_1_217' title='bbox 847 2490 1013 2562; x_wconf 80' lang='lat' dir='ltr'>perfecisse.</span> 
     </span>
     <span class='ocr_line' id='line_1_29' title="bbox 325 2566 1218 2646; baseline 0.003 -17"><span class='ocrx_word' id='word_1_218' title='bbox 325 2570 392 2633; x_wconf 80' lang='lat'>256.</span> <span class='ocrx_word' id='word_1_219' title='bbox 420 2566 513 2628; x_wconf 85' lang='lat' dir='ltr'>⁷Item.</span> <span class='ocrx_word' id='word_1_220' title='bbox 550 2572 621 2629; x_wconf 87' lang='lat' dir='ltr'>Iure</span> <span class='ocrx_word' id='word_1_221' title='bbox 634 2573 720 2645; x_wconf 78' lang='lat' dir='ltr'>filias.</span> <span class='ocrx_word' id='word_1_222' title='bbox 740 2577 948 2646; x_wconf 87' lang='lat' dir='ltr'>possessiouem</span> <span class='ocrx_word' id='word_1_223' title='bbox 963 2577 1133 2632; x_wconf 86' lang='lat' dir='ltr'>donatorum</span> <span class='ocrx_word' id='word_1_224' title='bbox 1148 2580 1218 2632; x_wconf 89' lang='lat' dir='ltr'>reti·</span> 
     </span>
    </p>
   </div>
   <div class='ocr_carea' id='block_1_4' title="bbox 258 2746 1220 3590">
    <p class='ocr_par' dir='ltr' id='par_1_4' title="bbox 258 2746 1220 3590">
     <span class='ocr_line' id='line_1_30' title="bbox 336 2746 1218 2816; baseline 0.001 -17"><span class='ocrx_word' id='word_1_225' title='bbox 336 2747 355 2815; x_wconf 83' lang='lat'>¹)</span> <span class='ocrx_word' id='word_1_226' title='bbox 369 2750 533 2813; x_wconf 77' lang='lat' dir='ltr'>stipulatione</span> <span class='ocrx_word' id='word_1_227' title='bbox 546 2750 603 2801; x_wconf 90' lang='lat' dir='ltr'>edd.</span> <span class='ocrx_word' id='word_1_228' title='bbox 623 2749 717 2802; x_wconf 86' lang='lat' dir='ltr'>Hollw.</span> <span class='ocrx_word' id='word_1_229' title='bbox 733 2750 845 2804; x_wconf 85' lang='lat' dir='ltr'>Momms.</span> <span class='ocrx_word' id='word_1_230' title='bbox 920 2746 1064 2816; x_wconf 79' lang='lat' dir='ltr'>¹)Addidi.</span> <span class='ocrx_word' id='word_1_231' title='bbox 1092 2749 1218 2815; x_wconf 82' lang='lat' dir='ltr'>Sequitur</span> 
     </span>
     <span class='ocr_line' id='line_1_31' title="bbox 262 2819 1216 2886; baseline 0.002 -17"><span class='ocrx_word' id='word_1_232' title='bbox 262 2819 294 2869; x_wconf 83' lang='lat' dir='ltr'>L.</span> <span class='ocrx_word' id='word_1_233' title='bbox 309 2831 334 2872; x_wconf 74' lang='lat'>31</span> <span class='ocrx_word' id='word_1_234' title='bbox 346 2835 389 2883; x_wconf 88' lang='lat' dir='ltr'>pr.</span> <span class='ocrx_word' id='word_1_235' title='bbox 409 2820 441 2871; x_wconf 87' lang='lat' dir='ltr'>D.</span> <span class='ocrx_word' id='word_1_236' title='bbox 456 2820 488 2870; x_wconf 89' lang='lat' dir='ltr'>de</span> <span class='ocrx_word' id='word_1_237' title='bbox 502 2820 561 2870; x_wconf 90' lang='lat' dir='ltr'>don.</span> <span class='ocrx_word' id='word_1_238' title='bbox 577 2820 621 2884; x_wconf 81' lang='lat' dir='ltr'>(so,</span> <span class='ocrx_word' id='word_1_239' title='bbox 635 2821 667 2886; x_wconf 74' lang='grc' dir='ltr'>ὁ).</span> <span class='ocrx_word' id='word_1_240' title='bbox 693 2821 732 2884; x_wconf 79' lang='lat' dir='ltr'>Os.</span> <span class='ocrx_word' id='word_1_241' title='bbox 746 2822 778 2870; x_wconf 83' lang='lat' dir='ltr'>L.</span> <span class='ocrx_word' id='word_1_242' title='bbox 793 2833 813 2874; x_wconf 83' lang='lat' dir='ltr'>s.</span> <span class='ocrx_word' id='word_1_243' title='bbox 833 2820 856 2882; x_wconf 65' lang='grc' dir='ltr'>ξ’.</span> <span class='ocrx_word' id='word_1_244' title='bbox 872 2832 892 2875; x_wconf 89' lang='lat'>1.</span> <span class='ocrx_word' id='word_1_245' title='bbox 913 2820 1040 2884; x_wconf 79' lang='lat' dir='ltr'>L.tspr.</span> <span class='ocrx_word' id='word_1_246' title='bbox 1062 2821 1094 2870; x_wconf 90' lang='lat' dir='ltr'>D.</span> <span class='ocrx_word' id='word_1_247' title='bbox 1109 2822 1141 2870; x_wconf 87' lang='lat' dir='ltr'>de</span> <span class='ocrx_word' id='word_1_248' title='bbox 1155 2822 1216 2872; x_wconf 89' lang='lat' dir='ltr'>dou.</span> 
     </span>
     <span class='ocr_line' id='line_1_32' title="bbox 263 2888 1218 2956; baseline 0.001 -16"><span class='ocrx_word' id='word_1_249' title='bbox 263 2892 308 2940; x_wconf 89' lang='lat' dir='ltr'>int.</span> <span class='ocrx_word' id='word_1_250' title='bbox 323 2893 372 2942; x_wconf 87' lang='lat' dir='ltr'>uir.</span> <span class='ocrx_word' id='word_1_251' title='bbox 388 2889 433 2956; x_wconf 81' lang='lat' dir='ltr'>(st,</span> <span class='ocrx_word' id='word_1_252' title='bbox 447 2889 478 2956; x_wconf 89' lang='lat'>1).</span> <span class='ocrx_word' id='word_1_253' title='bbox 543 2888 652 2956; x_wconf 75' lang='lat' dir='ltr'>⁸)Huec</span> <span class='ocrx_word' id='word_1_254' title='bbox 662 2892 775 2954; x_wconf 87' lang='lat' dir='ltr'>periisse</span> <span class='ocrx_word' id='word_1_255' title='bbox 790 2892 918 2953; x_wconf 85' lang='lat' dir='ltr'>videntur,</span> <span class='ocrx_word' id='word_1_256' title='bbox 932 2893 993 2954; x_wconf 86' lang='lat' dir='ltr'>quia</span> <span class='ocrx_word' id='word_1_257' title='bbox 1007 2893 1034 2940; x_wconf 87' lang='lat' dir='ltr'>in</span> <span class='ocrx_word' id='word_1_258' title='bbox 1049 2891 1109 2956; x_wconf 76' lang='lat' dir='ltr'>Dip.</span> <span class='ocrx_word' id='word_1_259' title='bbox 1124 2893 1151 2940; x_wconf 88' lang='lat' dir='ltr'>iu</span> <span class='ocrx_word' id='word_1_260' title='bbox 1163 2894 1218 2954; x_wconf 82' lang='lat' dir='ltr'>fine</span> 
     </span>
     <span class='ocr_line' id='line_1_33' title="bbox 262 2958 1217 3025; baseline 0.002 -14"><span class='ocrx_word' id='word_1_261' title='bbox 262 2961 385 3011; x_wconf 86' lang='lat' dir='ltr'>additur:</span> <span class='ocrx_word' id='word_1_262' title='bbox 400 2958 570 3025; x_wconf 86' lang='lat' dir='ltr'>‘nequeenim</span> <span class='ocrx_word' id='word_1_263' title='bbox 584 2962 685 3011; x_wconf 85' lang='lat' dir='ltr'>tabulas</span> <span class='ocrx_word' id='word_1_264' title='bbox 696 2961 788 3024; x_wconf 85' lang='lat' dir='ltr'>facere</span> <span class='ocrx_word' id='word_1_265' title='bbox 802 2959 1010 3014; x_wconf 89' lang='lat' dir='ltr'>matrimonium&#39;.</span> <span class='ocrx_word' id='word_1_266' title='bbox 1037 2961 1075 3025; x_wconf 73' lang='lat' dir='ltr'>(is.</span> <span class='ocrx_word' id='word_1_267' title='bbox 1091 2961 1122 3013; x_wconf 83' lang='lat' dir='ltr'>L.</span> <span class='ocrx_word' id='word_1_268' title='bbox 1133 2973 1160 3012; x_wconf 80' lang='lat' dir='ltr'>et</span> <span class='ocrx_word' id='word_1_269' title='bbox 1169 2978 1217 3025; x_wconf 90' lang='lat' dir='ltr'>pr.</span> 
     </span>
     <span class='ocr_line' id='line_1_34' title="bbox 263 3029 1218 3096; baseline 0.001 -16"><span class='ocrx_word' id='word_1_270' title='bbox 263 3031 294 3082; x_wconf 87' lang='lat' dir='ltr'>D.</span> <span class='ocrx_word' id='word_1_271' title='bbox 310 3032 342 3081; x_wconf 90' lang='lat' dir='ltr'>de</span> <span class='ocrx_word' id='word_1_272' title='bbox 356 3032 415 3082; x_wconf 87' lang='lat' dir='ltr'>don.</span> <span class='ocrx_word' id='word_1_273' title='bbox 430 3033 476 3084; x_wconf 90' lang='lat' dir='ltr'>int.</span> <span class='ocrx_word' id='word_1_274' title='bbox 492 3033 540 3080; x_wconf 87' lang='lat' dir='ltr'>nir.</span> <span class='ocrx_word' id='word_1_275' title='bbox 556 3031 602 3096; x_wconf 80' lang='lat' dir='ltr'>(tt,</span> <span class='ocrx_word' id='word_1_276' title='bbox 617 3031 647 3096; x_wconf 90' lang='lat'>1).</span> <span class='ocrx_word' id='word_1_277' title='bbox 713 3029 735 3096; x_wconf 89' lang='lat'>⁴)</span> <span class='ocrx_word' id='word_1_278' title='bbox 753 3030 797 3080; x_wconf 86' lang='lat' dir='ltr'>Est</span> <span class='ocrx_word' id='word_1_279' title='bbox 811 3031 842 3082; x_wconf 85' lang='lat' dir='ltr'>L.</span> <span class='ocrx_word' id='word_1_280' title='bbox 857 3043 891 3082; x_wconf 79' lang='lat' dir='ltr'>st.</span> <span class='ocrx_word' id='word_1_281' title='bbox 906 3033 928 3093; x_wconf 65' lang='grc' dir='ltr'>ἓ.</span> <span class='ocrx_word' id='word_1_282' title='bbox 945 3044 964 3081; x_wconf 84' lang='grc'>1.</span> <span class='ocrx_word' id='word_1_283' title='bbox 984 3032 1016 3084; x_wconf 87' lang='lat' dir='ltr'>D.</span> <span class='ocrx_word' id='word_1_284' title='bbox 1032 3031 1101 3093; x_wconf 77' lang='lat' dir='ltr'>eod,</span> <span class='ocrx_word' id='word_1_285' title='bbox 1119 3032 1165 3082; x_wconf 87' lang='lat' dir='ltr'>sed</span> <span class='ocrx_word' id='word_1_286' title='bbox 1180 3032 1218 3081; x_wconf 85' lang='lat' dir='ltr'>idi</span> 
     </span>
     <span class='ocr_line' id='line_1_35' title="bbox 258 3098 1217 3168; baseline 0.001 -18"><span class='ocrx_word' id='word_1_287' title='bbox 258 3104 371 3166; x_wconf 87' lang='lat' dir='ltr'>plenior.</span> <span class='ocrx_word' id='word_1_288' title='bbox 437 3099 458 3168; x_wconf 78' lang='lat'>⁶)</span> <span class='ocrx_word' id='word_1_289' title='bbox 472 3101 521 3152; x_wconf 86' lang='lat' dir='ltr'>Est</span> <span class='ocrx_word' id='word_1_290' title='bbox 535 3102 566 3154; x_wconf 74' lang='lat' dir='ltr'>J..</span> <span class='ocrx_word' id='word_1_291' title='bbox 581 3114 615 3153; x_wconf 81' lang='lat'>81.</span> <span class='ocrx_word' id='word_1_292' title='bbox 631 3103 655 3162; x_wconf 68' lang='grc' dir='ltr'>ξ.</span> <span class='ocrx_word' id='word_1_293' title='bbox 669 3111 690 3150; x_wconf 75' lang='lat'>2.</span> <span class='ocrx_word' id='word_1_294' title='bbox 705 3101 737 3153; x_wconf 86' lang='lat' dir='ltr'>D.</span> <span class='ocrx_word' id='word_1_295' title='bbox 753 3102 808 3152; x_wconf 87' lang='lat' dir='ltr'>eod.</span> <span class='ocrx_word' id='word_1_296' title='bbox 873 3098 1023 3168; x_wconf 74' lang='lat' dir='ltr'>⁶)Iiestitui</span> <span class='ocrx_word' id='word_1_297' title='bbox 1037 3108 1061 3151; x_wconf 91' lang='lat' dir='ltr'>et</span> <span class='ocrx_word' id='word_1_298' title='bbox 1075 3103 1217 3152; x_wconf 80' lang='lat' dir='ltr'>emendavi.</span> 
     </span>
     <span class='ocr_line' id='line_1_36' title="bbox 261 3170 1218 3238; baseline 0.001 -17"><span class='ocrx_word' id='word_1_299' title='bbox 261 3171 310 3222; x_wconf 83' lang='lat' dir='ltr'>uita</span> <span class='ocrx_word' id='word_1_300' title='bbox 325 3171 387 3237; x_wconf 87' lang='lat' dir='ltr'>(pra</span> <span class='ocrx_word' id='word_1_301' title='bbox 396 3172 506 3238; x_wconf 82' lang='lat' dir='ltr'>scripta)</span> <span class='ocrx_word' id='word_1_302' title='bbox 521 3171 580 3222; x_wconf 87' lang='lat' dir='ltr'>Vut.</span> <span class='ocrx_word' id='word_1_303' title='bbox 590 3173 647 3224; x_wconf 86' lang='lat' dir='ltr'>edd.</span> <span class='ocrx_word' id='word_1_304' title='bbox 671 3170 817 3221; x_wconf 84' lang='lat' dir='ltr'>Secundum</span> <span class='ocrx_word' id='word_1_305' title='bbox 831 3171 859 3220; x_wconf 93' lang='lat' dir='ltr'><em>V</em></span> <span class='ocrx_word' id='word_1_306' title='bbox 860 3170 880 3220; x_wconf 58' lang='grc' dir='ltr'>θ,</span> <span class='ocrx_word' id='word_1_307' title='bbox 895 3174 923 3221; x_wconf 88' lang='lat' dir='ltr'>in</span> <span class='ocrx_word' id='word_1_308' title='bbox 938 3171 968 3220; x_wconf 90' lang='lat' dir='ltr'>V.</span> <span class='ocrx_word' id='word_1_309' title='bbox 984 3187 1039 3222; x_wconf 88' lang='lat' dir='ltr'>esse</span> <span class='ocrx_word' id='word_1_310' title='bbox 1049 3179 1113 3234; x_wconf 90' lang='lat' dir='ltr'>puto</span> <span class='ocrx_word' id='word_1_311' title='bbox 1127 3173 1218 3222; x_wconf 87' lang='lat' dir='ltr'>-ionis-</span> 
     </span>
     <span class='ocr_line' id='line_1_37' title="bbox 261 3240 1219 3310; baseline -0.001 -16"><span class='ocrx_word' id='word_1_312' title='bbox 261 3245 314 3294; x_wconf 75' lang='lat' dir='ltr'>irie</span> <span class='ocrx_word' id='word_1_313' title='bbox 328 3242 396 3310; x_wconf 88' lang='lat' dir='ltr'>(eum</span> <span class='ocrx_word' id='word_1_314' title='bbox 409 3249 540 3307; x_wconf 87' lang='lat' dir='ltr'>oporteret</span> <span class='ocrx_word' id='word_1_315' title='bbox 559 3243 634 3291; x_wconf 72' lang='lat' dir='ltr'>ionis</span> <span class='ocrx_word' id='word_1_316' title='bbox 649 3240 731 3307; x_wconf 76' lang='lat' dir='ltr'>siria).</span> <span class='ocrx_word' id='word_1_317' title='bbox 758 3243 798 3291; x_wconf 86' lang='lat' dir='ltr'>De</span> <span class='ocrx_word' id='word_1_318' title='bbox 816 3257 846 3291; x_wconf 87' lang='lat' dir='ltr'>rc</span> <span class='ocrx_word' id='word_1_319' title='bbox 866 3243 901 3306; x_wconf 78' lang='lat' dir='ltr'>ef.</span> <span class='ocrx_word' id='word_1_320' title='bbox 916 3244 938 3304; x_wconf 65' lang='grc' dir='ltr'>ξ.</span> <span class='ocrx_word' id='word_1_321' title='bbox 954 3253 1001 3294; x_wconf 78' lang='lat' dir='ltr'>tet.</span> <span class='ocrx_word' id='word_1_322' title='bbox 1030 3241 1062 3291; x_wconf 88' lang='lat' dir='ltr'>In</span> <span class='ocrx_word' id='word_1_323' title='bbox 1076 3242 1137 3307; x_wconf 80' lang='lat' dir='ltr'>Dip.</span> <span class='ocrx_word' id='word_1_324' title='bbox 1151 3243 1219 3293; x_wconf 81' lang='lat' dir='ltr'>daec</span> 
     </span>
     <span class='ocr_line' id='line_1_38' title="bbox 262 3311 1220 3378; baseline -0.002 -14"><span class='ocrx_word' id='word_1_325' title='bbox 262 3317 356 3365; x_wconf 89' lang='lat' dir='ltr'>omissa</span> <span class='ocrx_word' id='word_1_326' title='bbox 375 3321 435 3364; x_wconf 90' lang='lat' dir='ltr'>sunt</span> <span class='ocrx_word' id='word_1_327' title='bbox 454 3320 562 3377; x_wconf 89' lang='lat' dir='ltr'>propter</span> <span class='ocrx_word' id='word_1_328' title='bbox 582 3312 613 3364; x_wconf 85' lang='lat' dir='ltr'>L.</span> <span class='ocrx_word' id='word_1_329' title='bbox 633 3323 667 3364; x_wconf 77' lang='lat'>25.</span> <span class='ocrx_word' id='word_1_330' title='bbox 695 3312 721 3364; x_wconf 83' lang='lat'>0.</span> <span class='ocrx_word' id='word_1_331' title='bbox 740 3313 772 3362; x_wconf 88' lang='lat' dir='ltr'>de</span> <span class='ocrx_word' id='word_1_332' title='bbox 793 3313 852 3362; x_wconf 87' lang='lat' dir='ltr'>dan.</span> <span class='ocrx_word' id='word_1_333' title='bbox 874 3314 919 3364; x_wconf 88' lang='lat' dir='ltr'>int.</span> <span class='ocrx_word' id='word_1_334' title='bbox 941 3314 989 3362; x_wconf 85' lang='lat' dir='ltr'>uir.</span> <span class='ocrx_word' id='word_1_335' title='bbox 1014 3311 1044 3378; x_wconf 83' lang='lat'>(5,</span> <span class='ocrx_word' id='word_1_336' title='bbox 1063 3313 1107 3378; x_wconf 84' lang='lat'>16).</span> <span class='ocrx_word' id='word_1_337' title='bbox 1144 3311 1220 3372; x_wconf 87' lang='lat' dir='ltr'>Quod</span> 
     </span>
     <span class='ocr_line' id='line_1_39' title="bbox 262 3381 1219 3447; baseline -0.004 -13"><span class='ocrx_word' id='word_1_338' title='bbox 262 3384 376 3434; x_wconf 87' lang='lat' dir='ltr'>Momms.</span> <span class='ocrx_word' id='word_1_339' title='bbox 392 3385 519 3447; x_wconf 87' lang='lat' dir='ltr'>suppleuit</span> <span class='ocrx_word' id='word_1_340' title='bbox 535 3381 570 3433; x_wconf 88' lang='lat' dir='ltr'>‘si</span> <span class='ocrx_word' id='word_1_341' title='bbox 583 3383 676 3433; x_wconf 87' lang='lat' dir='ltr'>deinde</span> <span class='ocrx_word' id='word_1_342' title='bbox 690 3398 721 3432; x_wconf 84' lang='lat' dir='ltr'>ea</span> <span class='ocrx_word' id='word_1_343' title='bbox 730 3390 792 3446; x_wconf 88' lang='lat' dir='ltr'>pest</span> <span class='ocrx_word' id='word_1_344' title='bbox 805 3383 871 3432; x_wconf 87' lang='lat' dir='ltr'>diem</span> <span class='ocrx_word' id='word_1_345' title='bbox 885 3383 1086 3446; x_wconf 81' lang='lat' dir='ltr'>emancipationis</span> <span class='ocrx_word' id='word_1_346' title='bbox 1105 3382 1154 3431; x_wconf 86' lang='lat' dir='ltr'>uita</span> <span class='ocrx_word' id='word_1_347' title='bbox 1174 3383 1219 3431; x_wconf 92' lang='lat' dir='ltr'>de-</span> 
     </span>
     <span class='ocr_line' id='line_1_40' title="bbox 261 3450 1220 3517; baseline -0.001 -13"><span class='ocrx_word' id='word_1_348' title='bbox 261 3452 346 3504; x_wconf 86' lang='lat' dir='ltr'>cessit’</span> <span class='ocrx_word' id='word_1_349' title='bbox 362 3455 398 3504; x_wconf 87' lang='lat' dir='ltr'>ad</span> <span class='ocrx_word' id='word_1_350' title='bbox 411 3469 464 3503; x_wconf 87' lang='lat' dir='ltr'>rem</span> <span class='ocrx_word' id='word_1_351' title='bbox 483 3467 534 3503; x_wconf 87' lang='lat' dir='ltr'>uon</span> <span class='ocrx_word' id='word_1_352' title='bbox 551 3454 672 3517; x_wconf 87' lang='lat' dir='ltr'>pertinet.</span> <span class='ocrx_word' id='word_1_353' title='bbox 747 3450 906 3517; x_wconf 74' lang='lat' dir='ltr'>⁷)Iiestitui,</span> <span class='ocrx_word' id='word_1_354' title='bbox 921 3460 949 3502; x_wconf 92' lang='lat' dir='ltr'>ut</span> <span class='ocrx_word' id='word_1_355' title='bbox 963 3452 1108 3516; x_wconf 82' lang='lat' dir='ltr'>probabilis</span> <span class='ocrx_word' id='word_1_356' title='bbox 1126 3467 1220 3503; x_wconf 85' lang='lat' dir='ltr'>sensus</span> 
     </span>
     <span class='ocr_line' id='line_1_41' title="bbox 263 3521 1219 3590; baseline 0.002 -18"><span class='ocrx_word' id='word_1_357' title='bbox 263 3531 411 3586; x_wconf 88' lang='lat' dir='ltr'>appareret.</span> <span class='ocrx_word' id='word_1_358' title='bbox 441 3523 479 3586; x_wconf 79' lang='lat' dir='ltr'>Cf.</span> <span class='ocrx_word' id='word_1_359' title='bbox 494 3524 526 3576; x_wconf 88' lang='lat' dir='ltr'>L.</span> <span class='ocrx_word' id='word_1_360' title='bbox 541 3534 575 3575; x_wconf 74' lang='lat' dir='ltr'>ti.</span> <span class='ocrx_word' id='word_1_361' title='bbox 590 3525 613 3585; x_wconf 74' lang='grc'>5.</span> <span class='ocrx_word' id='word_1_362' title='bbox 629 3536 648 3574; x_wconf 93' lang='lat'>1.</span> <span class='ocrx_word' id='word_1_363' title='bbox 664 3523 696 3575; x_wconf 87' lang='lat' dir='ltr'>D.</span> <span class='ocrx_word' id='word_1_364' title='bbox 711 3523 743 3573; x_wconf 86' lang='lat' dir='ltr'>de</span> <span class='ocrx_word' id='word_1_365' title='bbox 757 3525 797 3572; x_wconf 89' lang='lat' dir='ltr'>rei</span> <span class='ocrx_word' id='word_1_366' title='bbox 811 3523 880 3573; x_wconf 87' lang='lat' dir='ltr'>vind.</span> <span class='ocrx_word' id='word_1_367' title='bbox 895 3521 969 3590; x_wconf 78' lang='lat'>(6,1).</span> <span class='ocrx_word' id='word_1_368' title='bbox 984 3522 1016 3574; x_wconf 73' lang='lat' dir='ltr'>I..</span> <span class='ocrx_word' id='word_1_369' title='bbox 1031 3534 1051 3574; x_wconf 81' lang='lat'>8.</span> <span class='ocrx_word' id='word_1_370' title='bbox 1071 3521 1102 3571; x_wconf 88' lang='lat' dir='ltr'>D.</span> <span class='ocrx_word' id='word_1_371' title='bbox 1118 3523 1150 3572; x_wconf 84' lang='lat' dir='ltr'>de</span> <span class='ocrx_word' id='word_1_372' title='bbox 1163 3523 1219 3574; x_wconf 86' lang='lat' dir='ltr'>dot.</span> 
     </span>
    </p>
   </div>
   <div class='ocr_carea' id='block_1_5' title="bbox 0 0 1352 4110">
    <p class='ocr_par' dir='ltr' id='par_1_5' title="bbox 0 0 1352 4110">
     <span class='ocr_line' id='line_1_42' title="bbox 0 0 1352 4110; baseline 0 0"><span class='ocrx_word' id='word_1_373' title='bbox 0 0 1352 4110; x_wconf 95' lang='lat' dir='ltr'> </span> 
     </span>
    </p>
   </div>
  </div>
 </body>
</html>
