2680 4118
418 172 453 208 ns
471 171 505 208 nn
523 171 622 209 vxonu
639 172 673 206 nc
692 172 811 208 mortuus.
1028 151 1089 217 749

392 386 433 426 Die
449 386 489 428 tiit
504 384 622 428 vxomn
637 385 676 427 nc
693 385 839 432 mortuui.

1113 468 1179 504 retu.

199 477 249 538 94.
275 474 497 537 ¹...PouHue
518 481 566 535 lib.
599 479 663 536 VII.
686 481 909 551 Responcorum.
954 481 1092 538 ‘Fundus
1114 511 1181 548 „spu

137 568 304 622 aestimatus
314 567 344 620 in
355 565 447 621 dotem
457 565 543 620 dctus
552 581 570 618 a
583 565 726 620 creditore
738 565 924 619 antecedente
936 579 974 620 ex
986 558 1090 642 causul
1111 553 1132 588 ι·
1149 553 1187 590 ⁷¹¹·

138 648 249 704 fiduciae
265 647 370 704 ablatus
381 656 438 714 est;
455 663 566 721 quaero,
582 662 615 701 an
631 646 736 717 mulier,
752 648 776 702 si
791 648 1003 703 aestimationem
1015 646 1199 718 dotissr.a.[1e]

139 740 252 805 repetat,
277 733 435 804 exceptione
451 728 635 786 submouenda
651 730 703 786 sit?
731 729 769 785 ait
790 731 876 802 enim,
900 747 929 786 se
951 739 1095 805 propterea

139 832 195 872 nou
211 815 307 882 teneri,
325 814 397 887 quod
413 823 489 886 pater
505 814 562 868 eius
578 813 669 868 dotem
684 829 733 886 pro
746 829 774 869 se
786 812 871 884 dedit,
887 815 930 870 cui
945 814 1024 870 heres
1039 830 1094 871 non

138 891 306 955 'eutiterit'²
327 897 436 954 Paullus
453 895 604 970 respondit,
626 895 690 969 ’pro
707 896 814 970 praedio
831 890 936 953 euicto³
956 901 1015 954 sine
1030 897 1093 955 dolo

138 991 166 1039 ct
191 982 271 1056 eulpa
292 983 343 1038 uiri
367 982 483 1054 pretium
506 981 610 1053 petenti
625 979 681 1035 doli
698 980 759 1036 mali
774 982 961 1053 exceptionem
982 980 1092 1055 obesse3

138 1082 207 1140 quae
222 1074 311 1121 tamen
327 1063 417 1121 officio
433 1063 529 1120 iudicis
544 1065 583 1120 rei
600 1066 711 1119 uxoriae
726 1064 889 1120 continetur.
918 1063 1022 1120 Poterit
1037 1081 1094 1121 mu·

138 1150 198 1207 lieri
213 1149 345 1222 prodesse
360 1149 424 1218 hoe,
441 1146 514 1220 quod
526 1148 572 1216 ait,
588 1163 617 1202 se
628 1147 699 1219 patri
714 1146 841 1203 heredem
856 1163 911 1203 non
927 1149 1056 1218 extitisse,
1072 1150 1094 1204 si

60 1241 129 1289 {⁶541
140 1225 366 1301 conuenientem*
388 1230 500 1303 amplius
516 1239 605 1286 autem
621 1238 649 1286 et
663 1232 794 1303 consequi
809 1247 866 1288 eam
882 1233 998 1304 pretium
1018 1231 1095 1290 luudl

140 1317 236 1385 euioti,
258 1314 371 1370 'euidens
393 1315 520 1386 iniquitas
543 1322 602 1384 est,
629 1329 690 1370 cum
712 1313 790 1370 dolus
816 1317 899 1388 patris
921 1316 973 1389 ipsi
995 1331 1094 1373 uouere

140 1396 244 1455 debeat.

199 1476 249 1539 ut.
273 1475 395 1536 l⁵Paulius
410 1479 565 1554 respondit,
588 1480 673 1536 solam
695 1483 867 1537 testationem
883 1481 954 1539 dotis
970 1492 1093 1556 repeten-

140 1565 190 1622 dae
205 1581 260 1621 nuu
275 1563 399 1621 sulficere
415 1563 563 1621 admoram
579 1564 636 1620 doti
652 1564 757 1636 iactam,
774 1572 804 1620 ut
816 1567 885 1621 actio
899 1568 957 1623 eius
971 1567 1003 1622 ad
1019 1568 1094 1624 here·

140 1649 201 1706 dem
216 1651 422 1706 transmittatur.

202 1728 252 1791 96.
275 1726 358 1790 ⁰‘ttie
373 1735 526 1807 nuptiarum
542 1727 609 1805 (uir)
626 1731 727 1804 uirgini
740 1730 840 1804 optulit
854 1747 963 1802 munus,
981 1739 1009 1786 et
1020 1733 1095 1788 duxit
1137 1729 1142 1740 ’

139 1833 208 1874 eam.
232 1833 333 1890 quaero
346 1817 379 1873 de
390 1815 557 1872 donatione?
588 1813 696 1870 Paullus
708 1813 858 1887 respondit,
873 1814 897 1868 si
909 1821 971 1870 ante
987 1817 1094 1887 nuptias

139 1899 218 1956 uxori
240 1899 352 1956 futurae
378 1897 491 1954 'situlus
514 1889 677 1970 argenteus⁷
700 1897 815 1953 traditus
838 1905 896 1968 cst,
923 1896 1095 1954 donationem

141 1981 287 2055 perlectam
302 1981 403 2049 uideri;
425 1979 523 2053 quodsi
538 1989 601 2053 post
616 1980 724 2052 nuptias
740 1979 849 2036 donatio
864 1981 1027 2052 intercessit,
1043 1980 1094 2038 ’ius

142 2058 236 2131 ciuiles
258 2064 429 2120 donationem
444 2063 590 2137 inpedisse.
627 2065 753 2136 quoniam
773 2065 857 2136 igitur
877 2063 920 2120 die
940 2068 1095 2138 nuptiarum

142 2164 240 2204 munus
256 2147 347 2204 datum
362 2149 534 2222 proponitur,
557 2146 661 2203 facilius
683 2149 712 2203 in
732 2147 832 2204 iudicio
855 2148 998 2204 examinari
1013 2163 1094 2223 posse

142 2241 250 2306 tempus
265 2230 418 2288 donationis
432 2240 463 2286 et
475 2232 646 2291 matrimonii.
725 2223 727 2226 ’

205 2311 252 2374 97.
268 2313 377 2370 Paullus
392 2313 543 2388 respoudit,
559 2315 595 2387 id,
611 2314 684 2388 quod
696 2314 767 2371 dotis
778 2316 886 2371 nomine
896 2316 992 2371 marito
1004 2315 1094 2373 datum

143 2407 201 2470 est,
223 2401 325 2473 sipost
341 2407 455 2456 mortem
471 2401 558 2454 mariti
574 2398 645 2454 nulla
661 2415 736 2455 mora
757 2401 909 2455 intercessit
931 2395 1038 2473 latone
1052 2404 1093 2457 ita

142 2486 245 2540 mutter
259 2475 417 2555 decessit),9
432 2482 502 2558 apud
517 2481 642 2539 heredem
658 2485 745 2540 mariti
761 2499 898 2539 remanere
914 2493 1051 2558 oportere.

216 2649 235 2717 ¹)
251 2650 299 2701 Est
312 2651 344 2700 L.
360 2664 393 2703 te.
408 2654 431 2713 §-
448 2664 467 2702 1.
487 2651 519 2700 tt.
535 2653 581 2701 eoi.
596 2658 669 2701 matr.
685 2650 730 2715 (et,
741 2649 772 2714 a).
829 2647 850 2716 ²)
865 2652 924 2718 etp.
940 2653 1016 2702 extitit
1035 2653 1092 2706 Vol.

142 2724 199 2772 edd.
265 2718 285 2787 ⁸)
306 2722 364 2772 Vnt.
379 2722 569 2786 praediocuietu
585 2721 644 2786 Dip.
659 2721 698 2770 ed.
713 2721 808 2772 Hoitw.
873 2719 1041 2786 ⁴)Amorito
1060 2739 1094 2776 eu·

142 2800 231 2856 empto.
246 2793 278 2842 L.
293 2803 326 2845 tit.
342 2794 365 2854 ἕ.
381 2806 401 2844 1.
425 2792 458 2840 D.
478 2793 509 2842 de
527 2799 577 2842 aot.
596 2800 669 2855 empt.
689 2791 739 2856 (19,
759 2791 789 2856 1).
864 2789 884 2857 ⁶)
901 2792 939 2855 Cf.
959 2793 1014 2857 Uip.
1029 2806 1054 2855 e,
1073 2806 1093 2846 t.

142 2864 174 2912 L.
190 2875 224 2915 ut.
244 2863 276 2912 D.
290 2866 336 2914 sot.
352 2870 425 2912 matr.
442 2861 486 2927 (ee,
501 2861 537 2928 a),
552 2862 625 2924 infra
647 2864 686 2924 ἐξ.
702 2874 735 2913 or.
751 2872 796 2912 112.
871 2857 891 2928 ⁸)
908 2863 946 2927 Cf.
961 2863 992 2912 L.
1008 2876 1041 2916 oc.
1062 2864 1094 2914 D.

143 2935 174 2983 de
188 2935 247 2984 don.
263 2935 308 2982 int.
323 2935 372 2982 vir.
386 2933 436 3000 (ut,
451 2932 482 3000 1).
501 2933 534 2982 L.
549 2945 569 2985 c.
595 2932 621 2982 0.
641 2934 673 2982 de
691 2933 750 2983 don.
770 2939 828 2982 onte
847 2949 872 2980 n.
892 2932 928 3000 (5,
942 2934 974 3000 8).
1001 2935 1094 2985 Paullo

138 3011 201 3066 post
217 3019 240 3052 u.
263 3000 328 3052 ‘uir'
349 3004 463 3054 Momms.
482 3005 616 3068 suppleuit.
692 3000 711 3068 ⁷)
730 3002 775 3053 Sic
793 3019 828 3052 ecc
851 3003 878 3052 V
879 3001 898 3054 ἃ.
917 3005 957 3054 ed.
981 3006 1092 3056 Monens.

146 3072 205 3121 Cum
218 3074 318 3131 situlus,
334 3089 405 3136 quem
422 3073 526 3124 Glossae
540 3081 672 3138 seponunt
686 3067 785 3133 sitos,
805 3077 898 3126 mundo
917 3075 1034 3124 muliebri
1048 3077 1094 3125 od-

144 3147 291 3192 numeretur
305 3141 391 3205 (Paul.
407 3142 433 3192 S.
446 3143 476 3195 it.
487 3156 508 3202 a,
518 3156 538 3195 e.
553 3147 575 3206 §-
587 3143 641 3210 su),
655 3147 775 3208 suspicor
789 3146 869 3194 moris
880 3146 971 3208 fuisse,
987 3153 1015 3194 ut
1024 3161 1093 3194 mun-

143 3214 192 3262 dus
206 3211 337 3262 muliebris
351 3221 471 3276 tanquam
485 3216 599 3277 nuptiate
614 3229 705 3264 munus
719 3217 746 3263 in
760 3216 884 3264 eiusmodi
898 3229 957 3264 uase
971 3229 988 3262 n
1001 3217 1093 3264 marito

143 3298 224 3334 nocue
238 3290 331 3346 nuptae
346 3284 494 3346 offerretur,
505 3285 571 3334 unde
581 3286 693 3348 perinde
702 3287 774 3334 situli
783 3298 872 3333 nomen
882 3285 1005 3342 innuerit,
1019 3291 1094 3348 atque

146 3353 215 3403 Gelli
228 3368 319 3404 munus
332 3369 349 3402 o
364 3355 429 3404 cado
443 3357 483 3404 vel
492 3357 580 3418 potius
594 3357 693 3405 codetlo
710 3350 832 3404 ‘cadeeu'
849 3355 986 3415 dicerunt,
1005 3361 1030 3402 et
1043 3357 1094 3418 ipsi

144 3423 254 3473 Romani
271 3426 325 3473 alic
343 3440 450 3474 munero
467 3427 605 3488 sportulas.
679 3421 700 3490 ⁸)
714 3423 759 3472 En
778 3425 806 3472 V
806 3421 827 3472 ἃ.
846 3423 886 3472 ed.
906 3423 1019 3474 Momms.
1038 3433 1093 3474 tuuc

144 3493 201 3542 iura
215 3495 253 3543 ed.
269 3493 361 3544 Hollw.
436 3492 545 3560 ⁹)Hoec
564 3497 691 3558 supplevi,
711 3510 767 3544 cum
785 3501 809 3544 et
827 3496 974 3545 necessario
994 3495 1094 3546 decide-
