2700 4118
438 446 714 519 HERENNIVS
741 444 1051 520 MODESTINVS.

542 620 584 677 En
607 621 708 678 libris
730 621 945 696 Regularum.
1240 639 1302 688 [stc]

333 719 359 780 1.
382 715 565 779 ¹iicdestiuus
587 722 742 796 regularum
765 721 834 778 libro
851 715 909 778 tx?
929 721 979 778 sub
1001 722 1081 778 titulo
1097 721 1226 780 debonis
1248 747 1258 762 ·

270 805 429 863 libertorum
451 813 479 863 et
501 806 534 862 dc
557 809 738 863 testamentis:
768 806 900 865 ‘Cumin
928 815 1089 862 testamento
1117 806 1174 862 dies
1197 816 1226 863 et

270 889 395 946 consules
410 889 506 947 adlecti
520 907 576 946 uon
591 899 663 956 sunt,
687 907 742 947 non
757 898 846 958 nocet,
870 893 1014 963 quominus
1037 890 1126 946 ualeat
1141 898 1225 948 testa·

271 973 413 1032 mentum?

503 1091 544 1148 En
566 1091 667 1148 ithris
689 1091 989 1150 differentiarum.

333 1191 362 1252 2.
387 1188 494 1251 ³‘inter
513 1209 591 1265 eum,
614 1193 711 1265 quiin
733 1194 846 1249 insulam
869 1193 1016 1266 relegatur,
1039 1202 1067 1248 et
1082 1209 1154 1267 eum,
1177 1197 1224 1267 qui

270 1279 447 1352 deportatur,
469 1293 565 1348 magna
587 1276 737 1332 diiicrentia
759 1276 825 1349 est',
848 1286 878 1333 ut
895 1278 932 1332 ait
947 1277 1111 1342 Herennium
1135 1280 1223 1351 primo

270 1361 344 1435 quod
365 1361 516 1434 relegatum
537 1359 608 1416 bona
630 1369 797 1433 sequuntur,
823 1362 874 1416 nisi
899 1361 1001 1416 inerint
1023 1363 1156 1417 sententia
1177 1361 1223 1417 ad·

272 1452 370 1518 emptu
386 1444 556 1517 deportatum
571 1459 627 1499 non
642 1454 805 1516 sequuntur,
825 1445 876 1500 nisi
897 1444 982 1517 palam
998 1445 1022 1499 ei
1043 1443 1145 1500 inerint
1160 1461 1223 1501 con·

270 1544 361 1585 cessa:
385 1529 422 1582 ita
444 1525 485 1599 fit,
508 1535 539 1582 ut
560 1527 681 1598 relegato
704 1531 868 1584 mentionem
891 1526 1024 1584 bonorum
1046 1530 1074 1584 iu
1090 1530 1223 1585 sententia

270 1628 326 1668 uou
341 1611 434 1668 haberi
449 1613 551 1685 prosit,
574 1611 716 1684 deportato
739 1621 843 1670 noceat.
887 1613 950 1668 item
970 1611 1071 1668 distent
1085 1620 1113 1668 et
1127 1615 1154 1668 iu
1169 1612 1223 1669 ioci

270 1696 411 1769 qualitate,
436 1695 509 1769 quod
531 1711 592 1750 euru
614 1695 735 1768 relegato
758 1695 865 1768 quidem
887 1696 1028 1752 humanius
1051 1697 1221 1770 transigitur,

269 1780 418 1853 deportatis
433 1795 500 1836 uero
516 1779 565 1835 hae
580 1779 670 1835 solent
683 1778 785 1835 insulae
800 1781 945 1852 assignari,
969 1796 1038 1852 quae
1054 1789 1118 1836 sunt
1133 1795 1222 1854 asper·

270 1865 368 1935 rimae,
391 1879 513 1938 quaeque
535 1871 599 1919 sunt
614 1862 695 1936 paulo
719 1863 828 1920 ’tentius
850 1857 976 1934 sumpto⁴
997 1863 1131 1938 supplicio
1149 1880 1222 1922 com·

270 1948 411 2022 parandae.

346 2115 366 2182 ¹)
379 2117 494 2165 Primum
508 2116 573 2165 llaec
586 2131 620 2165 ex
634 2117 722 2181 1977010
736 2132 753 2165 α
768 2116 846 2166 Petro
860 2123 998 2179 putresco
1013 2123 1118 2179 accepto
1133 2118 1222 2168 codice

271 2200 316 2237 rus.
331 2203 387 2237 cum
401 2187 467 2238 Mos.
483 2193 507 2235 et
521 2186 592 2238 Rom.
612 2189 694 2251 779771
714 2185 854 2236 collatione
868 2185 952 2234 Lutet.
967 2195 1027 2236 1578.
1044 2202 1072 2249 p.
1087 2197 1120 2237 st.
1140 2188 1223 2236 edidit

272 2258 303 2308 P.
319 2258 454 2316 Pithoeus,
469 2264 624 2320 postremum
639 2258 741 2306 adiecto
756 2258 847 2307 notitia
862 2258 992 2305 litteraria
1006 2255 1180 2321 Boecirinyius
1194 2259 1221 2306 in

270 2330 310 2378 ed.
330 2327 384 2390 Uip.
397 2328 493 2392 fragm.
508 2338 567 2378 1855.
579 2344 607 2391 p.
619 2340 664 2379 178.
717 2324 737 2392 ²)
752 2343 783 2376 111
798 2328 837 2376 ed.
853 2325 921 2375 Pitit.
937 2328 1054 2377 correxit
1068 2325 1089 2376 Ι.
1104 2327 1220 2391 Gotkofr.

273 2398 359 2462 Neque
373 2400 439 2446 enim
453 2404 496 2444 ΙΙΙ.
511 2399 558 2446 sed
571 2398 636 2448 libro
655 2406 695 2446 lx.
711 2397 871 2448 Modestinus
890 2403 913 2446 et
932 2397 963 2446 de
982 2395 1054 2446 bouis
1073 2397 1221 2448 libertorum

271 2467 313 2532 (t.
329 2479 349 2517 0.
371 2467 403 2514 D.
418 2468 450 2515 de
465 2469 481 2514 i.
493 2474 599 2528 putrore.
613 2480 652 2527 87,
668 2467 703 2533 14)
717 2475 741 2517 et
755 2469 786 2517 de
801 2469 956 2516 testamentis
969 2469 1035 2532 enit:
1053 2469 1221 2532 uidenturque

270 2538 327 2586 eius
340 2538 427 2598 operis
441 2536 544 2585 codices
557 2539 633 2586 etiam
647 2541 773 2588 miscellos
786 2541 874 2587 titulos
887 2537 1017 2595 notuisse,
1032 2537 1122 2602 quibus
1136 2540 1220 2588 diuer-

271 2622 316 2657 sae
330 2622 381 2664 res,
396 2621 447 2655 non
462 2605 493 2654 ab
508 2609 669 2668 insomnem
685 2616 712 2657 ui
722 2615 794 2671 puto,
809 2608 966 2666 Modestino,
982 2609 1130 2671 adscriptae
1144 2617 1169 2658 et
1182 2612 1220 2658 in-

270 2677 384 2739 scriptae
394 2683 475 2725 erunt.
525 2673 545 2742 8)
555 2677 629 2728 Haec
639 2679 762 2728 debentur
772 2678 904 2728 codicibus
918 2677 1067 2742 quibusdum
1077 2677 1221 2728 Isidorioni

272 2748 487 2810 Differentiarum
497 2746 566 2796 libri.
586 2748 630 2797 Er
640 2751 692 2799 aiio
701 2751 800 2812 primus
810 2749 881 2810 Cusp.
890 2747 1016 2798 Burthius
1025 2749 1125 2798 advers.
1136 2761 1220 2809 ss‚14.,

271 2833 306 2867 erc
315 2819 367 2867 otio
378 2817 508 2866 Arevaius
517 2819 544 2866 in
554 2817 654 2869 Isidori
667 2821 705 2868 ed.
718 2819 833 2868 Romana
847 2817 873 2866 Τ.
889 2818 919 2867 V.
931 2834 958 2881 p.
969 2830 1002 2870 26.
1013 2819 1103 2868 edidit.
1122 2819 1221 2868 Utrius-

271 2904 319 2953 que
333 2889 465 2937 iectionem
480 2891 621 2951 composuit
635 2889 817 2939 Lachmannus
828 2889 950 2938 Zeitscitr.
959 2889 980 2952 f.
990 2889 1076 2954 907017.
1088 2889 1160 2939 BW.
1173 2889 1219 2938 XI.

267 2975 294 3022 p.
311 2968 357 3009 115.
382 2958 539 3008 Postremum
553 2958 726 3024 Boecicinyius
740 2962 756 3008 i.
773 2976 793 3009 e.
810 2975 838 3022 p.
854 2970 899 3010 180.
915 2959 1007 3017 edidit,
1023 2975 1094 3023 quem
1110 2961 1169 3023 fere
1182 2975 1220 3010 se-

271 3030 380 3092 quimur.
415 3027 496 3078 Libro
517 3027 539 3078 Ι.
558 3030 765 3094 differentiarum
784 3030 852 3078 hunc
873 3031 955 3078 iocum
975 3029 1137 3078 tribuendum
1159 3045 1220 3088 esse,

272 3100 337 3148 idem
352 3098 382 3148 ob
396 3098 428 3147 L.
443 3108 476 3148 78.
496 3099 529 3148 Ι).
544 3100 575 3149 de
585 3102 678 3165 poenis
692 3098 740 3165 (48,
755 3098 790 3163 10)
805 3100 923 3149 coniecit.
951 3100 995 3148 Ad
1007 3115 1061 3149 rem
1076 3100 1111 3163 cf.
1125 3099 1220 3150 Isidor.

272 3171 338 3235 0779.
353 3179 374 3228 5,
388 3179 421 3221 2⁷.
437 3170 460 3230 ἓ.
475 3180 508 3222 18.
528 3169 560 3220 L.
574 3182 595 3220 t.
615 3171 646 3219 L.
663 3183 695 3222 14.
711 3173 733 3232 ἓ.
750 3183 769 3222 1.
789 3169 820 3218 L.
837 3181 861 3220 18
871 3185 915 3232 pr.
935 3170 966 3218 D.
982 3170 1014 3220 de
1028 3171 1121 3219 interd.
1136 3178 1162 3220 et
1175 3173 1220 3220 rei.

272 3238 316 3305 (48,
331 3239 375 3304 77).
427 3235 448 3304 ⁴)
462 3237 579 3304 Scripsi5
594 3242 670 3290 minus
685 3254 776 3289 summo
791 3240 848 3289 edd.
871 3239 908 3302 Os.
925 3239 993 3288 Plin.
1011 3239 1042 3288 N.
1052 3239 1087 3289 H.
1099 3252 1132 3302 11,
1143 3250 1176 3298 10,
1187 3253 1220 3292 so.

274 3308 338 3361 ‘nisi
350 3310 419 3375 quod
429 3312 555 3376 muniere
569 3313 695 3375 supplicio
710 3313 778 3360 iente
788 3325 839 3374 per
849 3310 962 3359 triduum
972 3317 1052 3360 morte
1062 3307 1221 3374 conficiunt'.
