<?xml version="1.0" encoding="UTF-8"?>
<!DOCTYPE html PUBLIC "-//W3C//DTD XHTML 1.0 Transitional//EN"
    "http://www.w3.org/TR/xhtml1/DTD/xhtml1-transitional.dtd">
<html xmlns="http://www.w3.org/1999/xhtml" xml:lang="en" lang="en">
 <head>
  <title>
</title>
<meta http-equiv="Content-Type" content="text/html;charset=utf-8" />
  <meta name='ocr-system' content='tesseract 3.04.00' />
  <meta name='ocr-capabilities' content='ocr_page ocr_carea ocr_par ocr_line ocrx_word'/>
</head>
<body>
  <div class='ocr_page' id='page_1' title='image "./ivrisprvdentiae00huscgoog_0632.png"; bbox 0 0 2700 4118; ppageno 0'>
   <div class='ocr_carea' id='block_1_1' title="bbox 255 179 1019 254">
    <p class='ocr_par' dir='ltr' id='par_1_1' title="bbox 255 179 1019 254">
     <span class='ocr_line' id='line_1_1' title="bbox 255 179 1019 254; baseline -0.005 -16"><span class='ocrx_word' id='word_1_1' title='bbox 255 188 321 254; x_wconf 72' lang='lat'>610¹</span> <span class='ocrx_word' id='word_1_2' title='bbox 440 198 543 236; x_wconf 83' lang='lat' dir='ltr'>nourrrr</span> <span class='ocrx_word' id='word_1_3' title='bbox 561 198 667 236; x_wconf 78' lang='lat' dir='ltr'>vurraua</span> <span class='ocrx_word' id='word_1_4' title='bbox 685 198 782 236; x_wconf 72' lang='lat' dir='ltr'>aaron</span> <span class='ocrx_word' id='word_1_5' title='bbox 802 179 885 236; x_wconf 65' lang='lat' dir='ltr'>XXV,</span> <span class='ocrx_word' id='word_1_6' title='bbox 907 183 1019 236; x_wconf 58' lang='lat'>14-418.</span> 
     </span>
    </p>
   </div>
   <div class='ocr_carea' id='block_1_2' title="bbox 148 319 1274 2145">
    <p class='ocr_par' dir='ltr' id='par_1_2' title="bbox 148 319 1274 2145">
     <span class='ocr_line' id='line_1_2' title="bbox 148 319 1209 405; baseline 0.001 -20"><span class='ocrx_word' id='word_1_7' title='bbox 148 331 244 380; x_wconf 68' lang='lat' dir='ltr'>201⁸oe</span> <span class='ocrx_word' id='word_1_8' title='bbox 316 326 357 386; x_wconf 85' lang='lat'>14.</span> <span class='ocrx_word' id='word_1_9' title='bbox 383 321 437 394; x_wconf 87' lang='lat' dir='ltr'>¹ls,</span> <span class='ocrx_word' id='word_1_10' title='bbox 455 329 502 401; x_wconf 87' lang='lat' dir='ltr'>qui</span> <span class='ocrx_word' id='word_1_11' title='bbox 518 319 523 405; x_wconf 89' lang='grc'><strong>1</strong></span> <span class='ocrx_word' id='word_1_12' title='bbox 539 335 652 401; x_wconf 77' lang='lat' dir='ltr'>rogatus</span> <span class='ocrx_word' id='word_1_13' title='bbox 667 335 709 384; x_wconf 85' lang='lat' dir='ltr'>est</span> <span class='ocrx_word' id='word_1_14' title='bbox 724 327 768 384; x_wconf 89' lang='lat' dir='ltr'>alii</span> <span class='ocrx_word' id='word_1_15' title='bbox 781 329 925 386; x_wconf 75' lang='lat' dir='ltr'><strong>restituere</strong></span> <span class='ocrx_word' id='word_1_16' title='bbox 940 327 1127 400; x_wconf 75' lang='lat' dir='ltr'>hereditatem,</span> <span class='ocrx_word' id='word_1_17' title='bbox 1145 327 1209 402; x_wconf 80' lang='lat' dir='ltr'>lege</span> 
     </span>
     <span class='ocr_line' id='line_1_3' title="bbox 255 407 1208 487; baseline 0 -17"><span class='ocrx_word' id='word_1_18' title='bbox 255 412 363 487; x_wconf 88' lang='lat' dir='ltr'>quidem</span> <span class='ocrx_word' id='word_1_19' title='bbox 377 408 491 468; x_wconf 76' lang='lat' dir='ltr'>Falcidia</span> <span class='ocrx_word' id='word_1_20' title='bbox 508 407 620 486; x_wconf 84' lang='lat' dir='ltr'>(lorum)</span> <span class='ocrx_word' id='word_1_21' title='bbox 635 427 690 468; x_wconf 89' lang='lat' dir='ltr'>nou</span> <span class='ocrx_word' id='word_1_22' title='bbox 705 410 835 484; x_wconf 89' lang='lat' dir='ltr'>habente,</span> <span class='ocrx_word' id='word_1_23' title='bbox 853 413 979 486; x_wconf 89' lang='lat' dir='ltr'>quoniam</span> <span class='ocrx_word' id='word_1_24' title='bbox 994 427 1049 468; x_wconf 91' lang='lat' dir='ltr'>nou</span> <span class='ocrx_word' id='word_1_25' title='bbox 1063 410 1125 485; x_wconf 87' lang='lat' dir='ltr'>plus</span> <span class='ocrx_word' id='word_1_26' title='bbox 1140 419 1208 486; x_wconf 88' lang='lat' dir='ltr'>puta</span> 
     </span>
     <span class='ocr_line' id='line_1_4' title="bbox 254 493 1208 572; baseline -0.002 -18"><span class='ocrx_word' id='word_1_27' title='bbox 254 512 334 572; x_wconf 88' lang='lat' dir='ltr'>quam</span> <span class='ocrx_word' id='word_1_28' title='bbox 354 495 512 552; x_wconf 75' lang='lat' dir='ltr'>dodrantem</span> <span class='ocrx_word' id='word_1_29' title='bbox 531 496 673 552; x_wconf 79' lang='lat' dir='ltr'>restituere</span> <span class='ocrx_word' id='word_1_30' title='bbox 691 503 805 568; x_wconf 79' lang='lat' dir='ltr'>rogatus</span> <span class='ocrx_word' id='word_1_31' title='bbox 819 503 877 568; x_wconf 90' lang='lat' dir='ltr'>est,</span> <span class='ocrx_word' id='word_1_32' title='bbox 898 512 931 552; x_wconf 83' lang='lat' dir='ltr'>ex</span> <span class='ocrx_word' id='word_1_33' title='bbox 946 493 1115 554; x_wconf 83' lang='lat' dir='ltr'>Trebelliano</span> <span class='ocrx_word' id='word_1_34' title='bbox 1130 512 1208 552; x_wconf 85' lang='lat' dir='ltr'>sena·</span> 
     </span>
     <span class='ocr_line' id='line_1_5' title="bbox 255 579 1206 652; baseline -0.001 -15"><span class='ocrx_word' id='word_1_35' title='bbox 255 587 299 637; x_wconf 85' lang='lat' dir='ltr'>tus</span> <span class='ocrx_word' id='word_1_36' title='bbox 321 579 446 636; x_wconf 85' lang='lat' dir='ltr'>consulto</span> <span class='ocrx_word' id='word_1_37' title='bbox 468 580 604 650; x_wconf 82' lang='lat' dir='ltr'>restituit,</span> <span class='ocrx_word' id='word_1_38' title='bbox 626 587 657 636; x_wconf 91' lang='lat' dir='ltr'>ut</span> <span class='ocrx_word' id='word_1_39' title='bbox 671 580 697 634; x_wconf 90' lang='lat' dir='ltr'>ei</span> <span class='ocrx_word' id='word_1_40' title='bbox 711 587 739 636; x_wconf 88' lang='lat' dir='ltr'>et</span> <span class='ocrx_word' id='word_1_41' title='bbox 753 581 781 636; x_wconf 88' lang='lat' dir='ltr'>iu</span> <span class='ocrx_word' id='word_1_42' title='bbox 799 595 861 636; x_wconf 87' lang='lat' dir='ltr'>eum</span> <span class='ocrx_word' id='word_1_43' title='bbox 883 579 982 638; x_wconf 90' lang='lat' dir='ltr'>deutur</span> <span class='ocrx_word' id='word_1_44' title='bbox 1000 579 1139 652; x_wconf 84' lang='lat' dir='ltr'>actiones,</span> <span class='ocrx_word' id='word_1_45' title='bbox 1162 582 1206 638; x_wconf 87' lang='lat' dir='ltr'>cui</span> 
     </span>
     <span class='ocr_line' id='line_1_6' title="bbox 253 661 1207 736; baseline -0.002 -14"><span class='ocrx_word' id='word_1_46' title='bbox 253 665 379 722; x_wconf 85' lang='lat' dir='ltr'>restituta</span> <span class='ocrx_word' id='word_1_47' title='bbox 401 670 444 720; x_wconf 88' lang='lat' dir='ltr'>est</span> <span class='ocrx_word' id='word_1_48' title='bbox 465 663 610 721; x_wconf 86' lang='lat' dir='ltr'>hereditas.</span> <span class='ocrx_word' id='word_1_49' title='bbox 659 662 720 736; x_wconf 80' lang='lat' dir='ltr'>lege</span> <span class='ocrx_word' id='word_1_50' title='bbox 745 671 834 720; x_wconf 89' lang='lat' dir='ltr'>autem</span> <span class='ocrx_word' id='word_1_51' title='bbox 856 661 971 720; x_wconf 76' lang='lat' dir='ltr'>Falcidia</span> <span class='ocrx_word' id='word_1_52' title='bbox 996 665 1207 736; x_wconf 85' lang='lat' dir='ltr'>interueniente,</span> 
     </span>
     <span class='ocr_line' id='line_1_7' title="bbox 254 745 1207 822; baseline 0.001 -18"><span class='ocrx_word' id='word_1_53' title='bbox 254 749 380 822; x_wconf 88' lang='lat' dir='ltr'>quoniam</span> <span class='ocrx_word' id='word_1_54' title='bbox 392 747 454 820; x_wconf 84' lang='lat' dir='ltr'>plus</span> <span class='ocrx_word' id='word_1_55' title='bbox 465 745 624 804; x_wconf 85' lang='lat' dir='ltr'>dodrantem</span> <span class='ocrx_word' id='word_1_56' title='bbox 635 746 680 804; x_wconf 93' lang='lat' dir='ltr'>uel</span> <span class='ocrx_word' id='word_1_57' title='bbox 691 747 770 804; x_wconf 90' lang='lat' dir='ltr'>etiam</span> <span class='ocrx_word' id='word_1_58' title='bbox 782 754 865 804; x_wconf 89' lang='lat' dir='ltr'>totam</span> <span class='ocrx_word' id='word_1_59' title='bbox 875 746 1050 804; x_wconf 86' lang='lat' dir='ltr'>hereditatem</span> <span class='ocrx_word' id='word_1_60' title='bbox 1062 749 1207 806; x_wconf 88' lang='lat' dir='ltr'>restituere</span> 
     </span>
     <span class='ocr_line' id='line_1_8' title="bbox 254 823 1206 906; baseline 0 -18"><span class='ocrx_word' id='word_1_61' title='bbox 254 839 366 906; x_wconf 75' lang='lat' dir='ltr'>rogatus</span> <span class='ocrx_word' id='word_1_62' title='bbox 381 823 458 896; x_wconf 83' lang='lat' dir='ltr'>&#39;esi,·²</span> <span class='ocrx_word' id='word_1_63' title='bbox 480 845 513 888; x_wconf 83' lang='lat' dir='ltr'>ex</span> <span class='ocrx_word' id='word_1_64' title='bbox 527 829 675 904; x_wconf 73' lang='lat' dir='ltr'>Pegasiano</span> <span class='ocrx_word' id='word_1_65' title='bbox 690 839 800 888; x_wconf 88' lang='lat' dir='ltr'>senatus</span> <span class='ocrx_word' id='word_1_66' title='bbox 816 830 942 888; x_wconf 81' lang='lat' dir='ltr'>consulto</span> <span class='ocrx_word' id='word_1_67' title='bbox 957 831 1092 906; x_wconf 86' lang='lat' dir='ltr'>restituit,</span> <span class='ocrx_word' id='word_1_68' title='bbox 1114 839 1145 888; x_wconf 90' lang='lat' dir='ltr'>ut</span> <span class='ocrx_word' id='word_1_69' title='bbox 1160 831 1206 888; x_wconf 90' lang='lat' dir='ltr'>de·</span> 
     </span>
     <span class='ocr_line' id='line_1_9' title="bbox 254 906 1206 990; baseline 0 -18"><span class='ocrx_word' id='word_1_70' title='bbox 254 915 334 974; x_wconf 91' lang='lat' dir='ltr'>ducta</span> <span class='ocrx_word' id='word_1_71' title='bbox 347 923 425 988; x_wconf 89' lang='lat' dir='ltr'>parte</span> <span class='ocrx_word' id='word_1_72' title='bbox 439 921 534 988; x_wconf 89' lang='lat' dir='ltr'>quarta</span> <span class='ocrx_word' id='word_1_73' title='bbox 549 915 616 988; x_wconf 80' lang='lat' dir='ltr'>ipsi,</span> <span class='ocrx_word' id='word_1_74' title='bbox 638 915 685 988; x_wconf 87' lang='lat' dir='ltr'>qui</span> <span class='ocrx_word' id='word_1_75' title='bbox 700 916 819 990; x_wconf 89' lang='lat' dir='ltr'>scriptus</span> <span class='ocrx_word' id='word_1_76' title='bbox 834 923 876 972; x_wconf 88' lang='lat' dir='ltr'>est</span> <span class='ocrx_word' id='word_1_77' title='bbox 889 915 982 986; x_wconf 86' lang='lat' dir='ltr'>heres,</span> <span class='ocrx_word' id='word_1_78' title='bbox 1003 906 1060 970; x_wconf 82' lang='lat' dir='ltr'>&#39;et³</span> <span class='ocrx_word' id='word_1_79' title='bbox 1074 915 1102 972; x_wconf 92' lang='lat' dir='ltr'>in</span> <span class='ocrx_word' id='word_1_80' title='bbox 1117 915 1206 988; x_wconf 88' lang='lat' dir='ltr'>ipsum</span> 
     </span>
     <span class='ocr_line' id='line_1_10' title="bbox 254 997 1205 1074; baseline -0.001 -18"><span class='ocrx_word' id='word_1_81' title='bbox 254 1000 373 1058; x_wconf 85' lang='lat' dir='ltr'>actiones</span> <span class='ocrx_word' id='word_1_82' title='bbox 384 1006 594 1072; x_wconf 79' lang='lat' dir='ltr'>conserueutur3</span> <span class='ocrx_word' id='word_1_83' title='bbox 612 999 744 1069; x_wconf 88' lang='lat' dir='ltr'>isautem,</span> <span class='ocrx_word' id='word_1_84' title='bbox 761 1000 808 1071; x_wconf 87' lang='lat' dir='ltr'>qui</span> <span class='ocrx_word' id='word_1_85' title='bbox 818 998 916 1072; x_wconf 85' lang='lat' dir='ltr'>recipit</span> <span class='ocrx_word' id='word_1_86' title='bbox 930 997 1117 1070; x_wconf 88' lang='lat' dir='ltr'>hereditatem,</span> <span class='ocrx_word' id='word_1_87' title='bbox 1131 999 1205 1074; x_wconf 79' lang='lat' dir='ltr'>lega·</span> 
     </span>
     <span class='ocr_line' id='line_1_11' title="bbox 253 1075 1206 1156; baseline -0.001 -16"><span class='ocrx_word' id='word_1_88' title='bbox 253 1084 313 1140; x_wconf 86' lang='lat' dir='ltr'>terli</span> <span class='ocrx_word' id='word_1_89' title='bbox 340 1082 402 1142; x_wconf 91' lang='lat' dir='ltr'>loco</span> <span class='ocrx_word' id='word_1_90' title='bbox 429 1081 570 1140; x_wconf 87' lang='lat' dir='ltr'>habeatur.</span> <span class='ocrx_word' id='word_1_91' title='bbox 620 1078 661 1138; x_wconf 80' lang='lat' dir='ltr'>ld.</span> <span class='ocrx_word' id='word_1_92' title='bbox 691 1075 914 1156; x_wconf 78' lang='lat' dir='ltr'>⁴E1Pepasiaoo</span> <span class='ocrx_word' id='word_1_93' title='bbox 942 1091 1051 1140; x_wconf 85' lang='lat' dir='ltr'>senatus</span> <span class='ocrx_word' id='word_1_94' title='bbox 1079 1082 1206 1140; x_wconf 88' lang='lat' dir='ltr'>consulto</span> 
     </span>
     <span class='ocr_line' id='line_1_12' title="bbox 252 1163 1206 1226; baseline 0 -2"><span class='ocrx_word' id='word_1_95' title='bbox 252 1168 378 1226; x_wconf 83' lang='lat' dir='ltr'>restituta</span> <span class='ocrx_word' id='word_1_96' title='bbox 399 1165 548 1224; x_wconf 87' lang='lat' dir='ltr'>hereditate</span> <span class='ocrx_word' id='word_1_97' title='bbox 568 1165 709 1224; x_wconf 90' lang='lat' dir='ltr'>commoda</span> <span class='ocrx_word' id='word_1_98' title='bbox 723 1174 750 1222; x_wconf 91' lang='lat' dir='ltr'>et</span> <span class='ocrx_word' id='word_1_99' title='bbox 770 1165 939 1222; x_wconf 85' lang='lat' dir='ltr'>incommoda</span> <span class='ocrx_word' id='word_1_100' title='bbox 954 1163 1112 1222; x_wconf 88' lang='lat' dir='ltr'>hereditatis</span> <span class='ocrx_word' id='word_1_101' title='bbox 1133 1183 1206 1224; x_wconf 90' lang='lat' dir='ltr'>com·</span> 
     </span>
     <span class='ocr_line' id='line_1_13' title="bbox 253 1248 1206 1324; baseline -0.002 -16"><span class='ocrx_word' id='word_1_102' title='bbox 253 1252 424 1308; x_wconf 89' lang='lat' dir='ltr'>municantur</span> <span class='ocrx_word' id='word_1_103' title='bbox 437 1251 510 1306; x_wconf 90' lang='lat' dir='ltr'>inter</span> <span class='ocrx_word' id='word_1_104' title='bbox 524 1248 650 1306; x_wconf 90' lang='lat' dir='ltr'>heredem</span> <span class='ocrx_word' id='word_1_105' title='bbox 666 1257 694 1306; x_wconf 86' lang='lat' dir='ltr'>et</span> <span class='ocrx_word' id='word_1_106' title='bbox 708 1265 780 1318; x_wconf 88' lang='lat' dir='ltr'>eum,</span> <span class='ocrx_word' id='word_1_107' title='bbox 796 1251 839 1306; x_wconf 91' lang='lat' dir='ltr'>cui</span> <span class='ocrx_word' id='word_1_108' title='bbox 854 1249 975 1324; x_wconf 87' lang='lat' dir='ltr'>reliquae</span> <span class='ocrx_word' id='word_1_109' title='bbox 990 1256 1081 1323; x_wconf 84' lang='lat' dir='ltr'>partes</span> <span class='ocrx_word' id='word_1_110' title='bbox 1096 1251 1206 1306; x_wconf 88' lang='lat' dir='ltr'>restitu-</span> 
     </span>
     <span class='ocr_line' id='line_1_14' title="bbox 255 1332 1207 1407; baseline 0 -15"><span class='ocrx_word' id='word_1_111' title='bbox 255 1343 296 1392; x_wconf 87' lang='lat' dir='ltr'>tae</span> <span class='ocrx_word' id='word_1_112' title='bbox 316 1341 397 1404; x_wconf 80' lang='lat' dir='ltr'>rum,</span> <span class='ocrx_word' id='word_1_113' title='bbox 419 1334 586 1406; x_wconf 87' lang='lat' dir='ltr'>interpositis</span> <span class='ocrx_word' id='word_1_114' title='bbox 608 1332 826 1407; x_wconf 85' lang='lat' dir='ltr'>stipulationibus</span> <span class='ocrx_word' id='word_1_115' title='bbox 848 1333 881 1390; x_wconf 92' lang='lat' dir='ltr'>ad</span> <span class='ocrx_word' id='word_1_116' title='bbox 904 1333 1056 1407; x_wconf 83' lang='lat' dir='ltr'>exemplum</span> <span class='ocrx_word' id='word_1_117' title='bbox 1078 1335 1164 1407; x_wconf 83' lang='lat' dir='ltr'>partis</span> <span class='ocrx_word' id='word_1_118' title='bbox 1178 1341 1207 1392; x_wconf 89' lang='lat' dir='ltr'>et</span> 
     </span>
     <span class='ocr_line' id='line_1_15' title="bbox 253 1416 1206 1492; baseline 0.002 -20"><span class='ocrx_word' id='word_1_119' title='bbox 253 1432 303 1492; x_wconf 93' lang='lat' dir='ltr'>pro</span> <span class='ocrx_word' id='word_1_120' title='bbox 325 1423 401 1491; x_wconf 88' lang='lat' dir='ltr'>parte</span> <span class='ocrx_word' id='word_1_121' title='bbox 424 1416 637 1490; x_wconf 87' lang='lat' dir='ltr'>stipulationum.</span> <span class='ocrx_word' id='word_1_122' title='bbox 681 1419 766 1492; x_wconf 81' lang='lat' dir='ltr'>partis</span> <span class='ocrx_word' id='word_1_123' title='bbox 781 1424 871 1474; x_wconf 89' lang='lat' dir='ltr'>autem</span> <span class='ocrx_word' id='word_1_124' title='bbox 886 1425 912 1474; x_wconf 87' lang='lat' dir='ltr'>ei</span> <span class='ocrx_word' id='word_1_125' title='bbox 928 1433 978 1491; x_wconf 92' lang='lat' dir='ltr'>pro</span> <span class='ocrx_word' id='word_1_126' title='bbox 1000 1423 1077 1491; x_wconf 85' lang='lat' dir='ltr'>parte</span> <span class='ocrx_word' id='word_1_127' title='bbox 1091 1416 1206 1492; x_wconf 84' lang='lat' dir='ltr'>stipula·</span> 
     </span>
     <span class='ocr_line' id='line_1_16' title="bbox 253 1499 1206 1574; baseline 0.002 -18"><span class='ocrx_word' id='word_1_128' title='bbox 253 1502 343 1557; x_wconf 88' lang='lat' dir='ltr'>tiones</span> <span class='ocrx_word' id='word_1_129' title='bbox 363 1501 472 1574; x_wconf 85' lang='lat' dir='ltr'>proprie</span> <span class='ocrx_word' id='word_1_130' title='bbox 494 1499 636 1572; x_wconf 86' lang='lat' dir='ltr'>dicuntur,</span> <span class='ocrx_word' id='word_1_131' title='bbox 659 1517 728 1574; x_wconf 90' lang='lat' dir='ltr'>quae</span> <span class='ocrx_word' id='word_1_132' title='bbox 750 1500 783 1557; x_wconf 89' lang='lat' dir='ltr'>de</span> <span class='ocrx_word' id='word_1_133' title='bbox 798 1499 874 1558; x_wconf 92' lang='lat' dir='ltr'>lucro</span> <span class='ocrx_word' id='word_1_134' title='bbox 895 1507 923 1558; x_wconf 88' lang='lat' dir='ltr'>et</span> <span class='ocrx_word' id='word_1_135' title='bbox 939 1501 1035 1558; x_wconf 90' lang='lat' dir='ltr'>damno</span> <span class='ocrx_word' id='word_1_136' title='bbox 1058 1503 1206 1558; x_wconf 89' lang='lat' dir='ltr'>commuui-</span> 
     </span>
     <span class='ocr_line' id='line_1_17' title="bbox 206 1583 1203 1658; baseline -0.002 -16"><span class='ocrx_word' id='word_1_137' title='bbox 206 1589 207 1592; x_wconf 75' lang='grc'>’</span> <span class='ocrx_word' id='word_1_138' title='bbox 253 1584 339 1642; x_wconf 90' lang='lat' dir='ltr'>cando</span> <span class='ocrx_word' id='word_1_139' title='bbox 354 1583 444 1640; x_wconf 89' lang='lat' dir='ltr'>solent</span> <span class='ocrx_word' id='word_1_140' title='bbox 459 1585 595 1658; x_wconf 90' lang='lat' dir='ltr'>interponi</span> <span class='ocrx_word' id='word_1_141' title='bbox 605 1585 676 1640; x_wconf 90' lang='lat' dir='ltr'>inter</span> <span class='ocrx_word' id='word_1_142' title='bbox 688 1583 813 1642; x_wconf 88' lang='lat' dir='ltr'>heredem</span> <span class='ocrx_word' id='word_1_143' title='bbox 826 1592 853 1640; x_wconf 90' lang='lat' dir='ltr'>et</span> <span class='ocrx_word' id='word_1_144' title='bbox 863 1583 1023 1658; x_wconf 81' lang='lat' dir='ltr'>legatarium</span> <span class='ocrx_word' id='word_1_145' title='bbox 1037 1586 1203 1658; x_wconf 84' lang='lat' dir='ltr'>partiarium,</span> 
     </span>
     <span class='ocr_line' id='line_1_18' title="bbox 253 1661 1204 1742; baseline 0 -18"><span class='ocrx_word' id='word_1_146' title='bbox 253 1667 358 1739; x_wconf 89' lang='lat' dir='ltr'>idest,</span> <span class='ocrx_word' id='word_1_147' title='bbox 380 1683 441 1724; x_wconf 86' lang='lat' dir='ltr'>aum</span> <span class='ocrx_word' id='word_1_148' title='bbox 462 1683 516 1741; x_wconf 90' lang='lat' dir='ltr'>quo</span> <span class='ocrx_word' id='word_1_149' title='bbox 538 1667 650 1742; x_wconf 81' lang='lat' dir='ltr'>’partiri</span> <span class='ocrx_word' id='word_1_150' title='bbox 669 1662 783 1726; x_wconf 72' lang='lat' dir='ltr'>nessus⁵</span> <span class='ocrx_word' id='word_1_151' title='bbox 804 1675 847 1724; x_wconf 90' lang='lat' dir='ltr'>est</span> <span class='ocrx_word' id='word_1_152' title='bbox 867 1668 957 1726; x_wconf 59' lang='lat' dir='ltr'>heresa</span> <span class='ocrx_word' id='word_1_153' title='bbox 1000 1661 1041 1726; x_wconf 79' lang='lat' dir='ltr'>lt.</span> <span class='ocrx_word' id='word_1_154' title='bbox 1065 1663 1111 1726; x_wconf 68' lang='lat' dir='ltr'>0Si</span> <span class='ocrx_word' id='word_1_155' title='bbox 1126 1669 1204 1726; x_wconf 88' lang='lat' dir='ltr'>heres</span> 
     </span>
     <span class='ocr_line' id='line_1_19' title="bbox 253 1750 1274 1825; baseline 0 -17"><span class='ocrx_word' id='word_1_156' title='bbox 253 1753 407 1808; x_wconf 89' lang='lat' dir='ltr'>damnosam</span> <span class='ocrx_word' id='word_1_157' title='bbox 427 1750 603 1808; x_wconf 88' lang='lat' dir='ltr'>hereditatem</span> <span class='ocrx_word' id='word_1_158' title='bbox 625 1751 711 1823; x_wconf 89' lang='lat' dir='ltr'>dicat,</span> <span class='ocrx_word' id='word_1_159' title='bbox 733 1755 843 1825; x_wconf 79' lang='lat' dir='ltr'>cogitur</span> <span class='ocrx_word' id='word_1_160' title='bbox 857 1768 872 1808; x_wconf 90' lang='lat' dir='ltr'>a</span> <span class='ocrx_word' id='word_1_161' title='bbox 886 1761 1013 1825; x_wconf 88' lang='lat' dir='ltr'>praetore</span> <span class='ocrx_word' id='word_1_162' title='bbox 1032 1751 1105 1808; x_wconf 90' lang='lat' dir='ltr'>adire</span> <span class='ocrx_word' id='word_1_163' title='bbox 1121 1760 1149 1810; x_wconf 88' lang='lat' dir='ltr'>et</span> <span class='ocrx_word' id='word_1_164' title='bbox 1162 1767 1204 1810; x_wconf 89' lang='lat' dir='ltr'>re·</span> <span class='ocrx_word' id='word_1_165' title='bbox 1214 1767 1274 1818; x_wconf 81' lang='lat' dir='ltr'>[aua]</span> 
     </span>
     <span class='ocr_line' id='line_1_20' title="bbox 252 1834 1204 1909; baseline 0 -17"><span class='ocrx_word' id='word_1_166' title='bbox 252 1838 366 1893; x_wconf 89' lang='lat' dir='ltr'>stituere</span> <span class='ocrx_word' id='word_1_167' title='bbox 381 1845 479 1902; x_wconf 84' lang='lat' dir='ltr'>totam,</span> <span class='ocrx_word' id='word_1_168' title='bbox 503 1837 586 1892; x_wconf 89' lang='lat' dir='ltr'>itaut</span> <span class='ocrx_word' id='word_1_169' title='bbox 601 1836 625 1891; x_wconf 88' lang='lat' dir='ltr'>ei</span> <span class='ocrx_word' id='word_1_170' title='bbox 641 1844 668 1892; x_wconf 88' lang='lat' dir='ltr'>et</span> <span class='ocrx_word' id='word_1_171' title='bbox 690 1837 717 1891; x_wconf 93' lang='lat' dir='ltr'>in</span> <span class='ocrx_word' id='word_1_172' title='bbox 732 1851 807 1906; x_wconf 87' lang='lat' dir='ltr'>eum,</span> <span class='ocrx_word' id='word_1_173' title='bbox 832 1837 877 1909; x_wconf 91' lang='lat' dir='ltr'>qui</span> <span class='ocrx_word' id='word_1_174' title='bbox 900 1837 995 1909; x_wconf 89' lang='lat' dir='ltr'>recipit</span> <span class='ocrx_word' id='word_1_175' title='bbox 1016 1834 1204 1908; x_wconf 90' lang='lat' dir='ltr'>hereditatem,</span> 
     </span>
     <span class='ocr_line' id='line_1_21' title="bbox 253 1918 1204 1993; baseline -0.002 -16"><span class='ocrx_word' id='word_1_176' title='bbox 253 1921 372 1978; x_wconf 90' lang='lat' dir='ltr'>actiones</span> <span class='ocrx_word' id='word_1_177' title='bbox 388 1919 499 1990; x_wconf 89' lang='lat' dir='ltr'>dentur,</span> <span class='ocrx_word' id='word_1_178' title='bbox 522 1919 636 1993; x_wconf 90' lang='lat' dir='ltr'>proinde</span> <span class='ocrx_word' id='word_1_179' title='bbox 651 1927 731 1992; x_wconf 92' lang='lat' dir='ltr'>atque</span> <span class='ocrx_word' id='word_1_180' title='bbox 746 1921 769 1976; x_wconf 89' lang='lat' dir='ltr'>si</span> <span class='ocrx_word' id='word_1_181' title='bbox 783 1935 815 1977; x_wconf 83' lang='lat' dir='ltr'>er</span> <span class='ocrx_word' id='word_1_182' title='bbox 830 1918 1000 1976; x_wconf 82' lang='lat' dir='ltr'>’trebelliano</span> <span class='ocrx_word' id='word_1_183' title='bbox 1015 1928 1125 1976; x_wconf 84' lang='lat' dir='ltr'>senatus</span> <span class='ocrx_word' id='word_1_184' title='bbox 1140 1936 1204 1977; x_wconf 90' lang='lat' dir='ltr'>con·</span> 
     </span>
     <span class='ocr_line' id='line_1_22' title="bbox 221 1997 1204 2076; baseline 0 -15"><span class='ocrx_word' id='word_1_185' title='bbox 221 1997 224 2001; x_wconf 76' lang='grc'><strong>’</strong></span> <span class='ocrx_word' id='word_1_186' title='bbox 252 2004 325 2061; x_wconf 90' lang='lat' dir='ltr'>sulto</span> <span class='ocrx_word' id='word_1_187' title='bbox 345 2005 471 2060; x_wconf 88' lang='lat' dir='ltr'>restituta</span> <span class='ocrx_word' id='word_1_188' title='bbox 492 2003 597 2062; x_wconf 86' lang='lat' dir='ltr'>luisset.</span> <span class='ocrx_word' id='word_1_189' title='bbox 641 2001 723 2076; x_wconf 90' lang='lat' dir='ltr'>idque</span> <span class='ocrx_word' id='word_1_190' title='bbox 738 2011 769 2060; x_wconf 88' lang='lat' dir='ltr'>ut</span> <span class='ocrx_word' id='word_1_191' title='bbox 784 2005 821 2059; x_wconf 89' lang='lat' dir='ltr'>ita</span> <span class='ocrx_word' id='word_1_192' title='bbox 843 2000 906 2075; x_wconf 90' lang='lat' dir='ltr'>liat,</span> <span class='ocrx_word' id='word_1_193' title='bbox 926 2003 1073 2076; x_wconf 77' lang='lat' dir='ltr'>Pegasiano</span> <span class='ocrx_word' id='word_1_194' title='bbox 1094 2012 1204 2061; x_wconf 86' lang='lat' dir='ltr'>senatus</span> 
     </span>
     <span class='ocr_line' id='line_1_23' title="bbox 251 2087 511 2145; baseline 0 0"><span class='ocrx_word' id='word_1_195' title='bbox 251 2087 378 2145; x_wconf 88' lang='lat' dir='ltr'>consulto</span> <span class='ocrx_word' id='word_1_196' title='bbox 394 2095 511 2145; x_wconf 89' lang='lat' dir='ltr'>cautum.</span> 
     </span>
    </p>
   </div>
   <div class='ocr_carea' id='block_1_3' title="bbox 94 2165 1203 2580">
    <p class='ocr_par' dir='ltr' id='par_1_3' title="bbox 94 2165 1203 2580">
     <span class='ocr_line' id='line_1_24' title="bbox 313 2165 1203 2245; baseline -0.002 -15"><span class='ocrx_word' id='word_1_197' title='bbox 313 2167 352 2230; x_wconf 78' lang='lat' dir='ltr'>lt.</span> <span class='ocrx_word' id='word_1_198' title='bbox 378 2165 425 2228; x_wconf 77' lang='lat' dir='ltr'>⁷Si</span> <span class='ocrx_word' id='word_1_199' title='bbox 448 2173 508 2245; x_wconf 90' lang='lat' dir='ltr'>quis</span> <span class='ocrx_word' id='word_1_200' title='bbox 526 2173 553 2227; x_wconf 93' lang='lat' dir='ltr'>in</span> <span class='ocrx_word' id='word_1_201' title='bbox 575 2169 696 2226; x_wconf 87' lang='lat' dir='ltr'>iraudem</span> <span class='ocrx_word' id='word_1_202' title='bbox 719 2172 824 2227; x_wconf 87' lang='lat' dir='ltr'>tacitam</span> <span class='ocrx_word' id='word_1_203' title='bbox 846 2168 926 2228; x_wconf 87' lang='lat' dir='ltr'>fidem</span> <span class='ocrx_word' id='word_1_204' title='bbox 947 2169 1203 2244; x_wconf 87' lang='lat' dir='ltr'>adcommodnuerit,</span> 
     </span>
     <span class='ocr_line' id='line_1_25' title="bbox 94 2247 1203 2332; baseline -0.003 -19"><span class='ocrx_word' id='word_1_205' title='bbox 94 2257 95 2263; x_wconf 77' lang='grc'>’</span> <span class='ocrx_word' id='word_1_206' title='bbox 145 2260 283 2329; x_wconf 71' lang='grc' dir='ltr'>ιοιιβιιι</span> <span class='ocrx_word' id='word_1_207' title='bbox 304 2273 359 2314; x_wconf 92' lang='lat' dir='ltr'>nou</span> <span class='ocrx_word' id='word_1_208' title='bbox 381 2257 496 2328; x_wconf 89' lang='lat' dir='ltr'>capienti</span> <span class='ocrx_word' id='word_1_209' title='bbox 517 2252 755 2312; x_wconf 85' lang='lat' dir='ltr'>fideicommissum</span> <span class='ocrx_word' id='word_1_210' title='bbox 776 2255 916 2326; x_wconf 89' lang='lat' dir='ltr'>restituat,</span> <span class='ocrx_word' id='word_1_211' title='bbox 936 2247 1007 2332; x_wconf 80' lang='lat' dir='ltr'>luec</span> <span class='ocrx_word' id='word_1_212' title='bbox 1029 2254 1203 2330; x_wconf 89' lang='lat' dir='ltr'>quadrantem</span> 
     </span>
     <span class='ocr_line' id='line_1_26' title="bbox 252 2338 1203 2410; baseline 0 -14"><span class='ocrx_word' id='word_1_213' title='bbox 252 2356 313 2396; x_wconf 89' lang='lat' dir='ltr'>eum</span> <span class='ocrx_word' id='word_1_214' title='bbox 328 2339 461 2396; x_wconf 87' lang='lat' dir='ltr'>deducere</span> <span class='ocrx_word' id='word_1_215' title='bbox 481 2347 590 2396; x_wconf 89' lang='lat' dir='ltr'>senatus</span> <span class='ocrx_word' id='word_1_216' title='bbox 611 2340 732 2410; x_wconf 88' lang='lat' dir='ltr'>censuit,</span> <span class='ocrx_word' id='word_1_217' title='bbox 753 2353 804 2396; x_wconf 89' lang='lat' dir='ltr'>nec</span> <span class='ocrx_word' id='word_1_218' title='bbox 824 2339 952 2396; x_wconf 87' lang='lat' dir='ltr'>caducum</span> <span class='ocrx_word' id='word_1_219' title='bbox 972 2338 1107 2396; x_wconf 87' lang='lat' dir='ltr'>uindicare</span> <span class='ocrx_word' id='word_1_220' title='bbox 1122 2354 1156 2398; x_wconf 85' lang='lat' dir='ltr'>er</span> <span class='ocrx_word' id='word_1_221' title='bbox 1170 2355 1203 2396; x_wconf 91' lang='lat' dir='ltr'>eo</span> 
     </span>
     <span class='ocr_line' id='line_1_27' title="bbox 254 2419 698 2492; baseline -0.009 -12"><span class='ocrx_word' id='word_1_222' title='bbox 254 2430 423 2492; x_wconf 87' lang='lat' dir='ltr'>testamento,</span> <span class='ocrx_word' id='word_1_223' title='bbox 438 2422 462 2477; x_wconf 90' lang='lat' dir='ltr'>si</span> <span class='ocrx_word' id='word_1_224' title='bbox 477 2420 577 2478; x_wconf 85' lang='lat' dir='ltr'>liberos</span> <span class='ocrx_word' id='word_1_225' title='bbox 592 2419 698 2476; x_wconf 87' lang='lat' dir='ltr'>habeat.</span> 
     </span>
     <span class='ocr_line' id='line_1_28' title="bbox 313 2500 1021 2580; baseline 0 -17"><span class='ocrx_word' id='word_1_226' title='bbox 313 2504 357 2564; x_wconf 89' lang='grc'>18.</span> <span class='ocrx_word' id='word_1_227' title='bbox 381 2500 520 2561; x_wconf 81' lang='lat' dir='ltr'>⁸Libertas</span> <span class='ocrx_word' id='word_1_228' title='bbox 535 2503 591 2560; x_wconf 90' lang='lat' dir='ltr'>dari</span> <span class='ocrx_word' id='word_1_229' title='bbox 606 2512 698 2578; x_wconf 88' lang='lat' dir='ltr'>potest</span> <span class='ocrx_word' id='word_1_230' title='bbox 713 2521 762 2580; x_wconf 91' lang='lat' dir='ltr'>per</span> <span class='ocrx_word' id='word_1_231' title='bbox 777 2503 1021 2564; x_wconf 80' lang='lat' dir='ltr'>fideicommissum.</span> 
     </span>
    </p>
   </div>
   <div class='ocr_carea' id='block_1_4' title="bbox 250 2621 462 2632">
    <p class='ocr_par' dir='ltr' id='par_1_4' title="bbox 250 2621 462 2632">
     <span class='ocr_line' id='line_1_29' title="bbox 250 2621 462 2632; baseline -0.014 -1"><span class='ocrx_word' id='word_1_232' title='bbox 250 2621 462 2632; x_wconf 80' lang='lat'>..—-——</span> 
     </span>
    </p>
   </div>
   <div class='ocr_carea' id='block_1_5' title="bbox 231 2686 1204 3605">
    <p class='ocr_par' dir='ltr' id='par_1_5' title="bbox 324 2686 1201 2758">
     <span class='ocr_line' id='line_1_30' title="bbox 324 2686 1201 2758; baseline 0.002 -17"><span class='ocrx_word' id='word_1_233' title='bbox 324 2689 343 2758; x_wconf 90' lang='lat'>¹)</span> <span class='ocrx_word' id='word_1_234' title='bbox 360 2691 398 2755; x_wconf 81' lang='lat' dir='ltr'>Cf.</span> <span class='ocrx_word' id='word_1_235' title='bbox 416 2690 472 2741; x_wconf 74' lang='lat' dir='ltr'>dai.</span> <span class='ocrx_word' id='word_1_236' title='bbox 488 2703 509 2749; x_wconf 76' lang='lat' dir='ltr'>a,</span> <span class='ocrx_word' id='word_1_237' title='bbox 523 2701 570 2744; x_wconf 79' lang='lat' dir='ltr'>tito.</span> <span class='ocrx_word' id='word_1_238' title='bbox 586 2692 770 2753; x_wconf 70' lang='lat' dir='ltr'>Portare.</span> <span class='ocrx_word' id='word_1_239' title='bbox 786 2704 806 2744; x_wconf 82' lang='lat'>1.</span> <span class='ocrx_word' id='word_1_240' title='bbox 858 2686 880 2756; x_wconf 76' lang='lat'>²)</span> <span class='ocrx_word' id='word_1_241' title='bbox 894 2691 926 2740; x_wconf 86' lang='lat' dir='ltr'>sit</span> <span class='ocrx_word' id='word_1_242' title='bbox 943 2691 1002 2742; x_wconf 86' lang='lat' dir='ltr'>Vat.</span> <span class='ocrx_word' id='word_1_243' title='bbox 1017 2692 1075 2742; x_wconf 81' lang='lat' dir='ltr'>ead.</span> <span class='ocrx_word' id='word_1_244' title='bbox 1096 2692 1201 2752; x_wconf 76' lang='lat' dir='ltr'>Fleerat,</span> 
     </span>
    </p>

    <p class='ocr_par' dir='ltr' id='par_1_6' title="bbox 231 2762 1204 3605">
     <span class='ocr_line' id='line_1_31' title="bbox 251 2762 1201 2827; baseline -0.002 -13"><span class='ocrx_word' id='word_1_245' title='bbox 251 2771 279 2814; x_wconf 83' lang='lat' dir='ltr'>ret</span> <span class='ocrx_word' id='word_1_246' title='bbox 288 2770 353 2826; x_wconf 86' lang='lat' dir='ltr'>pato</span> <span class='ocrx_word' id='word_1_247' title='bbox 367 2770 389 2822; x_wconf 78' lang='lat' dir='ltr'>e,</span> <span class='ocrx_word' id='word_1_248' title='bbox 404 2762 473 2826; x_wconf 84' lang='lat' dir='ltr'>quod</span> <span class='ocrx_word' id='word_1_249' title='bbox 491 2777 547 2812; x_wconf 84' lang='lat' dir='ltr'>eum</span> <span class='ocrx_word' id='word_1_250' title='bbox 561 2762 592 2813; x_wconf 84' lang='lat' dir='ltr'>ab</span> <span class='ocrx_word' id='word_1_251' title='bbox 605 2777 713 2827; x_wconf 84' lang='lat' dir='ltr'>sequens</span> <span class='ocrx_word' id='word_1_252' title='bbox 731 2776 759 2810; x_wconf 84' lang='lat' dir='ltr'>ex</span> <span class='ocrx_word' id='word_1_253' title='bbox 773 2763 908 2825; x_wconf 79' lang='lat' dir='ltr'>periisset,</span> <span class='ocrx_word' id='word_1_254' title='bbox 928 2763 1001 2826; x_wconf 81' lang='lat' dir='ltr'>infra</span> <span class='ocrx_word' id='word_1_255' title='bbox 1014 2769 1076 2826; x_wconf 87' lang='lat' dir='ltr'>poet</span> <span class='ocrx_word' id='word_1_256' title='bbox 1093 2779 1116 2813; x_wconf 86' lang='lat' dir='ltr'>n.</span> <span class='ocrx_word' id='word_1_257' title='bbox 1131 2763 1201 2812; x_wconf 84' lang='lat' dir='ltr'>heres</span> 
     </span>
     <span class='ocr_line' id='line_1_32' title="bbox 251 2831 1201 2897; baseline -0.003 -12"><span class='ocrx_word' id='word_1_258' title='bbox 251 2835 368 2885; x_wconf 80' lang='lat' dir='ltr'>omissum</span> <span class='ocrx_word' id='word_1_259' title='bbox 380 2833 453 2882; x_wconf 80' lang='lat' dir='ltr'>ethio</span> <span class='ocrx_word' id='word_1_260' title='bbox 465 2834 624 2884; x_wconf 82' lang='lat' dir='ltr'>intrusamet</span> <span class='ocrx_word' id='word_1_261' title='bbox 632 2839 769 2894; x_wconf 74' lang='lat' dir='ltr'>exrogatus</span> <span class='ocrx_word' id='word_1_262' title='bbox 777 2831 934 2882; x_wconf 84' lang='lat' dir='ltr'>adhaerente</span> <span class='ocrx_word' id='word_1_263' title='bbox 945 2834 972 2882; x_wconf 85' lang='lat' dir='ltr'>in</span> <span class='ocrx_word' id='word_1_264' title='bbox 980 2833 1090 2896; x_wconf 80' lang='lat' dir='ltr'>frontes</span> <span class='ocrx_word' id='word_1_265' title='bbox 1102 2834 1201 2897; x_wconf 81' lang='lat' dir='ltr'>factum</span> 
     </span>
     <span class='ocr_line' id='line_1_33' title="bbox 250 2899 1200 2969; baseline -0.001 -15"><span class='ocrx_word' id='word_1_266' title='bbox 250 2911 289 2954; x_wconf 83' lang='lat' dir='ltr'>est</span> <span class='ocrx_word' id='word_1_267' title='bbox 302 2905 340 2955; x_wconf 88' lang='lat' dir='ltr'>sit.</span> <span class='ocrx_word' id='word_1_268' title='bbox 406 2899 502 2968; x_wconf 73' lang='lat' dir='ltr'>³)Hae</span> <span class='ocrx_word' id='word_1_269' title='bbox 516 2906 644 2964; x_wconf 82' lang='lat' dir='ltr'>revocavi,</span> <span class='ocrx_word' id='word_1_270' title='bbox 658 2904 709 2954; x_wconf 83' lang='lat' dir='ltr'>uid.</span> <span class='ocrx_word' id='word_1_271' title='bbox 724 2909 775 2952; x_wconf 86' lang='lat' dir='ltr'>aot.</span> <span class='ocrx_word' id='word_1_272' title='bbox 790 2915 810 2953; x_wconf 79' lang='lat' dir='ltr'>a.</span> <span class='ocrx_word' id='word_1_273' title='bbox 826 2900 872 2968; x_wconf 87' lang='lat' dir='ltr'>(et)</span> <span class='ocrx_word' id='word_1_274' title='bbox 886 2903 925 2954; x_wconf 85' lang='lat' dir='ltr'>ed.</span> <span class='ocrx_word' id='word_1_275' title='bbox 939 2901 988 2968; x_wconf 78' lang='lat' dir='ltr'>Bp.</span> <span class='ocrx_word' id='word_1_276' title='bbox 1049 2900 1071 2969; x_wconf 87' lang='lat'>⁴)</span> <span class='ocrx_word' id='word_1_277' title='bbox 1087 2903 1125 2967; x_wconf 81' lang='lat' dir='ltr'>Cf.</span> <span class='ocrx_word' id='word_1_278' title='bbox 1143 2903 1200 2953; x_wconf 81' lang='lat' dir='ltr'>Gai.</span> 
     </span>
     <span class='ocr_line' id='line_1_34' title="bbox 251 2971 1202 3039; baseline -0.004 -13"><span class='ocrx_word' id='word_1_279' title='bbox 251 2987 271 3033; x_wconf 74' lang='lat' dir='ltr'>e,</span> <span class='ocrx_word' id='word_1_280' title='bbox 286 2984 333 3026; x_wconf 73' lang='grc' dir='ltr'>ιιι.</span> <span class='ocrx_word' id='word_1_281' title='bbox 354 2975 429 3024; x_wconf 86' lang='lat' dir='ltr'>Paul.</span> <span class='ocrx_word' id='word_1_282' title='bbox 443 2986 465 3036; x_wconf 77' lang='lat'>4,</span> <span class='ocrx_word' id='word_1_283' title='bbox 480 2986 499 3026; x_wconf 82' lang='grc' dir='ltr'>ι.</span> <span class='ocrx_word' id='word_1_284' title='bbox 515 2978 537 3038; x_wconf 70' lang='lat'>5.</span> <span class='ocrx_word' id='word_1_285' title='bbox 554 2988 573 3026; x_wconf 90' lang='lat'>1.</span> <span class='ocrx_word' id='word_1_286' title='bbox 587 2989 669 3039; x_wconf 83' lang='lat' dir='ltr'>supra</span> <span class='ocrx_word' id='word_1_287' title='bbox 682 2985 716 3033; x_wconf 73' lang='lat' dir='ltr'>aa,</span> <span class='ocrx_word' id='word_1_288' title='bbox 731 2982 764 3026; x_wconf 73' lang='grc' dir='ltr'>ιδ.</span> <span class='ocrx_word' id='word_1_289' title='bbox 830 2971 850 3038; x_wconf 80' lang='lat'>⁵)</span> <span class='ocrx_word' id='word_1_290' title='bbox 865 2973 967 3036; x_wconf 89' lang='lat' dir='ltr'>partitus</span> <span class='ocrx_word' id='word_1_291' title='bbox 985 2971 1049 3039; x_wconf 83' lang='lat' dir='ltr'>(pro</span> <span class='ocrx_word' id='word_1_292' title='bbox 1062 2975 1202 3039; x_wconf 86' lang='lat' dir='ltr'>partirisus)</span> 
     </span>
     <span class='ocr_line' id='line_1_35' title="bbox 255 3044 1202 3108; baseline 0 -14"><span class='ocrx_word' id='word_1_293' title='bbox 255 3045 313 3095; x_wconf 91' lang='lat' dir='ltr'>Vat.</span> <span class='ocrx_word' id='word_1_294' title='bbox 329 3045 386 3095; x_wconf 86' lang='lat' dir='ltr'>edd.</span> <span class='ocrx_word' id='word_1_295' title='bbox 417 3044 469 3096; x_wconf 87' lang='lat' dir='ltr'>Nea</span> <span class='ocrx_word' id='word_1_296' title='bbox 487 3061 547 3096; x_wconf 83' lang='lat' dir='ltr'>vero</span> <span class='ocrx_word' id='word_1_297' title='bbox 566 3047 662 3095; x_wconf 75' lang='lat' dir='ltr'>deunana</span> <span class='ocrx_word' id='word_1_298' title='bbox 680 3059 714 3094; x_wconf 85' lang='lat' dir='ltr'>ear</span> <span class='ocrx_word' id='word_1_299' title='bbox 729 3044 804 3106; x_wconf 85' lang='lat' dir='ltr'>saeta</span> <span class='ocrx_word' id='word_1_300' title='bbox 817 3045 961 3107; x_wconf 82' lang='lat' dir='ltr'>partitione</span> <span class='ocrx_word' id='word_1_301' title='bbox 979 3044 1043 3094; x_wconf 79' lang='lat' dir='ltr'>leaeo</span> <span class='ocrx_word' id='word_1_302' title='bbox 1061 3045 1202 3108; x_wconf 81' lang='lat' dir='ltr'>appellatio</span> 
     </span>
     <span class='ocr_line' id='line_1_36' title="bbox 250 3110 1201 3180; baseline -0.002 -14"><span class='ocrx_word' id='word_1_303' title='bbox 250 3117 356 3169; x_wconf 80' lang='lat' dir='ltr'>dicitnr.</span> <span class='ocrx_word' id='word_1_304' title='bbox 380 3115 468 3166; x_wconf 83' lang='lat' dir='ltr'>Simile</span> <span class='ocrx_word' id='word_1_305' title='bbox 482 3119 570 3166; x_wconf 83' lang='lat' dir='ltr'>vitiam</span> <span class='ocrx_word' id='word_1_306' title='bbox 584 3115 634 3165; x_wconf 83' lang='lat' dir='ltr'>uid.</span> <span class='ocrx_word' id='word_1_307' title='bbox 650 3117 677 3164; x_wconf 85' lang='lat' dir='ltr'>in</span> <span class='ocrx_word' id='word_1_308' title='bbox 691 3127 725 3172; x_wconf 84' lang='lat' dir='ltr'>io,</span> <span class='ocrx_word' id='word_1_309' title='bbox 735 3125 754 3165; x_wconf 85' lang='grc' dir='ltr'>ι.</span> <span class='ocrx_word' id='word_1_310' title='bbox 807 3110 828 3180; x_wconf 80' lang='lat'>⁶)</span> <span class='ocrx_word' id='word_1_311' title='bbox 844 3114 882 3178; x_wconf 76' lang='lat' dir='ltr'>Cf.</span> <span class='ocrx_word' id='word_1_312' title='bbox 900 3113 957 3164; x_wconf 79' lang='lat' dir='ltr'>Gai.</span> <span class='ocrx_word' id='word_1_313' title='bbox 968 3126 988 3177; x_wconf 76' lang='lat' dir='ltr'>i,</span> <span class='ocrx_word' id='word_1_314' title='bbox 999 3124 1045 3166; x_wconf 76' lang='lat'><strong>858.</strong></span> <span class='ocrx_word' id='word_1_315' title='bbox 1062 3114 1137 3164; x_wconf 83' lang='lat' dir='ltr'>Paul.</span> <span class='ocrx_word' id='word_1_316' title='bbox 1147 3127 1169 3173; x_wconf 84' lang='lat' dir='ltr'>t,</span> <span class='ocrx_word' id='word_1_317' title='bbox 1178 3126 1201 3166; x_wconf 82' lang='grc' dir='ltr'>ι.</span> 
     </span>
     <span class='ocr_line' id='line_1_37' title="bbox 250 3184 1200 3252; baseline -0.005 -14"><span class='ocrx_word' id='word_1_318' title='bbox 250 3189 272 3250; x_wconf 67' lang='grc' dir='ltr'>ξ.</span> <span class='ocrx_word' id='word_1_319' title='bbox 288 3199 309 3238; x_wconf 78' lang='grc'>4.</span> <span class='ocrx_word' id='word_1_320' title='bbox 361 3184 381 3252; x_wconf 82' lang='lat'>⁷)</span> <span class='ocrx_word' id='word_1_321' title='bbox 398 3187 436 3250; x_wconf 80' lang='lat' dir='ltr'>Cf.</span> <span class='ocrx_word' id='word_1_322' title='bbox 451 3186 483 3236; x_wconf 71' lang='lat' dir='ltr'>la</span> <span class='ocrx_word' id='word_1_323' title='bbox 499 3198 532 3238; x_wconf 80' lang='grc' dir='ltr'>ιο.</span> <span class='ocrx_word' id='word_1_324' title='bbox 548 3199 581 3238; x_wconf 85' lang='lat'>11.</span> <span class='ocrx_word' id='word_1_325' title='bbox 600 3186 632 3234; x_wconf 89' lang='lat' dir='ltr'>D.</span> <span class='ocrx_word' id='word_1_326' title='bbox 647 3186 679 3234; x_wconf 87' lang='lat' dir='ltr'>de</span> <span class='ocrx_word' id='word_1_327' title='bbox 692 3186 733 3234; x_wconf 82' lang='lat' dir='ltr'>hir</span> <span class='ocrx_word' id='word_1_328' title='bbox 747 3201 771 3249; x_wconf 86' lang='lat' dir='ltr'>q.</span> <span class='ocrx_word' id='word_1_329' title='bbox 786 3191 814 3234; x_wconf 85' lang='lat' dir='ltr'>ui</span> <span class='ocrx_word' id='word_1_330' title='bbox 828 3185 881 3234; x_wconf 84' lang='lat' dir='ltr'>ind.</span> <span class='ocrx_word' id='word_1_331' title='bbox 897 3184 984 3250; x_wconf 60' lang='lat' dir='ltr'>(aha),</span> <span class='ocrx_word' id='word_1_332' title='bbox 1003 3185 1035 3234; x_wconf 85' lang='lat' dir='ltr'>L.</span> <span class='ocrx_word' id='word_1_333' title='bbox 1045 3195 1077 3236; x_wconf 76' lang='lat' dir='ltr'>ta.</span> <span class='ocrx_word' id='word_1_334' title='bbox 1093 3186 1116 3246; x_wconf 59' lang='grc' dir='ltr'>ᾖ.</span> <span class='ocrx_word' id='word_1_335' title='bbox 1128 3198 1148 3236; x_wconf 86' lang='lat'>1.</span> <span class='ocrx_word' id='word_1_336' title='bbox 1167 3185 1200 3234; x_wconf 89' lang='lat' dir='ltr'>D.</span> 
     </span>
     <span class='ocr_line' id='line_1_38' title="bbox 250 3253 1200 3324; baseline -0.003 -16"><span class='ocrx_word' id='word_1_337' title='bbox 250 3259 286 3308; x_wconf 83' lang='lat' dir='ltr'>aa</span> <span class='ocrx_word' id='word_1_338' title='bbox 299 3260 315 3307; x_wconf 89' lang='lat' dir='ltr'>t.</span> <span class='ocrx_word' id='word_1_339' title='bbox 332 3257 403 3308; x_wconf 87' lang='lat' dir='ltr'>Fato.</span> <span class='ocrx_word' id='word_1_340' title='bbox 418 3256 462 3324; x_wconf 82' lang='lat' dir='ltr'>(eo,</span> <span class='ocrx_word' id='word_1_341' title='bbox 479 3258 509 3323; x_wconf 83' lang='lat' dir='ltr'>a).</span> <span class='ocrx_word' id='word_1_342' title='bbox 525 3257 555 3306; x_wconf 83' lang='lat' dir='ltr'>L.</span> <span class='ocrx_word' id='word_1_343' title='bbox 569 3269 596 3308; x_wconf 78' lang='lat' dir='ltr'>aa</span> <span class='ocrx_word' id='word_1_344' title='bbox 606 3272 650 3320; x_wconf 86' lang='lat' dir='ltr'>pr.</span> <span class='ocrx_word' id='word_1_345' title='bbox 665 3255 697 3304; x_wconf 82' lang='lat' dir='ltr'>L.</span> <span class='ocrx_word' id='word_1_346' title='bbox 712 3268 745 3308; x_wconf 84' lang='lat' dir='ltr'>aa.</span> <span class='ocrx_word' id='word_1_347' title='bbox 766 3255 797 3307; x_wconf 86' lang='grc' dir='ltr'>Ι).</span> <span class='ocrx_word' id='word_1_348' title='bbox 813 3256 844 3306; x_wconf 86' lang='lat' dir='ltr'>de</span> <span class='ocrx_word' id='word_1_349' title='bbox 859 3257 875 3304; x_wconf 84' lang='lat' dir='ltr'>i.</span> <span class='ocrx_word' id='word_1_350' title='bbox 888 3257 948 3319; x_wconf 80' lang='lat' dir='ltr'>fisci</span> <span class='ocrx_word' id='word_1_351' title='bbox 962 3257 1005 3321; x_wconf 81' lang='lat' dir='ltr'>(aa,</span> <span class='ocrx_word' id='word_1_352' title='bbox 1021 3256 1065 3320; x_wconf 84' lang='lat' dir='ltr'>ra).</span> <span class='ocrx_word' id='word_1_353' title='bbox 1123 3253 1145 3320; x_wconf 69' lang='grc'>8)</span> <span class='ocrx_word' id='word_1_354' title='bbox 1161 3255 1200 3316; x_wconf 82' lang='lat' dir='ltr'>Cf.</span> 
     </span>
     <span class='ocr_line' id='line_1_39' title="bbox 249 3326 1203 3393; baseline -0.003 -15"><span class='ocrx_word' id='word_1_355' title='bbox 249 3345 331 3393; x_wconf 82' lang='lat' dir='ltr'>supra</span> <span class='ocrx_word' id='word_1_356' title='bbox 349 3340 374 3389; x_wconf 70' lang='grc' dir='ltr'>ι,</span> <span class='ocrx_word' id='word_1_357' title='bbox 393 3341 405 3381; x_wconf 79' lang='grc' dir='ltr'>ἰ</span> <span class='ocrx_word' id='word_1_358' title='bbox 423 3344 474 3392; x_wconf 83' lang='lat' dir='ltr'>seq.</span> <span class='ocrx_word' id='word_1_359' title='bbox 511 3327 627 3378; x_wconf 85' lang='lat' dir='ltr'>Ceteram</span> <span class='ocrx_word' id='word_1_360' title='bbox 652 3326 751 3376; x_wconf 82' lang='lat' dir='ltr'>duabus</span> <span class='ocrx_word' id='word_1_361' title='bbox 771 3326 916 3376; x_wconf 84' lang='lat' dir='ltr'>rationibus</span> <span class='ocrx_word' id='word_1_362' title='bbox 935 3333 1006 3376; x_wconf 85' lang='lat' dir='ltr'>reete</span> <span class='ocrx_word' id='word_1_363' title='bbox 1026 3327 1090 3376; x_wconf 82' lang='lat' dir='ltr'>daeo</span> <span class='ocrx_word' id='word_1_364' title='bbox 1110 3328 1203 3391; x_wconf 77' lang='lat' dir='ltr'>repala</span> 
     </span>
     <span class='ocr_line' id='line_1_40' title="bbox 250 3397 1204 3461; baseline -0.004 -12"><span class='ocrx_word' id='word_1_365' title='bbox 250 3399 362 3449; x_wconf 84' lang='lat' dir='ltr'>breuiter</span> <span class='ocrx_word' id='word_1_366' title='bbox 376 3401 451 3448; x_wconf 85' lang='lat' dir='ltr'>etiam</span> <span class='ocrx_word' id='word_1_367' title='bbox 464 3399 489 3448; x_wconf 81' lang='lat' dir='ltr'>h.</span> <span class='ocrx_word' id='word_1_368' title='bbox 504 3401 521 3450; x_wconf 94' lang='lat' dir='ltr'>l.</span> <span class='ocrx_word' id='word_1_369' title='bbox 536 3399 626 3448; x_wconf 82' lang='lat' dir='ltr'>addita</span> <span class='ocrx_word' id='word_1_370' title='bbox 640 3399 725 3446; x_wconf 83' lang='lat' dir='ltr'>uideri</span> <span class='ocrx_word' id='word_1_371' title='bbox 741 3397 827 3455; x_wconf 84' lang='lat' dir='ltr'>debet;</span> <span class='ocrx_word' id='word_1_372' title='bbox 840 3400 953 3460; x_wconf 82' lang='lat' dir='ltr'>primum</span> <span class='ocrx_word' id='word_1_373' title='bbox 971 3413 1003 3448; x_wconf 90' lang='lat' dir='ltr'>ne</span> <span class='ocrx_word' id='word_1_374' title='bbox 1021 3412 1073 3447; x_wconf 83' lang='lat' dir='ltr'>aron</span> <span class='ocrx_word' id='word_1_375' title='bbox 1087 3398 1204 3461; x_wconf 84' lang='lat' dir='ltr'>capienti</span> 
     </span>
     <span class='ocr_line' id='line_1_41' title="bbox 231 3463 1202 3532; baseline -0.002 -14"><span class='ocrx_word' id='word_1_376' title='bbox 231 3463 235 3470; x_wconf 84' lang='grc'><strong>’</strong></span> <span class='ocrx_word' id='word_1_377' title='bbox 250 3470 298 3520; x_wconf 84' lang='lat' dir='ltr'>hoe</span> <span class='ocrx_word' id='word_1_378' title='bbox 312 3484 374 3520; x_wconf 83' lang='lat' dir='ltr'>caca</span> <span class='ocrx_word' id='word_1_379' title='bbox 386 3471 607 3532; x_wconf 80' lang='lat' dir='ltr'>fideicommissum</span> <span class='ocrx_word' id='word_1_380' title='bbox 624 3483 700 3518; x_wconf 83' lang='lat' dir='ltr'>servo</span> <span class='ocrx_word' id='word_1_381' title='bbox 721 3469 782 3518; x_wconf 84' lang='lat' dir='ltr'>dari</span> <span class='ocrx_word' id='word_1_382' title='bbox 795 3475 872 3532; x_wconf 82' lang='lat' dir='ltr'>putes</span> <span class='ocrx_word' id='word_1_383' title='bbox 889 3468 934 3531; x_wconf 81' lang='lat' dir='ltr'>(of.</span> <span class='ocrx_word' id='word_1_384' title='bbox 949 3468 981 3517; x_wconf 82' lang='lat' dir='ltr'>L.</span> <span class='ocrx_word' id='word_1_385' title='bbox 995 3479 1015 3518; x_wconf 84' lang='lat' dir='ltr'>t.</span> <span class='ocrx_word' id='word_1_386' title='bbox 1038 3468 1063 3518; x_wconf 82' lang='lat'>0.</span> <span class='ocrx_word' id='word_1_387' title='bbox 1078 3469 1111 3518; x_wconf 86' lang='lat' dir='ltr'>de</span> <span class='ocrx_word' id='word_1_388' title='bbox 1124 3470 1202 3532; x_wconf 75' lang='lat' dir='ltr'>lepat.</span> 
     </span>
     <span class='ocr_line' id='line_1_42' title="bbox 250 3539 1204 3605; baseline -0.003 -15"><span class='ocrx_word' id='word_1_389' title='bbox 250 3552 271 3598; x_wconf 78' lang='lat' dir='ltr'>a,</span> <span class='ocrx_word' id='word_1_390' title='bbox 285 3539 334 3605; x_wconf 79' lang='grc' dir='ltr'>ιι),</span> <span class='ocrx_word' id='word_1_391' title='bbox 354 3541 446 3589; x_wconf 82' lang='lat' dir='ltr'>deinde</span> <span class='ocrx_word' id='word_1_392' title='bbox 465 3541 526 3605; x_wconf 86' lang='lat' dir='ltr'>qaia</span> <span class='ocrx_word' id='word_1_393' title='bbox 544 3555 561 3589; x_wconf 86' lang='lat' dir='ltr'>a</span> <span class='ocrx_word' id='word_1_394' title='bbox 579 3541 690 3605; x_wconf 79' lang='lat' dir='ltr'>ainpula&#39;s</span> <span class='ocrx_word' id='word_1_395' title='bbox 708 3539 784 3589; x_wconf 82' lang='lat' dir='ltr'>redae</span> <span class='ocrx_word' id='word_1_396' title='bbox 797 3554 848 3603; x_wconf 84' lang='lat' dir='ltr'>per</span> <span class='ocrx_word' id='word_1_397' title='bbox 863 3539 1084 3602; x_wconf 77' lang='lat' dir='ltr'>fideicommissum</span> <span class='ocrx_word' id='word_1_398' title='bbox 1102 3539 1204 3587; x_wconf 83' lang='lat' dir='ltr'>relictis</span> 
     </span>
    </p>
   </div>
   <div class='ocr_carea' id='block_1_6' title="bbox 0 0 1354 4118">
    <p class='ocr_par' dir='ltr' id='par_1_7' title="bbox 0 0 1354 4118">
     <span class='ocr_line' id='line_1_43' title="bbox 0 0 1354 4118; baseline 0 1"><span class='ocrx_word' id='word_1_399' title='bbox 0 0 1354 4118; x_wconf 95' lang='lat' dir='ltr'> </span> 
     </span>
    </p>
   </div>
  </div>
 </body>
</html>
