2680 4112
222 207 283 272 158
655 225 741 260 ortvs.

220 349 284 404 Gaii
299 348 379 402 libris
396 349 432 401 ed
450 345 574 402 edictum
591 346 719 400 urbicum
737 346 841 400 alteros
858 346 895 400 ed
914 347 1037 400 edictum
1059 347 1172 415 provin-

220 417 289 470 cinle
307 415 473 468 substitutos
490 429 557 476 esse,
576 413 737 468 solennibus
753 415 849 467 temen
866 414 995 482 partibus
1013 415 1043 468 et
1052 414 1173 468 nomini·
1270 421 1273 428 “

219 483 272 536 bus
289 484 415 546 retentis,
432 482 462 535 id
481 497 543 535 cum
560 497 591 534 re
608 481 670 549 ipse
685 480 836 534 verisimile
855 482 921 545 est,¹
940 482 1002 534 tum
1021 496 1054 534 eo
1072 481 1172 534 confir-

219 551 320 615 metur,
339 551 415 617 quod
432 549 580 602 iustiniani
597 549 656 601 tem
679 563 725 601 ore
737 547 803 600 libri
815 547 851 600 od
863 548 986 602 edictum
998 547 1173 617 provinciale

218 617 323 694 integri
335 618 477 694 extabant,
497 631 531 670 ex
542 615 621 668 libris
639 564 676 668 ed
687 615 730 671 ed.
742 614 871 668 urbicum
888 619 955 669 ver‘o
972 617 1002 668 in
1019 615 1172 684 provinciis

219 683 328 737 scihcet
343 686 480 756 neglectis
496 683 608 736 tontum
625 681 724 736 decem
741 683 914 759 supererant

264 749 378 828 'Etiam
400 752 486 804 libros
508 765 542 803 ex
565 747 710 826 Q3Mucio
732 747 833 802 Guium
859 750 889 802 in
911 749 1069 804 scholarum
1090 765 1226 820 nsumps]

218 815 1173 962 ritutiuitttitiltiietssutiittfutiftt

218 950 346 1005 mulsrdis
372 953 435 1006 loeo
458 949 564 1018 ahquid
586 949 692 1002 addens
714 949 807 1004 verb1s
830 950 899 1004 ‘hoo
922 950 1012 1004 solum
1033 951 1174 1018 tantisper

219 1017 324 1072 sufficit
349 1019 534 1074 admonuisse’
563 1020 603 1081 (1,
626 1022 681 1071 188.
705 1015 738 1070 cf.
758 1022 787 1080 2,
809 1019 876 1084 ou),
901 1033 994 1072 nonne
1021 1017 1173 1086 discipulos

218 1084 333 1140 videtur
348 1087 497 1155 respicere,
515 1099 550 1138 ex
567 1083 622 1161 illis
638 1083 718 1161 libris
734 1083 833 1203 postea
844 1084 958 1139 uberius
975 1083 1172 1137 instruendos?

219 1151 362 1221 Suspiceri
379 1154 467 1230 igitur
483 1152 558 1214 licet,
576 1168 606 1203 1n
623 1150 723 1204 sobolis
760 1166 790 1204 os
806 1151 894 1205 libros
905 1155 990 1206 entes
1001 1167 1066 1204 eum
1077 1151 1173 1204 locum

219 1219 383 1284 obtinuisse,
401 1237 431 1272 1n
448 1235 533 1287 quem
571 1219 649 1272 ostea
664 1217 815 1295 Papiniani
829 1235 963 1288 responsa
978 1218 1116 1272 venerint.

288 1288 415 1364 Denique
433 1285 540 1354 primus
579 1285 646 1349 eius,
665 1286 698 1338 ut
713 1300 770 1338 ram
788 1286 855 1350 dixi,
874 1287 1015 1340 clemente
1032 1284 1170 1352 quaedem

218 1353 286 1407 iuris
303 1353 394 1408 civihs
412 1353 570 1420 composuit
586 1353 615 1405 et
632 1353 667 1405 eb
684 1352 752 1420 ipsis
768 1352 945 1406 instituendis
963 1351 1092 1406 studiosis
1109 1366 1171 1404 ore·

218 1421 311 1474 torum
330 1419 490 1488 exemplum
502 1419 629 1472 secutus²
641 1418 797 1487 appellavit
808 1419 1010 1485 institutiones,
1028 1419 1076 1472 vel
1087 1433 1172 1496 quem

218 1487 362 1556 integrum
379 1487 398 1542 i.
412 1502 436 1540 o.
455 1501 473 1539 e
488 1485 610 1538 librariis
626 1485 752 1538 nondum
763 1487 925 1540 mutilatum
937 1485 1074 1541 eiusmodi
1086 1485 1172 1540 bbro-

218 1571 280 1606 rum
298 1554 382 1606 fuisse
399 1552 515 1606 titulum
526 1552 623 1606 mutim
638 1553 755 1619 opinari,
774 1554 977 1608 ‘Institutiones
988 1553 1056 1607 iuris
1068 1553 1171 1606 civilis'

218 1621 332 1674 auctore
355 1619 528 1684 baptenti,
549 1627 570 1676 1.
589 1624 613 1684 5.
633 1625 673 1672 12.
709 1619 761 1673 ‘Et
782 1621 806 1672 si
827 1621 942 1698 quidem
964 1619 1120 1689 prudentes
1142 1621 1173 1674 et

218 1687 318 1742 arbitri
339 1686 489 1754 aequitatis
509 1685 700 1741 institutiones
721 1686 811 1741 civilis
833 1689 900 1740 ruris
922 1687 1090 1756 compositas
1113 1687 1172 1740 edi-

218 1755 333 1820 derunt,
360 1755 462 1822 quibus
483 1753 588 1806 civium
614 1753 807 1807 dissidentium
832 1753 897 1808 lites
923 1755 1172 1822 contentionesque

217 1837 247 1899 so
268 1822 351 1899 irent,
369 1823 475 1889 quanto
496 1820 597 1920 melius
613 1837 663 1874 nos
685 1821 715 1874 et
730 1821 834 1899 rectius
855 1821 964 1876 divinas
981 1820 1172 1874 institutiones

216 1887 709 2078 trusstitiitutinittt
728 1888 1170 2076 trititdtutttitfftttti:

242 2024 427 2094 1s1gothorum
444 2023 474 2076 et
490 2022 638 2076 Iustiniani
654 2039 683 2075 m
700 2020 740 2076 Lo
753 2039 805 2075 nus
826 2023 1072 2076 constitutrombns
1095 2023 1125 2074 et
1142 2037 1172 2074 m

216 2091 285 2212 &lif
308 2089 736 2210 Dig‘sistotffintroinsofiggitgnissrug
762 2089 930 2210 testitrlnorgis
957 2089 1111 2224 gaenuiglrzm
1122 2088 1173 2209 xv{ils

283 2175 331 2211 um
380 2175 412 2210 ns
500 2173 563 2209 rum
628 2173 682 2210 sn
737 2173 1098 2210 xun1sr1sern11.
1165 2201 1172 2214 ,

239 2267 245 2280 .
265 2231 314 2280 tro
332 2225 377 2292 P.)
395 2223 562 2277 auctoritate
580 2223 658 2289 (eddi
675 2225 771 2276 temen
788 2225 902 2292 poteret
917 2223 1016 2277 Boeth.
1030 2239 1130 2280 comm.
1141 2223 1172 2276 in

216 2242 275 2346 gio.
287 2292 357 2359 Top.
376 2291 411 2343 ΙΙ.
430 2307 458 2358 p.
471 2296 529 2343 299.
542 2295 599 2343 303.
611 2289 704 2356 Bait),
723 2306 787 2342 cum
805 2289 911 2343 dudum
923 2289 973 2344 Ev.
986 2290 1054 2344 Otto
1071 2306 1171 2348 comm.

217 2358 252 2412 ad
270 2358 337 2410 Inst.
376 2363 425 2432 ·.3·
450 2355 555 2432 eliique
577 2355 630 2408 viri
653 2355 728 2409 docti
751 2357 935 2422 ostenderint,
958 2358 1108 2426 scriptores
1130 2357 1172 2411 in·

217 2426 300 2478 timae
318 2375 477 2476 Latinum
496 2423 571 2475 etin
588 2422 632 2475 his
649 2423 735 2476 etiam
753 2425 902 2492 scriptores
921 2425 1056 2492 quosdam
1079 2440 1171 2478 exem-

216 2492 338 2561 plarium
361 2488 507 2542 Iustiniani
529 2488 739 2542 Institutionum
766 2491 825 2544 eius
847 2491 876 2544 in
897 2491 980 2544 titulo
1003 2491 1096 2559 operis
1117 2491 1172 2546 hoc

216 2558 303 2612 verbo
321 2571 385 2610 usos
404 2571 464 2608 esso
482 2570 516 2610 ex
534 2555 650 2610 lieentia
667 2555 851 2622 Graecorum,
869 2559 962 2612 totum
980 2574 1050 2626 opus
1068 2553 1104 2612 τὰ
1117 2551 1172 2611 'Iv-

217 2628 351 2680 στίτουτα
369 2624 412 2690 (ut
429 2622 501 2676 Flor.
518 2621 576 2675 ind.
595 2623 680 2678 etiem
697 2623 786 2678 hebet
803 2623 967 2678 ‘Definiton’
986 2641 1038 2693 pro
1057 2624 1171 2678 ‘Defini-

215 2693 362 2758 tionum’),
385 2689 509 2759 singulos
531 2689 590 2742 eius
612 2690 699 2744 libros
720 2691 773 2758 τὴν
793 2687 922 2760 πρώτην,
945 2689 1086 2759 δευτέραν
1109 2695 1169 2748 uei.

213 2753 440 2812 Ἰνστιτουτίωνα
459 2773 494 2823 ep
517 2757 671 2815 clientium.
708 2756 867 2811 Secundum
885 2774 920 2812 ee
936 2774 1017 2824 vero,
1040 2773 1111 2827 quoe
1134 2757 1170 2812 de

217 2825 304 2880 edicti
320 2824 401 2878 libris
414 2773 601 2894 singnferibus
613 2823 763 2892 disputavi,
775 2840 828 2878 neo
840 2824 947 2890 dubito,
961 2824 1063 2880 Guium
1079 2826 1172 2894 ipsum

289 2981 309 3050 ¹)
324 2984 470 3033 Provincioie
491 2983 554 3032 euim
574 2983 676 3032 edietum
695 2991 719 3032 et
736 2985 815 3046 ipsum
829 2985 965 3034 continebat
984 2983 1087 3034 edictum
1105 2983 1173 3034 urbi-

216 3069 283 3116 cum,
302 3054 365 3118 quod
379 3061 405 3104 ut
419 3054 522 3103 lulianus
537 3060 634 3116 praetor
648 3060 814 3116 composuerat
834 3061 857 3103 et
871 3062 1029 3118 proposuerat
1046 3061 1102 3118 post
1114 3069 1172 3118 per·

214 3131 285 3190 petuo
306 3124 415 3192 similiter
433 3124 625 3187 proponendum,
647 3125 679 3172 itu
698 3117 831 3174 tiedriuuu's
850 3125 978 3188 proconsul
996 3126 1021 3174 in
1040 3125 1172 3188 provinciis

214 3197 265 3245 suis
283 3195 438 3258 proposuisse
458 3202 482 3243 et
500 3192 560 3243 sero
575 3195 637 3242 iacto
657 3192 735 3258 (cuius
750 3194 892 3244 iustinisnus
907 3203 983 3244 coust.
1012 3195 1087 3244 Tanto
1106 3195 1172 3244 circe

193 3323 197 3332 Ι
214 3268 237 3328 5.
253 3277 285 3318 18.
301 3265 417 3326 meminit)
432 3280 445 3312 e
460 3265 561 3313 caeteris
576 3265 759 3327 proconsulibus
777 3265 957 3328 proponendum
976 3279 1073 3314 curasse
1088 3266 1172 3314 eristi-

214 3337 313 3386 mondus
333 3343 376 3385 est.
406 3335 471 3384 Unde
490 3334 591 3384 Paeonio
609 3340 670 3384 teste
685 3334 725 3400 (ad
739 3335 837 3398 Eutrop.
856 3345 877 3386 8.
896 3335 919 3400 9)
939 3335 1042 3384 edictum
1061 3335 1125 3400 qnod
1147 3336 1172 3386 in

213 3408 279 3456 itolin
294 3407 376 3456 Latine
391 3406 515 3455 dicebatur
528 3411 681 3468 perpetuum,
700 3406 771 3454 etiam
789 3419 833 3454 suo
848 3412 955 3468 tempore
969 3399 1001 3456 τὸ
1015 3397 1171 3470 Ἀδρωὶνιον

213 3479 340 3527 vocitatum
361 3483 404 3526 est.
479 3471 500 3540 ²)
515 3475 573 3524 Nam
593 3483 617 3524 ct
635 3476 790 3534 Quintilianus
808 3475 982 3525 iustitutionem
1001 3475 1131 3525 oratoriam
1146 3483 1171 3525 et

215 3547 297 3596 Celsus
312 3555 393 3598 orstor
412 3553 473 3595 teste
486 3546 566 3595 Schoi.
582 3547 612 3595 ed
627 3547 727 3596 iuvenci.
744 3558 764 3608 e,
779 3557 825 3597 rte.
851 3546 1013 3596 institutiones
1028 3546 1168 3610 scripserat.
