2700 4118
340 219 399 254 uos.
418 219 451 254 nr
468 219 529 254 non.
548 219 638 256 neevnr
656 219 761 258 concur.
781 203 828 257 VI.
847 208 872 258 4.
1018 201 1078 267 667

130 353 208 424 giose
224 338 304 422 atque
320 349 439 420 legitime
454 349 528 404 iusta
543 347 709 420 disciplinam
725 350 791 404 ioris
814 350 915 406 ueteris
938 349 1083 424 copulatis,

129 443 185 489 tam
198 449 290 490 eorum
306 433 451 502 honestati,
473 433 519 505 qui
530 434 683 504 nuptiarum
698 434 916 490 coniunctionem
935 443 1083 503 sectantur,

130 533 210 590 quarn
233 519 314 572 etiam
334 517 390 586 his,
421 518 467 588 qui
488 515 615 588 deinceps
643 524 749 572 seruata
774 515 907 589 religione
928 527 1083 590 nascentur,

129 602 240 673 incipiat
263 616 322 656 esse
344 599 513 655 consultum:
538 607 565 654 et
588 600 727 656 honestate
748 599 874 656 nascendi
889 602 969 657 etiam
992 609 1083 674 poste·

130 686 196 739 ritas
224 685 282 756 ipsa
308 692 422 756 purgata
450 685 495 738 sit.
539 676 600 738 'ld¹
628 685 698 738 enim
725 685 819 756 pietati
841 691 950 742 nostrae
973 687 1084 740 maxime

131 767 250 841 placuit,
279 775 309 820 ut
330 773 422 822 sancta
444 767 672 822 necessitudinum
695 760 820 824 nomina¹
850 769 989 839 optineant
1014 767 1085 840 apud

131 850 243 906 allectus
272 843 357 906 suos³
382 847 454 923 'piae
476 864 508 906 ac
529 843 690 920 religiosae⁴
717 852 943 923 consanguinitati
970 850 1085 908 debitam

132 935 278 992 caritatem.
323 929 462 1007 ¹(Atecim)
479 935 554 990 neias
570 950 627 990 eam
642 930 748 990 creare⁶
765 942 862 1006 cetea,
883 936 993 1007 quaein
1008 950 1085 1008 prae-

57 1033 120 1082 [oto]
134 1021 244 1075 teritum
260 1035 275 1074 a
290 1017 473 1092 compluribus
488 1025 595 1074 constat
617 1033 677 1072 esse
697 1019 853 1088 commissa,
876 1035 937 1074 eum
952 1017 1085 1091 pecudum

132 1119 162 1158 ac
177 1103 294 1158 terarum
316 1103 471 1175 promiscuo
493 1103 549 1156 ritu
566 1101 598 1156 ad
612 1101 712 1156 inlicita
735 1101 849 1158 conubia
870 1103 1001 1158 instinctu
1024 1117 1085 1158 exe·

132 1271 196 1328 rint.
233 1265 263 1326 3.
286 1267 339 1323 Sed
355 1283 531 1341 quaecunque
550 1269 661 1324 antehac
682 1268 725 1324 uel
749 1264 906 1342 'impuritia¹¹
928 1269 1085 1343 delinquen·

135 1354 212 1421 tium,
235 1351 281 1406 uel
302 1349 360 1424 'per
375 1345 565 1422 ignorantiam⁷
589 1354 664 1423 iuris,
686 1351 837 1410 barbaricae
853 1355 1015 1410 inmanitatis
1031 1355 1085 1410 ritu

129 1441 167 1491 'en
188 1434 297 1491 inlicitis
317 1436 492 1491 matrimoniis
515 1435 639 1492 uidentur
661 1436 788 1507 admissa,
819 1454 971 1510 quanquam
993 1444 1085 1494 essent

134 1519 306 1574 seuerissime
321 1518 488 1590 uindicanda,
511 1528 601 1576 tamen
615 1520 842 1594 contemplatione
863 1521 1021 1578 clementiae
1036 1537 1084 1578 no·

134 1612 206 1659 strae
222 1603 253 1658 ad
268 1601 463 1676 indulgentiam
479 1603 604 1661 uolumus
621 1605 771 1677 pertinere3
793 1606 830 1660 ita
851 1614 949 1675 tamen,
974 1613 1004 1662 ut
1026 1607 1085 1678 qni·

134 1703 240 1761 cunque
254 1689 282 1742 in
296 1695 450 1744 anteactum
467 1697 573 1763 tempus
593 1688 702 1744 inlicitis
717 1689 883 1759 incestisque
898 1705 928 1744 se
950 1690 1085 1744 matrimo-

134 1772 184 1826 niis
200 1771 366 1844 polluerunt‚
382 1771 512 1828 hactenus
524 1772 636 1844 adeptos
648 1787 677 1828 se
689 1787 749 1827 esse
761 1780 879 1827 nostram
892 1770 1085 1842 indulgentiam

133 1857 233 1924 sciant,
258 1863 288 1910 ut
303 1863 367 1927 post
383 1864 435 1910 tarn
451 1855 551 1910 nefaria
573 1847 716 1910 'facinora8
738 1855 820 1910 uitam
837 1853 943 1924 quidem
960 1852 1010 1908 sibi
1025 1869 1085 1934 gra·

135 1937 256 1992 tulentur
283 1953 343 1992 esse
369 1953 538 1993 concessam:
568 1939 653 1992 sciant
682 1945 784 2006 tamen,
810 1951 865 1991 non
894 1935 1030 2010 legitimos
1056 1952 1086 1991 se

134 2021 286 2092 suscepisse
307 2017 418 2090 liberos,
441 2027 580 2093 questam
602 2019 702 2075 nefaria
724 2019 915 2076 coniunctione
933 2020 1085 2090 genuerint.

133 2102 173 2159 lta
195 2104 265 2158 enim
287 2099 344 2173 liet,
367 2110 398 2158 ut
419 2102 453 2158 de
475 2103 568 2158 iuturo
584 2119 693 2175 quoque
715 2118 793 2158 nemo
810 2101 907 2158 audeat
928 2097 1085 2158 'ellrenatis9

135 2183 324 2260 cupiditatibus
347 2185 466 2258 obedire,
491 2202 551 2243 com
573 2195 601 2242 et
622 2188 706 2242 sciant
721 2187 757 2240 ita
777 2185 967 2258 praecedentes
991 2185 1087 2242 admis-

135 2285 211 2326 sores
225 2268 378 2325 istiusmodi
393 2271 533 2327 criminum
549 2272 626 2326 nentia
641 2268 780 2341 liberatos,
796 2279 826 2325 ut
841 2265 999 2340 liberorum,
1017 2286 1086 2344 qnos

135 2352 235 2408 inlicite
250 2355 404 2426 genuerint,
427 2351 571 2410 'successio
587 2347 773 2426 negaretur,¹⁰
795 2369 862 2426 qnae
878 2355 952 2409 iuxta
966 2363 1086 2411 uetusta·

136 2445 191 2492 tem
205 2435 330 2493 Romanis
352 2437 459 2511 legibus
479 2430 669 2494 'necabatur.¹¹
682 2436 765 2492 —Et
780 2445 948 2511 optassemus
968 2437 1085 2510 quiden,

208 2635 229 2705 ¹)
246 2638 277 2688 B.
293 2639 346 2688 ideo
367 2639 411 2688 Ve.
431 2640 463 2688 ita
483 2639 524 2688 Vi.
539 2640 578 2689 ed.
593 2639 651 2700 Bl„
700 2635 721 2706 ¹)
736 2641 752 2689 ἰ.
768 2657 788 2690 e.
800 2647 931 2704 parentes.
996 2637 1018 2706 ¹)
1032 2642 1049 2690 i.
1064 2657 1086 2690 e.

137 2708 246 2766 liberem
260 2711 312 2758 oid.
329 2709 467 2759 Forcellt‘n.
483 2725 503 2758 e.
518 2726 540 2758 v.
592 2707 614 2775 ¹)
628 2711 691 2772 piam
706 2725 733 2759 ac
748 2711 884 2772 religiosam
901 2711 963 2760 cad.
978 2711 1036 2760 edd.

136 2777 158 2844 ¹)
171 2781 237 2828 nolas
252 2781 315 2828 enim
330 2781 428 2829 credere
445 2780 506 2830 Cdd.
522 2781 579 2829 edd.
594 2783 783 2843 inopinantem,
802 2783 827 2830 si
841 2797 935 2830 nexem
948 2784 1086 2831 sententia·

135 2865 192 2899 rum
205 2852 323 2914 respicis.
350 2851 443 2898 illenim
458 2851 488 2900 ob
502 2851 655 2900 antecedens
669 2859 743 2900 atem
758 2853 876 2900 omissum
889 2851 1006 2908 videtum
1021 2853 1086 2900 nolas
1176 2912 1178 2916 Ι

135 2922 312 2984 accipiendum
322 2935 374 2982 pro
388 2912 521 2988 ἀδυνάτῳ
535 2919 581 2986 (ef.
596 2920 675 2970 Beier
688 2921 724 2970 ad
736 2921 787 2972 Cic.
802 2921 834 2970 de
848 2921 916 2984 offic.
931 2921 968 2973 II.
980 2938 1008 2986 p.
1018 2921 1085 2987 naa).

136 3005 186 3039 eam
205 3007 241 3040 sc.
262 2993 403 3040 caritatem.
468 2990 489 3056 6)
505 2991 647 3054 imperitiam
661 2990 692 3040 B.
711 2992 822 3054 peritiam
840 2992 885 3040 Ve.
905 2991 946 3041 Vi.
966 2993 1086 3056 imperitia

135 3061 192 3109 edd.
220 3059 273 3109 Sed
293 3061 356 3124 qaid
375 3063 455 3110 distat
474 3063 604 3124 imperitia
622 3061 653 3110 ab
674 3063 823 3126 ignorantia
842 3063 927 3112 iuris?
954 3063 991 3124 Cf.
1014 3079 1086 3126 supr.

136 3133 173 3179 tit.
188 3141 208 3181 5.
230 3147 251 3180 e.
268 3142 287 3180 2.
307 3131 329 3190 ἕ.
345 3141 365 3178 2.
419 3129 439 3196 ἵ)
454 3133 497 3194 pro
513 3133 644 3193 ignorantia
659 3130 825 3198 (ignorantiam
844 3131 897 3196 Vi.)
915 3132 977 3183 Cdd.
992 3134 1049 3183 edd.

135 3196 156 3265 ⁸)
172 3201 263 3249 scelera
278 3199 317 3248 ed.
332 3199 373 3250 ΒΖ.
388 3216 423 3249 eoa
437 3198 534 3250 errore.
608 3199 629 3266 ⁹)
645 3203 782 3250 inelrenatis
800 3201 830 3250 B.
860 3202 901 3250 Vi.
921 3203 945 3250 in
964 3203 1085 3250 effrenatis

108 3275 112 3284 '
140 3270 184 3319 Ve.
204 3271 327 3319 infrenatio
343 3273 375 3334 φ’.
392 3271 479 3322 Caice.
495 3272 534 3320 ed.
549 3271 590 3320 ΒΖ.
624 3271 683 3321 Vid.
700 3271 824 3322 Zeitscbr.
844 3271 922 3319 XIII.
938 3286 966 3334 p.
981 3283 1014 3322 at.

139 3335 169 3402 ¹⁰)
184 3342 337 3389 successione
351 3349 460 3390 careatur
473 3340 504 3390 B.
520 3343 559 3392 ed.
573 3341 614 3390 Bl.
634 3343 811 3391 successionem
825 3355 854 3389 nc
869 3347 964 3390 caretur
982 3341 1023 3389 Vz'.
1039 3340 1085 3390 Ve.

135 3411 287 3458 successione
301 3419 399 3473 careant
413 3414 445 3474 ej.
463 3411 548 3464 Ouiae.
564 3413 603 3462 ed.
614 3412 699 3462 Haeo.
753 3409 785 3477 ¹¹)
800 3412 930 3472 negabatur
945 3410 1006 3460 odd.
1018 3411 1085 3469 edd,

135 3480 202 3540 quod
214 3482 334 3530 restituto
348 3489 421 3531 recta
435 3484 543 3532 lectione
558 3483 594 3531 ad
607 3491 658 3532 not.
674 3495 707 3534 to.
723 3483 799 3532 eiiam
813 3482 896 3529 minna
907 3481 978 3543 ferri
992 3478 1097 3544 potest.'

137 3547 175 3610 Cf.
192 3548 316 3598 Zeitsclar.
332 3553 348 3599 l.
363 3568 385 3604 c.
401 3554 471 3601 etde
485 3553 645 3602 successionis
660 3567 720 3602 occe
735 3552 799 3616 infr.
815 3563 848 3608 16,
863 3563 883 3602 a.
898 3553 920 3613 ξ.
936 3561 969 3604 tt.
