2694 4110
334 181 369 216 nn
387 180 581 217 nousrrotnsvs
599 180 635 216 en
654 182 743 218 enuere
760 183 873 219 cinerea.
1014 163 1073 228 789

189 304 258 366 262.
283 302 376 366 ¹ltem.
406 310 526 384 Sponsae
545 327 591 367 res
605 311 762 384 simpliciter
776 311 889 368 donatae
903 328 957 370 non
973 315 1077 370 insecu-

127 394 161 450 tis
184 396 285 468 nuptiis
305 411 360 450 non
380 403 549 467 repetuntur.
582 395 629 450 sed
645 397 697 451 etsi
716 394 860 450 adfinitatis
881 395 1077 452 contrahendae

127 493 206 534 causa
228 478 389 534 donationes
411 479 496 534 iactae
515 486 581 535 sunt
602 487 629 534 et
650 481 775 536 nuntium
797 495 913 551 sponsus
929 480 1007 553 culpa
1028 496 1077 538 sua

127 563 276 632 remiserit,
298 578 382 634 ecque
396 578 450 618 non
465 569 636 636 repetuntur.
673 563 746 636 quod
763 563 800 618 ita
820 562 942 637 intellegi
957 572 1077 636 oportet,

128 646 151 700 si
173 645 329 702 'reuocandi
350 639 523 702 donationes²
546 646 668 704 condicio
691 663 745 703 uon
767 645 920 704 'coniuncto
943 649 1077 704 matrimo-

128 721 187 785 nio³
202 728 446 802 conprehendatur,
461 746 515 786 non
530 729 685 802 perficiendi
701 738 866 788 contractus.

56 815 117 861 [695]
191 807 260 870 263.
297 806 386 870 ⁴ltem.
430 813 509 884 liam,
533 829 599 885 quse
620 813 689 870 bona
712 831 760 870 sua
782 812 844 870 filiis
866 830 915 887 per
937 813 1078 887 epistulam

128 896 195 952 eitra
210 896 409 970 stipulationem
425 896 547 968 donauit,
563 898 586 952 si
601 914 689 970 neque
705 899 903 972 possessionem
919 914 1008 953 rerum
1023 899 1077 952 sin-

128 980 251 1054 gularum
269 979 386 1050 tradidit,
403 996 491 1053 neque
507 997 556 1054 per
571 983 793 1053 mancipationem
808 981 977 1054 praediorum
993 981 1078 1036 domi·

127 1067 200 1121 nium
217 1064 368 1133 transtulit,
391 1081 441 1120 neo
459 1065 627 1137 interpositis
647 1065 860 1139 delegationibus
881 1074 927 1122 aut
946 1065 1078 1122 inchoatis

128 1147 218 1206 litibus
233 1150 353 1204 actiones
370 1149 489 1217 nouauit,
506 1149 570 1204 nibil
586 1151 675 1222 egisse
690 1150 801 1222 placuit.

190 1228 363 1290 tuentum
399 1229 523 1302 llatrem,
550 1249 617 1304 quae
639 1234 697 1287 sine
720 1235 818 1288 tutoris
840 1234 1000 1289 auctoritate
1022 1229 1078 1288 filio

127 1317 280 1374 donationis
295 1330 372 1370 caiisa
388 1322 543 1386 praesentes
563 1331 659 1372 seruos
674 1319 806 1390 mancipio
822 1317 909 1390 dedit,
933 1316 1078 1390 perfecisse

128 1401 300 1460 donationem
316 1400 447 1471 apparuit.

190 1478 272 1544 264².
296 1475 421 1557 ⁶(Item.)
450 1481 611 1540 Pollicitatio
634 1483 786 1540 donationis
801 1487 873 1542 iuter
888 1487 1007 1558 priuatos
1024 1485 1078 1542 uim

129 1567 300 1640 obligationis
316 1583 370 1624 nou
385 1567 496 1622 inducit.

191 1647 257 1712 265.
279 1651 355 1708 item.
391 1643 506 1706 'Aurum
522 1658 550 1707 et
572 1659 724 1724 argentum,
747 1651 819 1724 quod
841 1653 868 1707 in
891 1668 920 1708 re
942 1653 1078 1724 praesenti

128 1735 188 1806 tuit,
205 1744 282 1810 pater
297 1733 352 1791 filio
367 1736 410 1789 sui
425 1735 490 1789 iuris
505 1733 632 1806 donauit,
655 1737 767 1806 eiusque
782 1735 983 1807 possessionem
999 1733 1079 1788 tradi·

129 1829 182 1876 tam
204 1835 277 1888 csse,
300 1821 480 1874 instrumento
503 1818 588 1889 palam
611 1817 686 1873 iecit:
709 1835 764 1874 nou
785 1819 884 1874 idcirco
907 1817 1077 1874 donatiouem

129 1904 236 1958 inritam
259 1902 353 1957 laetam
376 1902 539 1970 existimaui,
563 1901 636 1973 quod
659 1917 737 1956 usum
761 1902 878 1956 omnium
901 1916 990 1957 rerum
1009 1900 1082 1974 apud

73 1993 86 2004 ”
130 1993 233 2059 patrem
249 1983 319 2040 iilius
335 1983 454 2056 reliquit.

191 2063 259 2126 266.
284 2062 431 2140 8Ulpianus
451 2065 498 2124 lib.
514 2066 534 2123 l.
550 2067 583 2122 ad
599 2067 715 2123 edictum
731 2067 764 2124 de
779 2067 861 2124 rebus
878 2067 1003 2125 creditis.
1040 2066 1187 2148 anffiffl·

129 2151 247 2209 debitum
267 2145 416 2208 'solutum9
438 2151 599 2224 accipimus,
621 2167 676 2208 non
697 2151 784 2206 solum
801 2153 823 2206 si
839 2153 947 2206 omnino
960 2167 1015 2206 non
1036 2150 1081 2206 d·
1111 2153 1150 2232 ’σῃι
1183 2178 1187 2188 ·

129 2323 218 2360 munus
233 2309 333 2372 aliquid
342 2312 559 2374 superscripsisse
569 2311 678 2370 uidetur,
689 2311 758 2373 quod
766 2311 882 2374 oportuit
895 2324 949 2360 esse
963 2310 999 2366 id,
1014 2310 1083 2374 quod

128 2381 287 2443 scripsimus.
317 2387 462 2448 testamento
478 2388 589 2444 parentes
603 2382 642 2430 ed.
658 2381 771 2430 Momms.
787 2381 819 2430 dc
832 2387 901 2430 stetu
917 2380 997 2429 libero
1012 2383 1081 2445 eopi-

129 2459 196 2500 tons.
230 2447 269 2518 ¹¹)
286 2449 324 2512 Cf.
339 2450 372 2499 L.
387 2463 407 2500 1.
422 2453 445 2514 ξ.
460 2463 481 2501 1.
499 2452 533 2502 D.
547 2453 578 2502 de
593 2453 652 2501 don.
668 2452 712 2516 (³9,
726 2449 758 2515 5).
774 2451 806 2500 Ι..
822 2463 842 2502 2,
857 2462 890 2502 1ο.
906 2463 938 2500 11.
955 2462 987 2501 15.
1009 2450 1034 2500 0.
1050 2451 1081 2500 de

129 2523 189 2572 dou.
204 2527 263 2570 aute
277 2536 302 2568 n.
317 2517 353 2585 (5,
368 2519 399 2585 2).
473 2517 494 2586 ²)
508 2521 644 2572 reuocantis
659 2521 793 2570 donationis
813 2520 843 2569 V.
868 2521 1020 2570 reuocandas
1038 2521 1080 2570 do·

130 2592 231 2640 nationis
246 2591 285 2640 ed.
300 2590 395 2640 Heliae.
414 2593 558 2643 reuocandis
577 2592 746 2642 donationibus
765 2592 873 2640 condicio
893 2607 943 2642 non
958 2605 1081 2654 comprae-

129 2663 245 2712 hendatur
258 2676 304 2710 non
320 2662 446 2712 coniuncto
462 2664 613 2712 matrimonio
627 2677 650 2712 n.
665 2677 689 2724 p.
700 2678 721 2710 c.
732 2663 772 2710 ed.
783 2661 895 2712 Momms.
922 2661 978 2712 Non
988 2661 1080 2725 probo.

130 2730 152 2800 ³)
167 2732 287 2781 coniuncti
300 2733 435 2782 matrimoni
454 2733 485 2781 V.
536 2731 558 2798 ⁴)
576 2732 629 2792 Quo
645 2747 707 2781 cusu
721 2747 801 2796 oeque
815 2747 865 2782 uon
879 2734 974 2781 secutis
984 2733 1082 2795 nuptiis

129 2819 210 2868 oeque
223 2805 319 2852 scentia
329 2804 467 2867 perficitur
481 2803 595 2855 donatio.
626 2803 664 2866 Cf.
679 2803 711 2850 L.
727 2813 759 2850 22.
775 2803 797 2863 5.
812 2813 846 2852 22.
866 2801 897 2850 D.
913 2802 945 2850 de
959 2802 1017 2851 dou.
1034 2803 1080 2851 int.

128 2875 177 2922 uir.
192 2871 280 2938 (24,1).
295 2873 326 2922 Ι..
341 2885 363 2924 t.
380 2874 405 2922 0.
418 2875 452 2923 ‘de
466 2875 526 2924 dou.
541 2881 600 2924 unte
614 2891 639 2922 u.
655 2871 686 2936 (5,
696 2871 728 2937 ³).
780 2869 801 2937 ὅ)
818 2871 855 2935 Of.
867 2874 889 2933 ξ.
900 2883 947 2923 ett-
968 2871 1079 2923 Oonsult.

128 2955 148 3001 a,
164 2955 196 2993 ιο.
220 2943 252 2990 L.
266 2955 292 2992 42
303 2959 346 3006 pr.
366 2943 398 2992 D.
418 2945 449 2993 de
467 2961 498 2993 m.
519 2961 540 2994 c.
556 2946 614 2996 don.
630 2943 679 3008 (ss,
693 2943 725 3009 9).
799 2938 820 3007 ο)
836 2941 912 2992 Hune
931 2945 1081 2992 sententium

128 3014 278 3062 minusculis
293 3015 387 3063 titteris
401 3016 468 3064 iuter
483 3030 572 3064 uersus
585 3017 710 3077 scriptum
723 3019 751 3062 ut
764 3011 901 3070 scholium,
917 3013 985 3077 quod
998 3019 1080 3062 tamen

128 3097 180 3132 nou
194 3081 276 3139 babet,
292 3098 340 3146 quo
355 3084 496 3147 referatur,
511 3086 593 3149 inopis
606 3085 763 3148 supplevisse
778 3090 911 3133 corrector
926 3090 953 3132 ut
963 3084 1081 3132 omissam

128 3153 237 3202 uidetur.
265 3151 356 3216 Itaque
372 3153 515 3216 Papiniani
529 3169 652 3204 comesse
667 3156 763 3204 eeusui.
789 3155 827 3218 Cf.
844 3153 918 3202 Poui.
934 3163 955 3209 t,
971 3164 1003 3202 12.
1020 3154 1043 3212 5.
1058 3164 1078 3203 9.

128 3223 160 3270 L.
175 3233 196 3274 5.
218 3221 243 3270 0.
259 3223 290 3272 de
305 3230 387 3273 contr.
402 3226 442 3272 uel
456 3239 541 3274 comm.
556 3227 614 3288 stip.
631 3223 661 3290 (s,
677 3223 721 3289 as).
776 3221 796 3289 ⁷)
813 3222 852 3286 Cf.
867 3224 906 3284 §5-
922 3233 968 3274 214.
983 3231 1030 3272 251.

129 3291 150 3359 ⁸)
165 3293 271 3342 Initium
285 3299 358 3342 eaetot
372 3295 467 3357 paucis
486 3297 587 3344 mutatis
606 3297 633 3344 in
648 3295 679 3343 L.
695 3306 728 3345 22.
744 3295 766 3355 ἕ.
781 3305 801 3344 3.
829 3292 861 3341 D.
881 3293 913 3340 de
932 3291 1006 3340 cond.
1026 3291 1079 3340 iud.

128 3363 173 3429 (12,
187 3361 219 3428 o).
266 3359 287 3430 9)
301 3378 348 3412 non
363 3365 465 3413 solutum
484 3365 515 3418 V.
534 3362 604 3432 [non]
619 3365 721 3414 solutum
736 3363 775 3412 ed.
786 3361 879 3412 Hoiiw.
903 3360 955 3410 Sed
966 3360 1081 3424 fortusse

132 3433 187 3496 Uip.
201 3436 345 3497 scripserat
363 3435 495 3484 indebitum
513 3450 559 3486 non
579 3436 656 3486 solum
674 3442 723 3484 turn
742 3433 885 3495 accipimus,
904 3438 932 3480 ut
948 3432 1081 3495 posterius

127 3519 174 3552 non
189 3505 265 3554 solum
279 3506 412 3556 delendum
425 3507 467 3554 sit.
