2692 4114
251 229 314 296 566
586 247 712 284 nonnius
731 247 866 285 vernare.

251 385 305 436 que
323 369 374 422 hos
391 369 522 446 septenos
540 368 626 422 denos
643 385 739 423 versus
756 371 831 446 (post
849 374 874 436 ξ.
892 377 917 448 u.
936 371 965 424 et
982 371 1017 438 9.)
1035 371 1147 424 modica
1162 371 1203 448 ia·

249 435 710 580 fffffffifts'iufaffnfd
728 437 1205 581 tutttutttutctttut

250 585 313 622 rum
330 569 469 638 rubricae,
488 585 558 638 quas
575 569 727 624 Vaticanus
743 573 899 637 interserit,
923 572 1015 626 saltim
1033 587 1089 625 non
1107 587 1204 626 omnes

249 652 302 690 nec
319 637 368 702 ita,
388 638 421 690 ut
437 639 467 692 et
483 652 538 705 quo
555 636 617 690 loco
630 655 704 691 nunc
721 641 747 693 le
788 640 862 704 ntur,
881 639 917 692 ab
935 640 995 707 ipso
1009 638 1128 708 Ulpiano
1140 655 1203 694 esse

249 703 398 772 profectos,
417 719 512 758 omnes
531 704 700 769 concedunt;
719 723 748 759 se
786 706 927 759 tamenin
946 706 1054 760 edendo
1073 722 1118 759 ees
1134 707 1204 760 reti-

249 785 316 824 nere
335 773 552 825 consentaneum
570 772 638 825 erat.
668 772 771 826 Contra
787 773 910 826 indicem
927 773 1027 826 horum
1045 773 1202 838 titulorum,

249 853 333 957 utrem
350 839 443 906 ipsum
461 841 491 892 et
508 837 611 957 codicis
628 839 792 958 εῄοζὶρξρτεω
810 839 921 918 exiliis
937 840 1026 894 titulis
1051 840 1203 895 confecisse

248 905 1203 1053 {crebuit,castrameteturstrueretur

248 1040 421 1106 repetierint,
439 1055 495 1093 nou
512 1055 602 1106 magis
619 1041 798 1094 retmendum
815 1041 890 1104 duri,
928 1057 993 1094 uam
1010 1041 1139 1094 srmrhter
1170 1057 1202 1096 ro

248 1105 329 1158 istius
346 1109 410 1184 aevi
425 1122 503 1160 more
521 1105 662 1160 confectos
679 1108 794 1174 indices,
812 1108 862 1176 qui
878 1059 1040 1163 Cdlationis
1059 1059 1201 1162 codicibus

248 1173 368 1241 praefim
384 1173 524 1250 leguntur.

290 1306 296 1316 ,
315 1239 357 1318 De
376 1241 544 1318 editionibus
556 1241 609 1294 hoc
621 1257 806 1308 praemonere
818 1241 946 1307 sufficiet,
958 1244 1024 1310 post
1035 1242 1072 1296 Io.
1086 1241 1200 1320 dilium,

248 1308 1201 1451 ffigrrfinlrggnrgffiissqu}{gokahffiogetrelffie113¹suffiggrtissffia)

249 1441 279 1492 et
295 1439 499 1508 Boeckrngium
517 1443 619 1508 quater
637 1445 721 1505 (183¹.
742 1449 816 1497 1836.
836 1449 911 1498 1845.
930 1448 1015 1508 1855.)
1034 1442 1152 1508 edendo,
1168 1445 1202 1496 ut

249 1505 318 1560 alios
336 1510 457 1561 maxime
475 1507 504 1561 F.
518 1509 551 1560 A.
565 1507 759 1578 schillingium
769 1511 807 1563 et
823 1509 1043 1577 Lachmannum,
1062 1525 1201 1563 commen·

247 1572 345 1640 tando,
364 1573 399 1628 de
418 1574 599 1628 emendandis
616 1575 651 1630 iis
668 1577 812 1641 meruisse,
850 1592 949 1630 uorum
967 1577 1080 1630 laudem
1098 1576 1200 1630 deinde

247 1639 407 1759 {bifologus
425 1641 516 1695 editor
532 1643 642 1696 secutus
661 1646 704 1696 est
720 1594 914 1701 IoVobdeous
926 1648 1022 1722 (t856).
1053 1644 1143 1712 Ipsius
1155 1659 1200 1696 co·

267 1724 318 1761 rcrs
330 1707 393 1762 Vat.
406 1710 565 1763 accuratum
578 1725 632 1778 apo
668 1710 772 1788 siphum
785 1713 814 1765 et
825 1726 914 1779 paene
928 1711 1106 1764 simulacrum
1117 1709 1200 1778 Hugo

248 1774 418 1829 editionibus
435 1777 491 1830 suis
507 1776 573 1854 inde
596 1726 732 1854 affrae,
754 1777 843 1830 multo
866 1778 989 1855 erectius
1010 1777 1200 1854 Boeckingius

248 1857 314 1896 suae
327 1845 444 1920 quartae
457 1844 575 1909 addidit,
584 1860 628 1896 cur
641 1845 727 1896 etrum
739 1848 903 1898 Mommsenr
915 1847 1031 1898 accessit
1041 1845 1075 1898 de
1084 1844 1201 1912 Ulprans

247 1907 362 1978 Regnlrs
385 1911 546 1978 disputatio.
587 1909 640 1975 Qui
660 1912 809 1988 praeterea
825 1911 947 1980 Ulpiano
969 1911 1139 1980 profuerint,
1164 1927 1200 1964 ex

247 1975 360 2030 illarum
378 1978 534 2032 editionum
571 1977 771 2032 raefatronibus
789 1994 946 2048 cognosces.

314 2044 356 2098 De
379 2045 530 2099 novissima
579 2045 672 2098 ableni
694 2045 817 2099 editione
844 2062 908 2098 cum
933 2063 971 2098 nu
994 2061 1024 2100 er
1048 2045 1079 2099 in
1100 2043 1201 2098 Fleck-

248 2110 337 2165 eiseni
358 2112 392 2170 N.
409 2112 505 2166 Jahrb.
527 2111 546 2169 f.
564 2111 634 2169 Phil.
657 2129 684 2168 u.
707 2112 776 2166 Pitd.
800 2113 856 2169 vol.
880 2111 954 2166 Lxx
981 2155 988 2169 .
1011 2130 1039 2190 p.
1057 2117 1199 2170 aco-mr.

247 2179 387 2246 referrem,
405 2180 489 2234 simul
505 2180 535 2232 in
547 2179 708 2233 universum
721 2195 777 2247 qua
788 2181 836 2234 via
847 2196 880 2234 ao
891 2180 1000 2234 ratione
1012 2178 1201 2233 mcedendum

247 2245 386 2312 videatur,
404 2247 427 2299 si
444 2247 507 2315 quis
525 2246 699 2300 emendatius
715 2247 768 2300 hoc
786 2247 950 2316 opusculum
963 2247 1106 2315 praestare
1119 2245 1199 2311 velit,

248 2314 372 2382 exposui,
393 2313 583 2381 exemplisque
601 2313 677 2366 crisis
695 2313 731 2367 ad
748 2313 798 2367 has
816 2315 892 2383 leges
909 2316 1058 2368 revocatae
1076 2313 1200 2382 complu·

248 2379 325 2432 ribus
343 2381 511 2432 sententiam
529 2395 622 2432 meam
640 2379 757 2434 firmavi.
790 2380 896 2446 Quibus
913 2383 942 2434 in
959 2381 986 2434 le
1010 2381 1071 2435 'bus
1087 2397 1152 2434 cum
1170 2383 1200 2434 et

247 2445 317 2498 haec
339 2445 436 2511 fuerit,
463 2445 605 2515 permulta
627 2447 697 2500 vitia
718 2447 785 2515 quia
806 2464 841 2501 ex
862 2448 939 2518 siglis
961 2465 996 2502 ve
1029 2448 1103 2502 notis
1125 2447 1200 2501 male

248 2511 395 2580 explicatis
412 2513 551 2582 originem
573 2513 720 2579 ducerent,
742 2515 783 2568 ita
804 2516 837 2568 ut
856 2515 927 2570 baec
949 2515 1027 2586 origo
1050 2515 1200 2584 flagitaret,

248 2579 374 2634 sananda
391 2595 464 2647 esse,
488 2579 564 2648 quod
586 2581 672 2634 etiam
694 2597 896 2650 saepenumero
919 2599 936 2637 a
958 2599 1003 2636 me
1025 2582 1200 2647 factumest,

247 2645 314 2712 iam,
334 2662 396 2700 cum
414 2647 607 2715 compererim,
626 2647 829 2717 Boeclringium
846 2651 875 2702 in
893 2665 944 2703 sua
956 2650 1079 2704 editione
1091 2665 1147 2703 non
1158 2665 1200 2704 se·

247 2713 305 2766 mel
321 2714 527 2782 pronunciasse,
547 2729 611 2768 eum
630 2715 763 2782 codicem,
782 2733 816 2770 ex
834 2733 889 2784 quo
907 2717 1059 2771 Vaticanus
1076 2716 1199 2783 fluxerit,

246 2779 373 2857 nonsibi
396 2781 485 2834 videri
507 2782 581 2835 notis
599 2782 733 2836 refertum
749 2783 847 2849 fuisse,
871 2784 1031 2838 faciendum
1053 2783 1122 2837 mihi
1139 2799 1199 2861 esee

247 2847 368 2911 vrdetur,
386 2849 419 2902 ut
455 2865 492 2903 ua
510 2849 544 2902 de
557 2865 641 2902 causa
652 2850 820 2904 contrariam
838 2852 999 2920 opinionem
1011 2853 1123 2906 secutus
1135 2867 1198 2917 erm,

246 2915 343 3033 Paucis
359 2914 386 2968 h.
404 2915 424 2969 1.
463 2915 544 2970 icam.
578 2916 704 2970 Primum
725 2918 813 2986 igitur
834 2934 896 2972 eam
919 2917 1085 2974 confirmant
1102 2933 1199 2974 omnes

258 2981 381 3034 ibrorum
399 2983 467 3038 iuris
486 2983 575 3038 civilis
593 2983 714 3048 codices,
738 2985 788 3052 qui
805 3001 840 3039 ex
856 2987 1005 3040 remotiore
1029 2985 1088 3040 anti
1108 2985 1198 3038 nitate

247 3050 409 3126 supersunt,
436 3051 516 3105 velut
542 3049 627 3128 Gaius
652 3050 832 3118 Veronensis,
858 3051 1029 3122 Fragmenta
1050 3003 1198 3130 Vaticana,

246 3115 361 3184 Ulprani
378 3116 619 3183 vindobonensia,
636 3116 836 3186 Fragmentum
854 3119 889 3174 de
907 3121 967 3174 iure
986 3119 1052 3176 fisci.
1088 3118 1198 3173 Dernde

246 3185 327 3238 notas
352 3184 421 3238 iuris
446 3201 498 3240 nec
521 3186 632 3239 senatus
660 3184 690 3238 in
716 3186 801 3255 gestis
823 3203 849 3241 a.
872 3193 929 3244 438.
952 3189 987 3240 ab
1011 3185 1199 3242 'theodosiani

247 3251 356 3306 Codicis
371 3268 450 3307 exem
472 3252 577 3306 laribus
590 3253 686 3306 abesse
699 3253 842 3321 voluisset,
855 3270 907 3308 nec
916 3254 1086 3309 lastinianus
1101 3269 1197 3307 earum

245 3319 275 3371 in
294 3318 350 3373 suis
367 3320 435 3372 iuris
452 3271 530 3372 fibris
547 3335 628 3372 usum
647 3335 745 3372 severa
782 3337 853 3375 oena
870 3322 977 3376 sancita
994 3319 1195 3388 interdixisset,
1209 3327 1286 3382 [4⁷1]

245 3385 299 3438 nisi
316 3386 340 3439 is
357 3403 422 3440 usus
440 3387 591 3440 admodum
607 3337 784 3452 invaluisset}
803 3405 855 3442 nec
873 3388 994 3457 denique
1032 3391 1110 3443 ostes
1127 3401 1196 3454 quo·

245 3453 354 3530 que1P.
372 3453 528 3530 Diaconos,
552 3452 667 3530 Magno,
690 3453 791 3523 Papias
812 3455 942 3509 notarum
965 3405 1144 3510 solidationes
1168 3454 1200 3530 et

246 3519 446 3595 exphcationes
472 3522 701 3589 composuissent,
728 3521 783 3574 nisi
805 3524 872 3576 tunc
898 3537 954 3590 quo
976 3538 1010 3576 ue
1036 3521 1102 3576 libri
1125 3522 1199 3574 ant1·

247 3601 357 3651 quiores
374 3587 588 3655 superfuissent,
606 3587 659 3642 hoo
677 3589 780 3643 auxilio
797 3589 827 3642 in
844 3539 1056 3644 transcribendo
1074 3589 1198 3658 egentes.
