2680 4118
258 199 320 264 700
447 217 506 252 rios.
526 217 559 252 aar
576 217 639 252 sou.
659 197 965 253 pernumerentur.
986 204 1010 251 3.

254 353 425 420 rumpuntur,
448 352 495 401 aut
516 341 572 418 '(ut
592 336 700 422 ἰκρία)
723 346 803 400 inrita
826 343 908 415 liunt,
929 342 995 418 'ipsi
1019 343 1127 417 quidem
1147 346 1274 414 iuretsort

255 421 420 485 testamenti²
443 428 589 496 decedunt,
620 428 666 500 sed
689 445 737 502 per
758 429 964 500 consequentias
994 427 1100 484 sublato
1123 436 1216 484 testa·
1309 442 1311 466 t

253 521 344 568 mento
364 513 485 567 intestati
502 499 687 568 'redduntur.³
729 508 757 568 8.
782 511 973 568 intestatorum
995 511 1128 566 hereditas
1143 512 1213 586 lege
1315 552 1317 574 .

253 595 395 652 duodecim
419 594 566 651 tabularum
588 596 701 666 primurn
716 597 774 649 suis
796 587 975 665 'heredibus,⁴
989 594 1091 649 deinde
1112 590 1211 668 '(eou-

253 673 431 755 sanguineis)
447 679 605 751 magnatis,
628 673 674 732 et5
695 671 852 752 aliquando⁰
874 694 983 750 quoque
998 677 1143 751 gentilibus
1160 678 1210 733 de·

254 762 397 818 terebatur.
443 760 512 816 Saue
527 762 743 834 consanguineos
760 761 803 816 ler
823 777 878 816 non
900 755 1042 836 ’(uperte)
1057 761 1209 834 adprehen-

253 846 343 912 derat;
365 837 437 919 (ut)⁷
459 846 683 916 interpretatione
699 837 886 917 prudentium⁸
908 846 1024 918 primum
1039 846 1110 900 iuter
1124 861 1208 918 agna-

253 937 297 984 tos
313 929 401 984 locum
424 935 595 1000 acceperunt.
640 925 670 982 4.
694 927 741 983 Sui
761 927 874 983 heredes
897 935 960 982 sunt
975 927 1017 982 bi:
1040 929 1127 1000 primo
1143 928 1207 984 loco

253 1010 339 1082 filius,
368 1009 420 1068 iilia
441 1012 468 1066 in
490 1018 625 1083 potestate
647 1012 730 1084 patris
753 1012 909 1078 constituti;
938 1027 987 1066 nec
1016 1011 1208 1081 interest‚ad-

254 1097 339 1169 optiui
351 1096 416 1164 sint,
427 1110 460 1150 an
471 1094 617 1164 naturales,
633 1087 702 1150 'sed⁹
717 1093 863 1150 secuudum
876 1094 964 1168 legem
976 1093 1068 1150 luliaru
1078 1093 1208 1168 'Papiam-

254 1173 331 1252 que¹⁰
353 1178 477 1250 quaesiti.
521 1175 549 1235 b.
573 1171 688 1233 ¹¹'blodo
710 1185 835 1233 maneant
854 1179 882 1232 in
904 1171 1080 1251 potestate,¹²
1103 1181 1149 1251 qui
1165 1180 1209 1234 sui

253 1262 366 1316 heredes
392 1269 472 1328 sunt,
500 1262 560 1334 ipso
589 1263 648 1317 iure
675 1261 789 1316 heredes
817 1262 898 1318 etiarn
925 1261 1082 1334 ignorantes
1105 1263 1208 1318 consti-

254 1353 382 1414 tuuntur,
412 1352 442 1398 ut
464 1342 577 1413 furiosi,
604 1352 650 1399 aut
671 1345 787 1400 infantes
809 1353 837 1400 et
858 1343 1079 1417 peregrinantes:
1109 1344 1207 1418 quibus

252 1425 384 1482 bonorum
407 1425 552 1499 ’possessio
574 1420 654 1483 nisi¹³
679 1436 792 1502 propter
813 1429 973 1501 praetoriam
995 1429 1129 1484 actionem
1151 1445 1208 1484 uon

252 1510 304 1565 erit
319 1511 477 1567 necessaria.
519 1505 547 1566 6.
568 1504 705 1566 ¹⁴'Suis¹⁵
719 1510 863 1566 heredibus
879 1510 945 1565 adeo
961 1527 975 1564 a
990 1519 1077 1567 morte
1092 1520 1208 1567 testato-

325 1649 345 1717 1)
359 1650 456 1700 Eadem
466 1653 567 1702 ratione
576 1653 676 1700 sanavi.
723 1648 744 1716 2)
755 1651 809 1701 Pro
820 1652 866 1713 ipsi
878 1651 939 1700 Cdd.
950 1651 1023 1700 edd:
1033 1652 1098 1714 ips03
1113 1651 1208 1701 deiude

252 1723 387 1771 testamenti
400 1721 431 1769 B.
455 1724 536 1770 testati
555 1721 599 1770 Ve.
620 1722 661 1769 Vi.
677 1722 716 1770 ed.
731 1720 772 1772 Bi.
803 1721 841 1785 Os.
858 1721 933 1770 Paul.
948 1720 975 1770 S.
992 1721 1022 1770 Ii.
1037 1733 1062 1778 a,
1076 1725 1111 1770 4⁸.
1132 1724 1155 1782 §.
1170 1733 1207 1772 10.

252 1793 336 1842 Antea
351 1791 486 1858 (Zeitsellr.
505 1791 584 1840 XIII.
595 1807 623 1854 p.
637 1791 684 1856 ts.)
699 1793 858 1840 coniecerant
874 1792 940 1840 initio
952 1807 1004 1854 pro
1019 1793 1079 1854 ipso.
1127 1788 1147 1855 ³)
1162 1792 1208 1839 de-

252 1864 340 1912 cedunt
351 1863 411 1912 Odd.
423 1863 480 1911 edd.
504 1861 656 1912 Testamenti
670 1863 785 1910 destituti
800 1877 885 1911 casum
896 1877 946 1911 nort
957 1863 997 1910 Itis
1006 1862 1053 1910 sed
1061 1863 1208 1924 superioris

253 1936 279 1995 §i
296 1932 428 1996 speciebus
447 1932 555 1982 Paullus
576 1933 741 1990 adnumerat,
766 1933 827 1995 quia
847 1929 954 1981 te'stator
976 1939 1000 1980 et
1020 1932 1106 1991 heres,
1129 1931 1208 1980 cuius

250 2004 369 2066 familiae
383 2009 479 2066 emptor
494 2005 575 2052 locum
590 2002 692 2064 obtinet,
707 2008 879 2052 testamentum
892 2002 983 2065 facere
997 2002 1125 2060 uidentur,
1139 2007 1168 2050 ut
1182 2003 1209 2050 si

252 2074 327 2123 heres
340 2089 391 2123 non
405 2075 509 2134 existat,
524 2088 604 2136 neque
618 2079 792 2122 testamentum
804 2073 903 2134 factum
917 2087 972 2121 esse
987 2074 1156 2136 intelligatur.

253 2142 274 2208 4)
288 2143 333 2194 Sic
352 2144 393 2193 Vi.
414 2143 458 2192 Ve.
473 2144 644 2192 hereditatibus
658 2141 689 2190 B.
714 2143 842 2191 heredibus
857 2143 926 2190 datur
940 2143 980 2191 ed.
995 2157 1050 2191 mea
1068 2145 1160 2191 altera.

254 2211 274 2279 5)
289 2216 380 2276 agnatis
396 2221 419 2262 et
432 2212 463 2262 B.
484 2214 574 2274 agnatis
589 2221 625 2262 est
640 2221 664 2261 et
683 2212 727 2261 Ve.
747 2214 839 2273 agnatis
855 2220 892 2260 est
910 2212 952 2261 Vi.
976 2212 1067 2276 Itaque
1082 2219 1120 2261 est
1133 2227 1168 2262 em
1182 2220 1208 2260 et

252 2286 409 2347 transposito
424 2290 509 2332 natum
519 2291 591 2346 puto.
619 2283 713 2332 Vocem
728 2283 910 2343 consanguineis
926 2298 987 2332 uero
1002 2283 1140 2341 excidisse,
1156 2283 1208 2332 duo

252 2361 401 2418 argumento
415 2362 487 2402 sunt:
501 2355 570 2416 quod
582 2355 698 2417 sequitur
713 2354 775 2402 Sane
791 2353 980 2414 consanguineos
995 2360 1043 2402 ete.
1058 2361 1083 2402 et
1092 2353 1162 2416 quod
1171 2353 1208 2401 iln'

252 2439 337 2472 omnes
357 2423 418 2471 Cdd.
439 2422 532 2472 habeut
551 2425 746 2485 consanguineis,
770 2438 834 2485 guae
856 2438 907 2472 uoce
927 2438 964 2472 sc.
983 2439 1018 2472 ea
1039 2425 1156 2488 margine
1177 2438 1206 2472 eo

252 2491 421 2540 aberraverat
435 2500 459 2540 et
474 2494 663 2553 consanguineos
677 2494 822 2556 eupulerut.
896 2490 918 2558 ⁶)
933 2495 951 2541 i.
966 2509 986 2544 e.
1002 2495 1070 2551 olim,
1085 2493 1206 2556 quamdiu

253 2564 293 2610 ius
305 2562 464 2626 gentilicium
478 2563 505 2609 in
520 2575 568 2610 aaut
582 2571 648 2612 erat.
714 2561 733 2628 ⁷)
747 2561 830 2612 Sensu
845 2565 963 2628 exigente
982 2579 1017 2612 eac
1035 2565 1128 2612 uicinis
1146 2578 1205 2626 sup-

249 2633 328 2694 plevi.
357 2632 546 2694 adprehenderat
559 2631 589 2680 B.
610 2634 649 2681 ed.
659 2632 701 2682 Bl.
717 2634 880 2698 apphenderat
894 2633 939 2682 Ve.
959 2634 1149 2698 adprehenderet
1163 2633 1189 2681 V
1188 2636 1204 2682 i.

254 2698 274 2764 8)
298 2701 358 2750 Tum
378 2703 491 2759 seilicet,
513 2717 569 2750 cuna
597 2703 748 2753 Voconiana
769 2705 870 2753 ratione
892 2702 966 2768 (infr.
987 2707 1009 2766 ξ.
1029 2703 1074 2768 uu.)
1093 2705 1205 2766 feminae

254 2769 355 2836 ‘agnata'
364 2769 493 2834 proximi'
505 2775 677 2835 appellatione
687 2775 815 2823 contineri
825 2781 991 2838 negarentur,
1002 2775 1204 2838 consanguinea·

252 2858 309 2890 rum
328 2844 403 2905 quasi
423 2857 488 2891 nouo
507 2843 599 2892 ordine
623 2845 737 2902 inuento,
759 2845 884 2892 ucetiam
904 2845 1016 2898 seeundo
1035 2845 1133 2908 gradu,
1155 2858 1203 2906 guo

252 2912 498 3045 gpasibsuigugredis
512 2914 569 3030 ipre
581 2912 984 3048 phsereditff)⁰pbgt{n}m{'pfeminapf
995 2915 1204 3032 excludergptpjrp

289 2990 313 3031 et
351 2997 385 3031 .e
424 2997 496 3031 .eos
540 2997 560 3030 e.
606 2985 622 3030 i.
814 2987 943 3047 cutej.
982 2986 1149 3046 apiamuee.
1198 3019 1204 3030 .

251 3053 371 3117 Intetttge
385 3054 464 3116 legem
477 3053 509 3101 de
523 3053 679 3108 maritandis
692 3053 835 3102 ordinibus.
866 3054 903 3116 Cf.
920 3054 963 3102 tu.
984 3054 1043 3103 Vat.
1058 3057 1081 3116 ξ.
1096 3066 1143 3105 168.

255 3119 287 3189 ¹¹)
304 3123 342 3186 Os.
357 3124 379 3184 ξ.
395 3133 415 3173 a.
435 3122 457 3171 I.
475 3122 506 3171 de
521 3122 608 3171 bared.
625 3139 647 3186 g.
663 3122 694 3171 ab
709 3125 755 3172 int.
771 3121 802 3188 (8,
818 3123 849 3187 1).
868 3124 900 3171 L.
915 3136 935 3174 8.
959 3124 984 3174 0.
1000 3125 1032 3174 de
1046 3127 1101 3174 suis
1115 3123 1145 3188 (6,
1159 3122 1203 3187 55).

251 3193 283 3242 L.
299 3207 331 3246 14.
347 3194 379 3242 D.
394 3194 449 3243 eod.
464 3193 512 3258 (aa,
527 3191 571 3258 tt).
591 3193 623 3241 L.
639 3205 673 3244 63.
696 3194 728 3242 D.
743 3195 775 3243 de
789 3209 845 3257 aeq.
860 3194 948 3244 hered.
963 3193 1012 3258 (29,
1027 3194 1058 3261 a).
1125 3191 1158 3258 ῃ)
1171 3193 1203 3242 Iu

252 3266 310 3314 edd.
324 3265 388 3314 haec
402 3263 480 3313 uerba
491 3265 568 3326 finem
579 3265 684 3327 faciunt
697 3265 879 3328 praecedentis
893 3266 934 3326 §ir
953 3272 979 3314 at
994 3266 1030 3314 ibt
1043 3267 1095 3314 iam
1109 3264 1204 3313 dietum

252 3344 309 3385 erut
324 3337 347 3384 in
362 3342 479 3398 potestate
494 3335 570 3398 patris
585 3336 715 3384 constituti.
769 3331 801 3400 ¹³)
815 3335 977 3397 possessionis
990 3334 1021 3384 B.
1042 3335 1087 3384 Ve.
1107 3349 1204 3396 posses-

252 3407 331 3455 siones
351 3407 392 3455 Vt.
412 3407 533 3468 possessio
548 3405 587 3453 ed.
602 3404 642 3454 Bt.
671 3406 710 3454 De
729 3421 758 3454 re
778 3406 812 3468 ef.
831 3403 887 3454 Gai.
902 3417 975 3462 a‚t34.
1042 3402 1075 3470 1⁴)
1092 3405 1202 3468 Os.§.a.

251 3475 273 3524 I.
289 3478 320 3525 de
334 3477 421 3526 hered.
437 3491 459 3539 q.
474 3476 506 3524 ub
520 3477 565 3524 int.
582 3475 612 3541 (a,
623 3474 654 3540 1).
669 3476 701 3524 L.
713 3488 745 3527 11.
766 3474 927 3524 buettner
938 3483 1005 3538 post.
1021 3474 1065 3540 (aa,
1076 3473 1107 3541 u).
1127 3474 1158 3522 L.
1169 3485 1203 3523 11.

251 3555 276 3594 ot
282 3561 325 3607 pr.
341 3546 373 3594 D.
384 3547 416 3594 de
429 3561 485 3609 aeq.
496 3545 550 3596 lter.
562 3543 606 3612 (aa,
615 3545 647 3610 u).
697 3542 729 3610 1⁶)
740 3547 777 3594 sui
786 3545 816 3594 B.
836 3547 886 3594 suis
899 3545 944 3598 Ve.
960 3545 1002 3596 Vi.
1017 3547 1042 3594 ln
1053 3547 1103 3595 suis
1113 3545 1152 3594 ed.
1162 3543 1202 3593 Bt.

142 3801 258 3838 A
