2700 4118
271 178 334 244 622
549 195 654 232 nourrii
672 195 779 232 veriani
797 195 863 230 msa.
882 195 939 230 nen.

272 325 411 383 stitutorio
423 324 468 382 uel
478 325 638 382 exhibitorio
648 325 791 382 interdicto
803 325 920 396 reddito,
936 323 1066 398 siquidem
1081 316 1229 380 arbitrum¹

271 409 453 484 postulauerit
466 411 501 482 is,
516 425 577 466 eum
593 426 648 483 quo
663 412 764 484 agitur,
779 409 923 466 formulam
938 409 1034 482 accipit
1049 406 1229 480 arbitrariam,

271 509 320 567 per
335 509 416 567 quam
431 492 541 565 arbiter,
559 486 563 571 l
581 491 647 550 ’nisi
668 496 789 551 arbitrio
805 497 866 550 eius
885 496 1056 550 restituatur
1075 495 1122 548 cet
1143 492 1230 549 exfri-

272 579 384 642 beatur,
401 582 503 652 quanti
517 593 552 634 ea
567 593 615 634 res
629 582 675 649 eit,
693 580 884 635 condemnare
899 593 963 634 eum
977 569 1116 633 iubetur.²

273 689 319 761 [nd
333 692 426 756 Ulpiani
440 693 616 743 Institutionum
631 693 716 742 librum
735 694 836 756 primum
855 694 926 742 etiam
945 693 1089 755 pertinuisse
1108 691 1229 755 videntur,

272 778 331 827 quae
351 763 463 814 Boethius
483 764 554 813 babet
573 777 658 814 comm.
677 764 701 812 in
720 761 768 812 Cic.
789 763 848 826 Top.
871 763 910 812 lib.
931 763 959 812 ll.
975 763 1013 814 ed.
1028 763 1114 812 Baiter.
1129 776 1153 826 p.
1168 773 1229 820 299„

273 835 347 896 magis
362 841 441 884 temen
456 835 597 883 sententiam
612 847 681 898 qnam
697 834 748 898 ipsa
762 834 834 882 rerba
849 830 987 900 referens}

357 943 453 1000 'l'ribus
468 942 555 999 modis
568 959 636 999 uxor
650 941 806 1013 habebatur,
823 958 884 1012 usu,
901 927 1172 1015 (eorelfarreatione,5
1182 958 1229 998 eo·

315 1029 467 1101 emptione3
490 1026 537 1082 sed
552 1026 731 1084 confarreatio
752 1026 818 1082 soils
841 1024 1015 1100 pontificibus
1037 1023 1226 1086 conueniebat.

315 1111 387 1180 Quae
403 1120 491 1168 autem
506 1112 533 1166 in
549 1127 656 1168 manum
671 1127 720 1185 per
734 1111 932 1184 coemptionem
952 1117 1151 1180 conuenerant,
1174 1109 1226 1165 bae

315 1195 528 1254 matresfamilias
552 1194 728 1264 uocabantur,
751 1210 819 1268 qnae
842 1210 908 1251 uero
932 1211 982 1250 usu
998 1193 1041 1250 uel
1065 1187 1227 1267 (con)farre·

315 1271 436 1349 atione,³
464 1280 581 1336 minime.
636 1277 775 1352 Coemptio
804 1295 869 1334 uero
896 1279 980 1334 certis
1009 1276 1227 1334 solemnitatibus

315 1362 504 1436 peragebatur,
519 1371 546 1419 et
556 1378 617 1418 sese
630 1363 659 1418 in
670 1362 817 1418 coemendo
828 1363 943 1418 inuicem
954 1359 1168 1435 interrogabant,
1186 1363 1228 1416 uir

315 1449 363 1518 ita,
382 1462 415 1502 an
431 1445 527 1502 mulier
540 1445 590 1502 sibi
605 1445 804 1502 materfamilias
822 1463 881 1502 esse
896 1445 995 1515 nellet3
1017 1440 1063 1501 illa
1077 1444 1227 1519 responde·

295 1529 376 1605 ·bat,
398 1529 478 1586 uelle.
522 1531 585 1586 item
609 1530 705 1586 mulier
726 1530 924 1602 interrogabat,
946 1547 980 1585 an
1002 1530 1046 1585 uir
1062 1527 1113 1584 sibi
1135 1537 1227 1604 pater·

316 1613 428 1670 familias
444 1629 503 1670 esse
519 1613 613 1685 uellet,
630 1613 676 1669 ille
692 1613 881 1686 respondebat,
903 1613 983 1671 uelle.
1020 1614 1114 1686 ltaque
1128 1611 1226 1669 mulier

317 1698 367 1754 uiri
383 1697 559 1754 conueniebat
573 1700 600 1754 in
617 1713 737 1769 manum,
759 1705 787 1753 et
801 1697 968 1753 uocabantur
988 1697 1037 1752 bae
1052 1697 1162 1770 nuptiae
1177 1711 1228 1770 per

317 1783 523 1856 coemptionem,
540 1790 568 1838 et
583 1789 640 1838 eret
655 1781 750 1838 mulier
765 1781 972 1850 materfamilias,
994 1782 1053 1836 uiro
1069 1779 1130 1836 loco
1146 1777 1226 1837 filiae.

318 1864 401 1934 Quam
416 1866 613 1922 solemnitatem
628 1867 655 1922 in
670 1867 727 1922 suis
741 1864 873 1922 institutis
889 1865 1016 1938 Ulpianus
1031 1865 1166 1938 exposuit.

349 2031 368 2100 ¹)
383 2035 507 2084 arbitrium
521 2034 578 2083 edd.
590 2047 609 2084 1.
620 2047 641 2084 2.
656 2035 718 2083 vitio
733 2041 858 2097 typorum.
911 2028 930 2092 ²)
946 2033 989 2082 Ad
1003 2034 1152 2082 sententiam
1166 2047 1226 2095 eup-

271 2107 350 2168 pleoi.
380 2104 647 2168 CfiGai.e,1oa.1oc.
700 2101 720 2170 ³)
736 2119 780 2154 con
796 2106 869 2154 initio
884 2103 984 2154 addidi.
1004 2103 1147 2153 farreatione
1163 2098 1225 2172 Cdo.

275 2177 333 2224 edd.
348 2177 423 2225 etiam
437 2190 505 2225 meae
519 2188 539 2226 1.
554 2185 575 2224 s.
