<?xml version="1.0" encoding="UTF-8"?>
<!DOCTYPE html PUBLIC "-//W3C//DTD XHTML 1.0 Transitional//EN"
    "http://www.w3.org/TR/xhtml1/DTD/xhtml1-transitional.dtd">
<html xmlns="http://www.w3.org/1999/xhtml" xml:lang="en" lang="en">
 <head>
  <title>
</title>
<meta http-equiv="Content-Type" content="text/html;charset=utf-8" />
  <meta name='ocr-system' content='tesseract 3.04.00' />
  <meta name='ocr-capabilities' content='ocr_page ocr_carea ocr_par ocr_line ocrx_word'/>
</head>
<body>
  <div class='ocr_page' id='page_1' title='image "./ivrisprvdentiae00huscgoog_0462.png"; bbox 0 0 2684 4112; ppageno 0'>
   <div class='ocr_carea' id='block_1_1' title="bbox 257 215 1078 281">
    <p class='ocr_par' dir='ltr' id='par_1_1' title="bbox 257 215 1078 281">
     <span class='ocr_line' id='line_1_1' title="bbox 257 215 1078 281; baseline 0.005 -13"><span class='ocrx_word' id='word_1_1' title='bbox 257 215 320 281; x_wconf 87' lang='grc'><em>438</em></span> <span class='ocrx_word' id='word_1_2' title='bbox 399 232 506 269; x_wconf 68' lang='lat' dir='ltr'><em>neman</em></span> <span class='ocrx_word' id='word_1_3' title='bbox 524 233 665 270; x_wconf 71' lang='lat' dir='ltr'><em>sumum</em></span> <span class='ocrx_word' id='word_1_4' title='bbox 683 234 846 271; x_wconf 68' lang='lat' dir='ltr'><em>annaneane</em></span> <span class='ocrx_word' id='word_1_5' title='bbox 864 232 1078 273; x_wconf 77' lang='lat' dir='ltr'><em>ssaomnavsu.</em></span> 
     </span>
    </p>
   </div>
   <div class='ocr_carea' id='block_1_2' title="bbox 258 371 1228 619">
    <p class='ocr_par' dir='ltr' id='par_1_2' title="bbox 258 371 1228 619">
     <span class='ocr_line' id='line_1_2' title="bbox 320 371 1228 450; baseline -0.002 -18"><span class='ocrx_word' id='word_1_6' title='bbox 320 371 365 432; x_wconf 79' lang='lat'><em>14.</em></span> <span class='ocrx_word' id='word_1_7' title='bbox 391 375 459 432; x_wconf 83' lang='lat' dir='ltr'><em>Cum</em></span> <span class='ocrx_word' id='word_1_8' title='bbox 474 379 509 433; x_wconf 90' lang='lat' dir='ltr'><em>de</em></span> <span class='ocrx_word' id='word_1_9' title='bbox 523 380 588 434; x_wconf 88' lang='lat' dir='ltr'><em>iure</em></span> <span class='ocrx_word' id='word_1_10' title='bbox 605 382 768 434; x_wconf 78' lang='lat' dir='ltr'><em>testamenti</em></span> <span class='ocrx_word' id='word_1_11' title='bbox 781 381 954 448; x_wconf 79' lang='lat' dir='ltr'><em>disputatur,</em></span> <span class='ocrx_word' id='word_1_12' title='bbox 970 377 1016 450; x_wconf 89' lang='lat' dir='ltr'><em>qui</em></span> <span class='ocrx_word' id='word_1_13' title='bbox 1032 384 1228 448; x_wconf 74' lang='lat' dir='ltr'><em>vegetusque</em></span> 
     </span>
     <span class='ocr_line' id='line_1_3' title="bbox 258 460 1227 536; baseline 0 -20"><span class='ocrx_word' id='word_1_14' title='bbox 258 460 292 516; x_wconf 91' lang='lat' dir='ltr'><em>ob</em></span> <span class='ocrx_word' id='word_1_15' title='bbox 313 461 344 516; x_wconf 88' lang='lat' dir='ltr'><em>id</em></span> <span class='ocrx_word' id='word_1_16' title='bbox 358 461 482 532; x_wconf 81' lang='lat' dir='ltr'><em>probat,</em></span> <span class='ocrx_word' id='word_1_17' title='bbox 503 470 553 517; x_wconf 85' lang='lat' dir='ltr'><em>aui</em></span> <span class='ocrx_word' id='word_1_18' title='bbox 568 463 642 519; x_wconf 89' lang='lat' dir='ltr'><em>sieut</em></span> <span class='ocrx_word' id='word_1_19' title='bbox 655 464 684 518; x_wconf 89' lang='lat' dir='ltr'><em>in</em></span> <span class='ocrx_word' id='word_1_20' title='bbox 699 471 780 536; x_wconf 80' lang='lat' dir='ltr'><em>rupto</em></span> <span class='ocrx_word' id='word_1_21' title='bbox 804 470 966 518; x_wconf 79' lang='lat' dir='ltr'><em>testamento</em></span> <span class='ocrx_word' id='word_1_22' title='bbox 980 461 1101 532; x_wconf 86' lang='lat' dir='ltr'><em>probat,</em></span> <span class='ocrx_word' id='word_1_23' title='bbox 1124 467 1227 516; x_wconf 87' lang='lat' dir='ltr'><em>tamen</em></span> 
     </span>
     <span class='ocr_line' id='line_1_4' title="bbox 258 544 1225 619; baseline 0.002 -19"><span class='ocrx_word' id='word_1_24' title='bbox 258 544 395 602; x_wconf 83' lang='lat' dir='ltr'><em>bonorum</em></span> <span class='ocrx_word' id='word_1_25' title='bbox 410 546 611 619; x_wconf 86' lang='lat' dir='ltr'><em>possessionem</em></span> <span class='ocrx_word' id='word_1_26' title='bbox 624 545 672 604; x_wconf 85' lang='lat' dir='ltr'><em>sed</em></span> <span class='ocrx_word' id='word_1_27' title='bbox 684 556 778 603; x_wconf 79' lang='lat' dir='ltr'><em>contra</em></span> <span class='ocrx_word' id='word_1_28' title='bbox 792 545 894 603; x_wconf 79' lang='lat' dir='ltr'><em>tabulas</em></span> <span class='ocrx_word' id='word_1_29' title='bbox 905 544 1032 618; x_wconf 86' lang='lat' dir='ltr'><em>&#39;aecipit,</em></span> <span class='ocrx_word' id='word_1_30' title='bbox 1048 548 1116 619; x_wconf 82' lang='lat' dir='ltr'><em>quio</em></span> <span class='ocrx_word' id='word_1_31' title='bbox 1128 561 1225 602; x_wconf 87' lang='lat' dir='ltr'><em>eausa</em></span> 
     </span>
    </p>
   </div>
   <div class='ocr_carea' id='block_1_3' title="bbox 256 624 955 792">
    <p class='ocr_par' dir='ltr' id='par_1_3' title="bbox 256 624 955 792">
     <span class='ocr_line' id='line_1_5' title="bbox 256 624 925 702; baseline 0.003 -18"><span class='ocrx_word' id='word_1_32' title='bbox 256 629 413 686; x_wconf 84' lang='lat' dir='ltr'><em>liberorum</em></span> <span class='ocrx_word' id='word_1_33' title='bbox 426 647 502 702; x_wconf 89' lang='lat' dir='ltr'><em>prae</em></span> <span class='ocrx_word' id='word_1_34' title='bbox 512 624 519 663; x_wconf 84' lang='lat'><strong>¹</strong></span> <span class='ocrx_word' id='word_1_35' title='bbox 529 634 679 688; x_wconf 86' lang='lat' dir='ltr'><em>teritorum</em></span> <span class='ocrx_word' id='word_1_36' title='bbox 694 631 792 688; x_wconf 82' lang='lat' dir='ltr'><em>melior</em></span> <span class='ocrx_word' id='word_1_37' title='bbox 806 631 925 688; x_wconf 80' lang='lat' dir='ltr'><em>uidetur.</em></span> 
     </span>
     <span class='ocr_line' id='line_1_6' title="bbox 319 707 955 792; baseline 0.002 -23"><span class='ocrx_word' id='word_1_38' title='bbox 319 709 363 770; x_wconf 85' lang='lat' dir='ltr'><em>lb.</em></span> <span class='ocrx_word' id='word_1_39' title='bbox 389 707 433 790; x_wconf 83' lang='lat' dir='ltr'><em>[L.</em></span> <span class='ocrx_word' id='word_1_40' title='bbox 456 720 483 774; x_wconf 81' lang='lat'><em>5.</em></span> <span class='ocrx_word' id='word_1_41' title='bbox 506 714 543 772; x_wconf 80' lang='lat' dir='ltr'><em>it.</em></span> <span class='ocrx_word' id='word_1_42' title='bbox 565 717 600 772; x_wconf 87' lang='lat' dir='ltr'><em>de</em></span> <span class='ocrx_word' id='word_1_43' title='bbox 621 718 695 773; x_wconf 87' lang='lat' dir='ltr'><em>dotis</em></span> <span class='ocrx_word' id='word_1_44' title='bbox 716 719 813 773; x_wconf 84' lang='lat' dir='ltr'><em>collat.</em></span> <span class='ocrx_word' id='word_1_45' title='bbox 836 719 887 786; x_wconf 87' lang='lat'><em>37,</em></span> <span class='ocrx_word' id='word_1_46' title='bbox 912 709 955 792; x_wconf 85' lang='lat'><em>7.]</em></span> 
     </span>
    </p>
   </div>
   <div class='ocr_carea' id='block_1_4' title="bbox 256 791 1226 1128">
    <p class='ocr_par' dir='ltr' id='par_1_4' title="bbox 256 791 1226 961">
     <span class='ocr_line' id='line_1_7' title="bbox 320 791 1226 875; baseline 0.002 -21"><span class='ocrx_word' id='word_1_47' title='bbox 320 791 383 854; x_wconf 81' lang='lat'><strong>²16.</strong></span> <span class='ocrx_word' id='word_1_48' title='bbox 409 791 452 875; x_wconf 81' lang='lat' dir='ltr'><em>[L.</em></span> <span class='ocrx_word' id='word_1_49' title='bbox 475 802 501 856; x_wconf 88' lang='lat'><em>9.</em></span> <span class='ocrx_word' id='word_1_50' title='bbox 524 800 560 856; x_wconf 82' lang='lat' dir='ltr'><em>Il.</em></span> <span class='ocrx_word' id='word_1_51' title='bbox 581 802 615 856; x_wconf 93' lang='lat' dir='ltr'><em>de</em></span> <span class='ocrx_word' id='word_1_52' title='bbox 636 802 709 857; x_wconf 89' lang='lat' dir='ltr'><em>dotis</em></span> <span class='ocrx_word' id='word_1_53' title='bbox 724 803 820 858; x_wconf 84' lang='lat' dir='ltr'><em>collat.</em></span> <span class='ocrx_word' id='word_1_54' title='bbox 848 803 900 871; x_wconf 84' lang='lat'><em>37,</em></span> <span class='ocrx_word' id='word_1_55' title='bbox 925 804 952 857; x_wconf 78' lang='grc'><em>6.</em></span> <span class='ocrx_word' id='word_1_56' title='bbox 991 799 1057 855; x_wconf 87' lang='lat' dir='ltr'><em>inde</em></span> <span class='ocrx_word' id='word_1_57' title='bbox 1084 816 1101 854; x_wconf 91' lang='lat' dir='ltr'><em>a</em></span> <span class='ocrx_word' id='word_1_58' title='bbox 1127 799 1226 856; x_wconf 86' lang='lat' dir='ltr'><em>verbis</em></span> 
     </span>
     <span class='ocr_line' id='line_1_8' title="bbox 256 876 550 961; baseline 0.014 -26"><span class='ocrx_word' id='word_1_59' title='bbox 256 877 352 955; x_wconf 85' lang='lat' dir='ltr'><em>(ldem)</em></span> <span class='ocrx_word' id='word_1_60' title='bbox 376 898 461 956; x_wconf 87' lang='lat' dir='ltr'><em>nepos</em></span> <span class='ocrx_word' id='word_1_61' title='bbox 483 876 550 961; x_wconf 76' lang='lat' dir='ltr'><em>si.]³</em></span> 
     </span>
    </p>

    <p class='ocr_par' dir='ltr' id='par_1_5' title="bbox 320 957 999 1046">
     <span class='ocr_line' id='line_1_9' title="bbox 320 957 999 1046; baseline 0.001 -23"><span class='ocrx_word' id='word_1_62' title='bbox 320 961 363 1023; x_wconf 85' lang='grc'><strong>17.</strong></span> <span class='ocrx_word' id='word_1_63' title='bbox 389 957 431 1046; x_wconf 81' lang='lat' dir='ltr'><em>[a.</em></span> <span class='ocrx_word' id='word_1_64' title='bbox 456 972 501 1025; x_wconf 86' lang='lat'><em>17.</em></span> <span class='ocrx_word' id='word_1_65' title='bbox 530 969 566 1024; x_wconf 80' lang='lat' dir='ltr'><em>a.</em></span> <span class='ocrx_word' id='word_1_66' title='bbox 589 970 624 1025; x_wconf 82' lang='lat' dir='ltr'><em>m</em></span> <span class='ocrx_word' id='word_1_67' title='bbox 645 973 750 1026; x_wconf 70' lang='lat' dir='ltr'><em>iniusto</em></span> <span class='ocrx_word' id='word_1_68' title='bbox 771 976 857 1042; x_wconf 80' lang='lat' dir='ltr'><em>rapto</em></span> <span class='ocrx_word' id='word_1_69' title='bbox 882 972 935 1039; x_wconf 82' lang='lat' dir='ltr'><em>ee,</em></span> <span class='ocrx_word' id='word_1_70' title='bbox 958 964 999 1042; x_wconf 81' lang='grc'><em>3.]</em></span> 
     </span>
    </p>

    <p class='ocr_par' dir='ltr' id='par_1_6' title="bbox 319 1046 971 1128">
     <span class='ocr_line' id='line_1_10' title="bbox 319 1046 971 1128; baseline 0.002 -21"><span class='ocrx_word' id='word_1_71' title='bbox 319 1047 364 1108; x_wconf 89' lang='lat'><em>18.</em></span> <span class='ocrx_word' id='word_1_72' title='bbox 390 1047 435 1126; x_wconf 78' lang='lat' dir='ltr'><em>[L.</em></span> <span class='ocrx_word' id='word_1_73' title='bbox 459 1057 486 1108; x_wconf 83' lang='lat'><em>5.</em></span> <span class='ocrx_word' id='word_1_74' title='bbox 514 1053 550 1109; x_wconf 86' lang='lat' dir='ltr'><em>D.</em></span> <span class='ocrx_word' id='word_1_75' title='bbox 572 1053 607 1109; x_wconf 91' lang='lat' dir='ltr'><em>de</em></span> <span class='ocrx_word' id='word_1_76' title='bbox 622 1055 696 1109; x_wconf 86' lang='lat' dir='ltr'><em>dotis</em></span> <span class='ocrx_word' id='word_1_77' title='bbox 717 1056 814 1110; x_wconf 89' lang='lat' dir='ltr'><em>eollot.</em></span> <span class='ocrx_word' id='word_1_78' title='bbox 836 1057 888 1116; x_wconf 82' lang='lat'><em>37,</em></span> <span class='ocrx_word' id='word_1_79' title='bbox 913 1056 929 1108; x_wconf 84' lang='grc'><strong><em>7</em></strong></span> <span class='ocrx_word' id='word_1_80' title='bbox 934 1046 971 1128; x_wconf 73' lang='grc'><em>.]4</em></span> 
     </span>
    </p>
   </div>
   <div class='ocr_carea' id='block_1_5' title="bbox 255 1168 469 1178">
    <p class='ocr_par' dir='ltr' id='par_1_7' title="bbox 255 1168 469 1178">
     <span class='ocr_line' id='line_1_11' title="bbox 255 1168 469 1178; baseline 0 0"><span class='ocrx_word' id='word_1_81' title='bbox 255 1168 469 1178; x_wconf 76' lang='lat'><strong>——-.</strong></span> 
     </span>
    </p>
   </div>
   <div class='ocr_carea' id='block_1_6' title="bbox 251 1217 1223 3131">
    <p class='ocr_par' dir='ltr' id='par_1_8' title="bbox 251 1217 1223 3131">
     <span class='ocr_line' id='line_1_12' title="bbox 330 1217 1222 1286; baseline 0.003 -17"><span class='ocrx_word' id='word_1_82' title='bbox 330 1217 350 1286; x_wconf 88' lang='lat'><em>¹)</em></span> <span class='ocrx_word' id='word_1_83' title='bbox 365 1220 397 1270; x_wconf 90' lang='lat' dir='ltr'><em>In</em></span> <span class='ocrx_word' id='word_1_84' title='bbox 417 1223 473 1285; x_wconf 85' lang='lat' dir='ltr'><em>ipso</em></span> <span class='ocrx_word' id='word_1_85' title='bbox 492 1223 541 1272; x_wconf 87' lang='lat' dir='ltr'><em>boe</em></span> <span class='ocrx_word' id='word_1_86' title='bbox 560 1239 635 1274; x_wconf 88' lang='lat' dir='ltr'><em>versu</em></span> <span class='ocrx_word' id='word_1_87' title='bbox 655 1231 767 1274; x_wconf 86' lang='lat' dir='ltr'><em>aeterum</em></span> <span class='ocrx_word' id='word_1_88' title='bbox 785 1238 867 1274; x_wconf 86' lang='lat' dir='ltr'><em>vacuo</em></span> <span class='ocrx_word' id='word_1_89' title='bbox 886 1224 912 1271; x_wconf 89' lang='lat' dir='ltr'><em>in</em></span> <span class='ocrx_word' id='word_1_90' title='bbox 929 1223 981 1285; x_wconf 83' lang='lat' dir='ltr'><em>fine</em></span> <span class='ocrx_word' id='word_1_91' title='bbox 1000 1224 1095 1272; x_wconf 86' lang='lat' dir='ltr'><em>litteris</em></span> <span class='ocrx_word' id='word_1_92' title='bbox 1116 1223 1222 1272; x_wconf 87' lang='lat' dir='ltr'><em>minutis</em></span> 
     </span>
     <span class='ocr_line' id='line_1_13' title="bbox 258 1291 1222 1359; baseline 0.003 -20"><span class='ocrx_word' id='word_1_93' title='bbox 258 1292 374 1340; x_wconf 89' lang='lat' dir='ltr'><em>additum</em></span> <span class='ocrx_word' id='word_1_94' title='bbox 391 1300 428 1341; x_wconf 86' lang='lat' dir='ltr'><em>est</em></span> <span class='ocrx_word' id='word_1_95' title='bbox 452 1293 516 1356; x_wconf 81' lang='lat' dir='ltr'><em>lpina</em></span> <span class='ocrx_word' id='word_1_96' title='bbox 535 1291 672 1358; x_wconf 70' lang='lat' dir='ltr'><em>(vulpiani)</em></span> <span class='ocrx_word' id='word_1_97' title='bbox 752 1291 773 1358; x_wconf 79' lang='lat'><em>¹)</em></span> <span class='ocrx_word' id='word_1_98' title='bbox 794 1293 866 1344; x_wconf 89' lang='lat' dir='ltr'><em>Num.</em></span> <span class='ocrx_word' id='word_1_99' title='bbox 887 1304 983 1344; x_wconf 78' lang='grc'><strong>16-11</strong></span> <span class='ocrx_word' id='word_1_100' title='bbox 1003 1295 1051 1342; x_wconf 86' lang='lat' dir='ltr'><em>alii</em></span> <span class='ocrx_word' id='word_1_101' title='bbox 1070 1292 1222 1359; x_wconf 81' lang='lat' dir='ltr'><em>(Kriiperus</em></span> 
     </span>
     <span class='ocr_line' id='line_1_14' title="bbox 251 1361 1220 1430; baseline 0.004 -20"><span class='ocrx_word' id='word_1_102' title='bbox 251 1368 330 1425; x_wconf 86' lang='lat' dir='ltr'><em>putot</em></span> <span class='ocrx_word' id='word_1_103' title='bbox 348 1361 470 1427; x_wconf 86' lang='lat' dir='ltr'><em>eiusdem)</em></span> <span class='ocrx_word' id='word_1_104' title='bbox 492 1365 591 1414; x_wconf 86' lang='lat' dir='ltr'><em>eodicis</em></span> <span class='ocrx_word' id='word_1_105' title='bbox 607 1365 675 1428; x_wconf 87' lang='lat' dir='ltr'><em>solio</em></span> <span class='ocrx_word' id='word_1_106' title='bbox 689 1367 822 1430; x_wconf 62' lang='lat' dir='ltr'><em>singulari</em></span> <span class='ocrx_word' id='word_1_107' title='bbox 835 1366 882 1414; x_wconf 84' lang='lat' dir='ltr'><em>sed</em></span> <span class='ocrx_word' id='word_1_108' title='bbox 900 1364 968 1413; x_wconf 85' lang='lat' dir='ltr'><em>binis</em></span> <span class='ocrx_word' id='word_1_109' title='bbox 982 1365 1107 1414; x_wconf 82' lang='lat' dir='ltr'><em>columnis</em></span> <span class='ocrx_word' id='word_1_110' title='bbox 1120 1366 1220 1428; x_wconf 77' lang='lat' dir='ltr'><em>scripto</em></span> 
     </span>
     <span class='ocr_line' id='line_1_15' title="bbox 256 1431 1221 1500; baseline 0.004 -20"><span class='ocrx_word' id='word_1_111' title='bbox 256 1431 382 1482; x_wconf 84' lang='lat' dir='ltr'><em>debentur</em></span> <span class='ocrx_word' id='word_1_112' title='bbox 405 1434 474 1497; x_wconf 85' lang='lat' dir='ltr'><em>quod</em></span> <span class='ocrx_word' id='word_1_113' title='bbox 491 1437 573 1497; x_wconf 91' lang='lat' dir='ltr'><em>paulo</em></span> <span class='ocrx_word' id='word_1_114' title='bbox 588 1443 649 1498; x_wconf 86' lang='lat' dir='ltr'><em>post</em></span> <span class='ocrx_word' id='word_1_115' title='bbox 667 1438 695 1485; x_wconf 88' lang='lat' dir='ltr'><em>iv</em></span> <span class='ocrx_word' id='word_1_116' title='bbox 713 1435 802 1485; x_wconf 88' lang='lat' dir='ltr'><em>eadem</em></span> <span class='ocrx_word' id='word_1_117' title='bbox 821 1435 963 1500; x_wconf 64' lang='lat' dir='ltr'><em>farragine</em></span> <span class='ocrx_word' id='word_1_118' title='bbox 984 1442 1113 1498; x_wconf 87' lang='lat' dir='ltr'><em>repertum</em></span> <span class='ocrx_word' id='word_1_119' title='bbox 1131 1442 1157 1484; x_wconf 89' lang='lat' dir='ltr'><em>et</em></span> <span class='ocrx_word' id='word_1_120' title='bbox 1174 1451 1221 1484; x_wconf 79' lang='lat' dir='ltr'><em>ex·</em></span> 
     </span>
     <span class='ocr_line' id='line_1_16' title="bbox 256 1502 1223 1572; baseline 0.005 -21"><span class='ocrx_word' id='word_1_121' title='bbox 256 1516 358 1552; x_wconf 86' lang='lat' dir='ltr'><em>cussum</em></span> <span class='ocrx_word' id='word_1_122' title='bbox 371 1510 421 1563; x_wconf 88' lang='lat' dir='ltr'><em>est,</em></span> <span class='ocrx_word' id='word_1_123' title='bbox 436 1504 468 1553; x_wconf 92' lang='lat' dir='ltr'><em>de</em></span> <span class='ocrx_word' id='word_1_124' title='bbox 482 1521 531 1569; x_wconf 88' lang='lat' dir='ltr'><em>quo</em></span> <span class='ocrx_word' id='word_1_125' title='bbox 545 1507 597 1558; x_wconf 86' lang='lat' dir='ltr'><em>vid.</em></span> <span class='ocrx_word' id='word_1_126' title='bbox 613 1506 720 1572; x_wconf 78' lang='lat' dir='ltr'><em>Krbper</em></span> <span class='ocrx_word' id='word_1_127' title='bbox 735 1509 762 1555; x_wconf 91' lang='lat' dir='ltr'><em>iu</em></span> <span class='ocrx_word' id='word_1_128' title='bbox 777 1507 868 1556; x_wconf 87' lang='lat' dir='ltr'><em>iisdem</em></span> <span class='ocrx_word' id='word_1_129' title='bbox 887 1502 1148 1556; x_wconf 83' lang='lat' dir='ltr'><em>‘Monatsberieleten&#39;</em></span> <span class='ocrx_word' id='word_1_130' title='bbox 1168 1517 1223 1556; x_wconf 80' lang='lat'><strong>1880</strong></span> 
     </span>
     <span class='ocr_line' id='line_1_17' title="bbox 251 1574 1221 1642; baseline 0 -17"><span class='ocrx_word' id='word_1_131' title='bbox 251 1588 279 1636; x_wconf 85' lang='lat' dir='ltr'><em>p.</em></span> <span class='ocrx_word' id='word_1_132' title='bbox 294 1584 335 1642; x_wconf 69' lang='grc'><strong>161</strong></span> <span class='ocrx_word' id='word_1_133' title='bbox 348 1588 400 1638; x_wconf 82' lang='lat' dir='ltr'><em>seq.</em></span> <span class='ocrx_word' id='word_1_134' title='bbox 419 1582 444 1624; x_wconf 91' lang='lat' dir='ltr'><em>et</em></span> <span class='ocrx_word' id='word_1_135' title='bbox 462 1575 607 1625; x_wconf 75' lang='lat' dir='ltr'><em>Zachariae</em></span> <span class='ocrx_word' id='word_1_136' title='bbox 625 1577 657 1626; x_wconf 89' lang='lat' dir='ltr'><em>de</em></span> <span class='ocrx_word' id='word_1_137' title='bbox 676 1577 836 1642; x_wconf 81' lang='lat' dir='ltr'><em>Linpentlval</em></span> <span class='ocrx_word' id='word_1_138' title='bbox 854 1579 882 1626; x_wconf 91' lang='lat' dir='ltr'><em>in</em></span> <span class='ocrx_word' id='word_1_139' title='bbox 902 1574 1042 1626; x_wconf 81' lang='lat' dir='ltr'><em>‘Deutselte</em></span> <span class='ocrx_word' id='word_1_140' title='bbox 1061 1577 1221 1626; x_wconf 85' lang='lat' dir='ltr'><em>Litterotur·</em></span> 
     </span>
     <span class='ocr_line' id='line_1_18' title="bbox 254 1641 1222 1711; baseline 0.007 -19"><span class='ocrx_word' id='word_1_141' title='bbox 254 1641 370 1709; x_wconf 83' lang='lat' dir='ltr'><em>aeitunp’</em></span> <span class='ocrx_word' id='word_1_142' title='bbox 386 1657 438 1697; x_wconf 80' lang='grc'><strong>1181</strong></span> <span class='ocrx_word' id='word_1_143' title='bbox 449 1661 476 1710; x_wconf 90' lang='lat' dir='ltr'><em>p.</em></span> <span class='ocrx_word' id='word_1_144' title='bbox 492 1658 539 1698; x_wconf 79' lang='grc'><strong>110.</strong></span> <span class='ocrx_word' id='word_1_145' title='bbox 567 1647 622 1697; x_wconf 85' lang='lat' dir='ltr'><em>Hie</em></span> <span class='ocrx_word' id='word_1_146' title='bbox 636 1656 746 1711; x_wconf 88' lang='lat' dir='ltr'><em>praeter</em></span> <span class='ocrx_word' id='word_1_147' title='bbox 764 1649 967 1698; x_wconf 82' lang='lat' dir='ltr'><em>convenientiam</em></span> <span class='ocrx_word' id='word_1_148' title='bbox 983 1649 1021 1709; x_wconf 77' lang='lat' dir='ltr'><em>fr.</em></span> <span class='ocrx_word' id='word_1_149' title='bbox 1037 1659 1062 1700; x_wconf 91' lang='grc'><em>11</em></span> <span class='ocrx_word' id='word_1_150' title='bbox 1077 1664 1133 1697; x_wconf 89' lang='lat' dir='ltr'><em>eum</em></span> <span class='ocrx_word' id='word_1_151' title='bbox 1146 1647 1179 1696; x_wconf 83' lang='lat' dir='ltr'><em>L.</em></span> <span class='ocrx_word' id='word_1_152' title='bbox 1194 1659 1222 1699; x_wconf 88' lang='grc'><em>11</em></span> 
     </span>
     <span class='ocr_line' id='line_1_19' title="bbox 256 1714 1220 1782; baseline 0.002 -18"><span class='ocrx_word' id='word_1_153' title='bbox 256 1714 293 1764; x_wconf 88' lang='lat' dir='ltr'><em>ibi</em></span> <span class='ocrx_word' id='word_1_154' title='bbox 307 1717 365 1774; x_wconf 67' lang='lat' dir='ltr'><em>eit„</em></span> <span class='ocrx_word' id='word_1_155' title='bbox 384 1732 459 1781; x_wconf 85' lang='lat' dir='ltr'><em>quam</em></span> <span class='ocrx_word' id='word_1_156' title='bbox 473 1719 524 1767; x_wconf 90' lang='lat' dir='ltr'><em>iam</em></span> <span class='ocrx_word' id='word_1_157' title='bbox 538 1717 646 1782; x_wconf 81' lang='lat' dir='ltr'><em>Kriiper</em></span> <span class='ocrx_word' id='word_1_158' title='bbox 660 1719 854 1778; x_wconf 77' lang='lat' dir='ltr'><em>observaverat,</em></span> <span class='ocrx_word' id='word_1_159' title='bbox 874 1721 950 1770; x_wconf 84' lang='lat' dir='ltr'><em>etiam</em></span> <span class='ocrx_word' id='word_1_160' title='bbox 965 1719 1003 1782; x_wconf 76' lang='lat' dir='ltr'><em>fr.</em></span> <span class='ocrx_word' id='word_1_161' title='bbox 1019 1729 1044 1770; x_wconf 79' lang='lat'><em>16</em></span> <span class='ocrx_word' id='word_1_162' title='bbox 1060 1720 1086 1767; x_wconf 87' lang='lat' dir='ltr'><em>in</em></span> <span class='ocrx_word' id='word_1_163' title='bbox 1100 1719 1133 1768; x_wconf 83' lang='lat' dir='ltr'><em>L.</em></span> <span class='ocrx_word' id='word_1_164' title='bbox 1147 1730 1160 1770; x_wconf 83' lang='grc'>9</span> <span class='ocrx_word' id='word_1_165' title='bbox 1175 1720 1220 1768; x_wconf 84' lang='lat' dir='ltr'><em>eit.</em></span> 
     </span>
     <span class='ocr_line' id='line_1_20' title="bbox 255 1787 1220 1855; baseline 0.003 -20"><span class='ocrx_word' id='word_1_166' title='bbox 255 1793 280 1835; x_wconf 88' lang='lat' dir='ltr'><em>et</em></span> <span class='ocrx_word' id='word_1_167' title='bbox 290 1787 328 1850; x_wconf 76' lang='lat' dir='ltr'><em>fr.</em></span> <span class='ocrx_word' id='word_1_168' title='bbox 344 1799 369 1838; x_wconf 81' lang='lat'><em>18</em></span> <span class='ocrx_word' id='word_1_169' title='bbox 384 1789 411 1838; x_wconf 90' lang='lat' dir='ltr'><em>in</em></span> <span class='ocrx_word' id='word_1_170' title='bbox 426 1788 458 1837; x_wconf 85' lang='lat' dir='ltr'><em>L.</em></span> <span class='ocrx_word' id='word_1_171' title='bbox 473 1799 486 1840; x_wconf 77' lang='grc'><strong>1</strong></span> <span class='ocrx_word' id='word_1_172' title='bbox 505 1790 548 1839; x_wconf 88' lang='lat' dir='ltr'><em>cii.</em></span> <span class='ocrx_word' id='word_1_173' title='bbox 563 1805 702 1840; x_wconf 86' lang='lat' dir='ltr'><em>recurrere</em></span> <span class='ocrx_word' id='word_1_174' title='bbox 722 1790 787 1839; x_wconf 86' lang='lat' dir='ltr'><em>vidit</em></span> <span class='ocrx_word' id='word_1_175' title='bbox 806 1791 915 1855; x_wconf 82' lang='lat' dir='ltr'><em>indeque</em></span> <span class='ocrx_word' id='word_1_176' title='bbox 932 1789 1081 1855; x_wconf 76' lang='lat' dir='ltr'><em>Kruperum</em></span> <span class='ocrx_word' id='word_1_177' title='bbox 1096 1789 1158 1853; x_wconf 80' lang='lat' dir='ltr'><em>solii</em></span> <span class='ocrx_word' id='word_1_178' title='bbox 1168 1804 1220 1852; x_wconf 93' lang='lat' dir='ltr'><em>pa-</em></span> 
     </span>
     <span class='ocr_line' id='line_1_21' title="bbox 253 1858 1222 1928; baseline 0.002 -22"><span class='ocrx_word' id='word_1_179' title='bbox 253 1859 342 1922; x_wconf 78' lang='lat' dir='ltr'><em>pinum</em></span> <span class='ocrx_word' id='word_1_180' title='bbox 355 1861 524 1922; x_wconf 80' lang='lat' dir='ltr'><em>posteriorem</em></span> <span class='ocrx_word' id='word_1_181' title='bbox 538 1858 594 1927; x_wconf 85' lang='lat' dir='ltr'><em>(eol.</em></span> <span class='ocrx_word' id='word_1_182' title='bbox 607 1859 696 1928; x_wconf 82' lang='lat' dir='ltr'>111.1V)</span> <span class='ocrx_word' id='word_1_183' title='bbox 711 1876 803 1911; x_wconf 87' lang='lat' dir='ltr'><em>errore</em></span> <span class='ocrx_word' id='word_1_184' title='bbox 812 1876 865 1925; x_wconf 87' lang='lat' dir='ltr'><em>pro</em></span> <span class='ocrx_word' id='word_1_185' title='bbox 876 1862 969 1925; x_wconf 86' lang='lat' dir='ltr'><em>priore</em></span> <span class='ocrx_word' id='word_1_186' title='bbox 983 1860 1102 1910; x_wconf 84' lang='lat' dir='ltr'><em>babuisse</em></span> <span class='ocrx_word' id='word_1_187' title='bbox 1117 1861 1222 1910; x_wconf 88' lang='lat' dir='ltr'><em>demon-</em></span> 
     </span>
     <span class='ocr_line' id='line_1_22' title="bbox 254 1928 1222 1998; baseline 0.002 -20"><span class='ocrx_word' id='word_1_188' title='bbox 254 1931 355 1981; x_wconf 87' lang='lat' dir='ltr'><em>stravit.</em></span> <span class='ocrx_word' id='word_1_189' title='bbox 393 1928 462 1990; x_wconf 88' lang='lat' dir='ltr'><em>Quae</em></span> <span class='ocrx_word' id='word_1_190' title='bbox 477 1939 619 1994; x_wconf 84' lang='lat' dir='ltr'><em>praeterea</em></span> <span class='ocrx_word' id='word_1_191' title='bbox 638 1933 664 1981; x_wconf 86' lang='lat' dir='ltr'><em>in</em></span> <span class='ocrx_word' id='word_1_192' title='bbox 685 1939 794 1996; x_wconf 84' lang='lat' dir='ltr'><em>utraque</em></span> <span class='ocrx_word' id='word_1_193' title='bbox 807 1933 909 1998; x_wconf 77' lang='lat' dir='ltr'><em>popina</em></span> <span class='ocrx_word' id='word_1_194' title='bbox 924 1935 990 1981; x_wconf 83' lang='lat' dir='ltr'><em>lecto</em></span> <span class='ocrx_word' id='word_1_195' title='bbox 1006 1939 1078 1991; x_wconf 88' lang='lat' dir='ltr'><em>sunt,</em></span> <span class='ocrx_word' id='word_1_196' title='bbox 1099 1933 1126 1980; x_wconf 88' lang='lat' dir='ltr'><em>in</em></span> <span class='ocrx_word' id='word_1_197' title='bbox 1140 1931 1181 1980; x_wconf 85' lang='lat' dir='ltr'><em>bis</em></span> <span class='ocrx_word' id='word_1_198' title='bbox 1195 1939 1222 1980; x_wconf 87' lang='lat' dir='ltr'><em>et</em></span> 
     </span>
     <span class='ocr_line' id='line_1_23' title="bbox 254 2001 1220 2067; baseline 0.004 -19"><span class='ocrx_word' id='word_1_199' title='bbox 254 2001 365 2064; x_wconf 81' lang='lat' dir='ltr'><em>quinque</em></span> <span class='ocrx_word' id='word_1_200' title='bbox 379 2001 479 2051; x_wconf 82' lang='lat' dir='ltr'><em>sebolio</em></span> <span class='ocrx_word' id='word_1_201' title='bbox 497 2001 598 2052; x_wconf 80' lang='lat' dir='ltr'><em>Graeca</em></span> <span class='ocrx_word' id='word_1_202' title='bbox 613 2004 640 2052; x_wconf 88' lang='lat' dir='ltr'><em>in</em></span> <span class='ocrx_word' id='word_1_203' title='bbox 656 2003 861 2054; x_wconf 84' lang='lat' dir='ltr'><em>intercolumniis</em></span> <span class='ocrx_word' id='word_1_204' title='bbox 881 2018 988 2067; x_wconf 84' lang='lat' dir='ltr'><em>quorum</em></span> <span class='ocrx_word' id='word_1_205' title='bbox 1007 2004 1133 2052; x_wconf 81' lang='lat' dir='ltr'><em>unientis</em></span> <span class='ocrx_word' id='word_1_206' title='bbox 1147 2004 1220 2052; x_wconf 86' lang='lat' dir='ltr'><em>olore</em></span> 
     </span>
     <span class='ocr_line' id='line_1_24' title="bbox 254 2065 1220 2138; baseline 0.003 -19"><span class='ocrx_word' id='word_1_207' title='bbox 254 2086 344 2121; x_wconf 88' lang='lat' dir='ltr'><em>nomen</em></span> <span class='ocrx_word' id='word_1_208' title='bbox 354 2065 481 2134; x_wconf 75' lang='grc' dir='ltr'><strong><em>Ῥιτισιος</em></strong></span> <span class='ocrx_word' id='word_1_209' title='bbox 490 2069 685 2138; x_wconf 85' lang='lat' dir='ltr'><em>praescriptum</em></span> <span class='ocrx_word' id='word_1_210' title='bbox 698 2081 745 2132; x_wconf 81' lang='lat' dir='ltr'><em>eol,</em></span> <span class='ocrx_word' id='word_1_211' title='bbox 760 2081 784 2124; x_wconf 87' lang='lat' dir='ltr'><em>et</em></span> <span class='ocrx_word' id='word_1_212' title='bbox 798 2081 873 2124; x_wconf 87' lang='lat' dir='ltr'><em>notae</em></span> <span class='ocrx_word' id='word_1_213' title='bbox 887 2076 963 2123; x_wconf 87' lang='lat' dir='ltr'><em>semel</em></span> <span class='ocrx_word' id='word_1_214' title='bbox 977 2076 1017 2122; x_wconf 91' lang='lat' dir='ltr'><em>vel</em></span> <span class='ocrx_word' id='word_1_215' title='bbox 1026 2073 1065 2123; x_wconf 88' lang='lat' dir='ltr'><em>bis</em></span> <span class='ocrx_word' id='word_1_216' title='bbox 1077 2073 1164 2132; x_wconf 88' lang='lat' dir='ltr'><em>Pauli,</em></span> <span class='ocrx_word' id='word_1_217' title='bbox 1178 2080 1220 2122; x_wconf 92' lang='lat' dir='ltr'><em>ter</em></span> 
     </span>
     <span class='ocr_line' id='line_1_25' title="bbox 260 2140 1220 2210; baseline 0.002 -19"><span class='ocrx_word' id='word_1_218' title='bbox 260 2140 365 2206; x_wconf 81' lang='lat' dir='ltr'><em>Ulpiani</em></span> <span class='ocrx_word' id='word_1_219' title='bbox 379 2143 435 2208; x_wconf 90' lang='lat' dir='ltr'><em>(illo</em></span> <span class='ocrx_word' id='word_1_220' title='bbox 449 2144 518 2194; x_wconf 82' lang='lat' dir='ltr'><em>buno</em></span> <span class='ocrx_word' id='word_1_221' title='bbox 533 2152 602 2196; x_wconf 85' lang='lat' dir='ltr'><em>certe</em></span> <span class='ocrx_word' id='word_1_222' title='bbox 615 2147 692 2194; x_wconf 89' lang='lat' dir='ltr'><em>semel</em></span> <span class='ocrx_word' id='word_1_223' title='bbox 706 2147 742 2194; x_wconf 89' lang='lat' dir='ltr'><em>ad</em></span> <span class='ocrx_word' id='word_1_224' title='bbox 755 2145 821 2194; x_wconf 89' lang='lat' dir='ltr'><em>idem</em></span> <span class='ocrx_word' id='word_1_225' title='bbox 835 2160 986 2208; x_wconf 83' lang='lat' dir='ltr'><em>responsum</em></span> <span class='ocrx_word' id='word_1_226' title='bbox 996 2142 1180 2210; x_wconf 85' lang='lat' dir='ltr'><em>praecedente)</em></span> <span class='ocrx_word' id='word_1_227' title='bbox 1193 2151 1220 2194; x_wconf 91' lang='lat' dir='ltr'><em>et</em></span> 
     </span>
     <span class='ocr_line' id='line_1_26' title="bbox 255 2213 1220 2280; baseline 0.002 -18"><span class='ocrx_word' id='word_1_228' title='bbox 255 2214 313 2276; x_wconf 85' lang='lat' dir='ltr'><em>ipsa</em></span> <span class='ocrx_word' id='word_1_229' title='bbox 328 2216 413 2264; x_wconf 89' lang='lat' dir='ltr'><em>onmia</em></span> <span class='ocrx_word' id='word_1_230' title='bbox 427 2216 463 2264; x_wconf 88' lang='lat' dir='ltr'><em>ad</em></span> <span class='ocrx_word' id='word_1_231' title='bbox 476 2232 498 2265; x_wconf 90' lang='lat' dir='ltr'><em>e.</em></span> <span class='ocrx_word' id='word_1_232' title='bbox 513 2223 531 2264; x_wconf 87' lang='lat' dir='ltr'><em>t.</em></span> <span class='ocrx_word' id='word_1_233' title='bbox 546 2215 568 2265; x_wconf 95' lang='lat' dir='ltr'><em>b.</em></span> <span class='ocrx_word' id='word_1_234' title='bbox 582 2218 770 2280; x_wconf 85' lang='lat' dir='ltr'><em>possessiouem</em></span> <span class='ocrx_word' id='word_1_235' title='bbox 781 2217 916 2280; x_wconf 86' lang='lat' dir='ltr'><em>pertinere</em></span> <span class='ocrx_word' id='word_1_236' title='bbox 930 2215 993 2264; x_wconf 83' lang='lat' dir='ltr'><em>milei</em></span> <span class='ocrx_word' id='word_1_237' title='bbox 1006 2216 1135 2266; x_wconf 85' lang='lat' dir='ltr'><em>videniur.</em></span> <span class='ocrx_word' id='word_1_238' title='bbox 1166 2213 1220 2264; x_wconf 86' lang='lat' dir='ltr'><em>Sed</em></span> 
     </span>
     <span class='ocr_line' id='line_1_27' title="bbox 254 2285 1219 2349; baseline 0.004 -18"><span class='ocrx_word' id='word_1_239' title='bbox 254 2290 279 2332; x_wconf 88' lang='lat' dir='ltr'><em>et</em></span> <span class='ocrx_word' id='word_1_240' title='bbox 299 2285 358 2348; x_wconf 76' lang='lat' dir='ltr'><em>fere</em></span> <span class='ocrx_word' id='word_1_241' title='bbox 377 2287 463 2335; x_wconf 88' lang='lat' dir='ltr'><em>omnio</em></span> <span class='ocrx_word' id='word_1_242' title='bbox 482 2293 532 2334; x_wconf 89' lang='lat' dir='ltr'><em>tam</em></span> <span class='ocrx_word' id='word_1_243' title='bbox 551 2289 641 2336; x_wconf 91' lang='lat' dir='ltr'><em>laeera</em></span> <span class='ocrx_word' id='word_1_244' title='bbox 659 2294 732 2346; x_wconf 84' lang='lat' dir='ltr'><em>sunt,</em></span> <span class='ocrx_word' id='word_1_245' title='bbox 756 2295 784 2336; x_wconf 79' lang='lat' dir='ltr'><em>ui</em></span> <span class='ocrx_word' id='word_1_246' title='bbox 802 2287 848 2336; x_wconf 78' lang='lat' dir='ltr'><em>via</em></span> <span class='ocrx_word' id='word_1_247' title='bbox 866 2294 920 2337; x_wconf 87' lang='lat' dir='ltr'><em>tuto</em></span> <span class='ocrx_word' id='word_1_248' title='bbox 938 2287 981 2336; x_wconf 84' lang='lat' dir='ltr'><em>bie</em></span> <span class='ocrx_word' id='word_1_249' title='bbox 1000 2287 1113 2349; x_wconf 77' lang='lat' dir='ltr'><em>referri,</em></span> <span class='ocrx_word' id='word_1_250' title='bbox 1128 2287 1219 2336; x_wconf 89' lang='lat' dir='ltr'><em>nedum</em></span> 
     </span>
     <span class='ocr_line' id='line_1_28' title="bbox 255 2354 1218 2424; baseline 0.003 -22"><span class='ocrx_word' id='word_1_251' title='bbox 255 2361 342 2403; x_wconf 85' lang='lat' dir='ltr'><em>certae</em></span> <span class='ocrx_word' id='word_1_252' title='bbox 355 2357 498 2404; x_wconf 82' lang='lat' dir='ltr'><em>sententiae</em></span> <span class='ocrx_word' id='word_1_253' title='bbox 513 2357 573 2405; x_wconf 89' lang='lat' dir='ltr'><em>inde</em></span> <span class='ocrx_word' id='word_1_254' title='bbox 583 2358 654 2420; x_wconf 76' lang='lat' dir='ltr'><em>effici</em></span> <span class='ocrx_word' id='word_1_255' title='bbox 664 2365 766 2422; x_wconf 87' lang='lat' dir='ltr'><em>queant.</em></span> <span class='ocrx_word' id='word_1_256' title='bbox 823 2354 844 2424; x_wconf 68' lang='grc' dir='ltr'><em>Β)</em></span> <span class='ocrx_word' id='word_1_257' title='bbox 862 2357 926 2408; x_wconf 88' lang='lat' dir='ltr'><em>Nam</em></span> <span class='ocrx_word' id='word_1_258' title='bbox 936 2373 1001 2422; x_wconf 87' lang='lat' dir='ltr'><em>qvae</em></span> <span class='ocrx_word' id='word_1_259' title='bbox 1011 2360 1128 2422; x_wconf 90' lang='lat' dir='ltr'><em>pauevla</em></span> <span class='ocrx_word' id='word_1_260' title='bbox 1138 2371 1218 2422; x_wconf 89' lang='lat' dir='ltr'><em>prae·</em></span> 
     </span>
     <span class='ocr_line' id='line_1_29' title="bbox 255 2424 1218 2488; baseline 0.004 -16"><span class='ocrx_word' id='word_1_261' title='bbox 255 2424 351 2472; x_wconf 83' lang='lat' dir='ltr'><em>aedunt</em></span> <span class='ocrx_word' id='word_1_262' title='bbox 368 2427 395 2474; x_wconf 88' lang='lat' dir='ltr'><em>in</em></span> <span class='ocrx_word' id='word_1_263' title='bbox 415 2441 479 2475; x_wconf 89' lang='lat' dir='ltr'><em>novo</em></span> <span class='ocrx_word' id='word_1_264' title='bbox 495 2425 562 2488; x_wconf 82' lang='lat' dir='ltr'><em>solio</em></span> <span class='ocrx_word' id='word_1_265' title='bbox 582 2429 630 2476; x_wconf 87' lang='lat' dir='ltr'><em>ool.</em></span> <span class='ocrx_word' id='word_1_266' title='bbox 645 2427 688 2487; x_wconf 87' lang='lat' dir='ltr'><em>II,</em></span> <span class='ocrx_word' id='word_1_267' title='bbox 708 2444 730 2476; x_wconf 91' lang='lat' dir='ltr'><em>v.</em></span> <span class='ocrx_word' id='word_1_268' title='bbox 746 2441 816 2479; x_wconf 83' lang='grc'><em>1-1</em></span> <span class='ocrx_word' id='word_1_269' title='bbox 838 2427 1011 2478; x_wconf 67' lang='lat' dir='ltr'><em>Tribonianus</em></span> <span class='ocrx_word' id='word_1_270' title='bbox 1030 2430 1123 2478; x_wconf 85' lang='lat' dir='ltr'><em>omisit.</em></span> <span class='ocrx_word' id='word_1_271' title='bbox 1156 2427 1218 2477; x_wconf 86' lang='lat' dir='ltr'><em>Item</em></span> 
     </span>
     <span class='ocr_line' id='line_1_30' title="bbox 259 2493 1218 2562; baseline 0.003 -18"><span class='ocrx_word' id='word_1_272' title='bbox 259 2493 365 2557; x_wconf 81' lang='lat' dir='ltr'><em>Ulpiani</em></span> <span class='ocrx_word' id='word_1_273' title='bbox 378 2503 472 2554; x_wconf 85' lang='lat' dir='ltr'><em>notam,</em></span> <span class='ocrx_word' id='word_1_274' title='bbox 486 2498 561 2546; x_wconf 86' lang='lat' dir='ltr'><em>ouius</em></span> <span class='ocrx_word' id='word_1_275' title='bbox 575 2500 702 2562; x_wconf 87' lang='lat' dir='ltr'><em>reliquiae</em></span> <span class='ocrx_word' id='word_1_276' title='bbox 717 2498 809 2548; x_wconf 84' lang='lat' dir='ltr'><em>ibidem</em></span> <span class='ocrx_word' id='word_1_277' title='bbox 822 2511 943 2551; x_wconf 79' lang='lat' dir='ltr'><em>mlo-1¹!</em></span> <span class='ocrx_word' id='word_1_278' title='bbox 957 2499 1128 2550; x_wconf 80' lang='lat' dir='ltr'><em>adiiciuntur.</em></span> <span class='ocrx_word' id='word_1_279' title='bbox 1153 2498 1218 2547; x_wconf 87' lang='lat' dir='ltr'><em>Eam</em></span> 
     </span>
     <span class='ocr_line' id='line_1_31' title="bbox 254 2568 1219 2634; baseline 0.007 -19"><span class='ocrx_word' id='word_1_280' title='bbox 254 2580 315 2616; x_wconf 89' lang='lat' dir='ltr'><em>vero</em></span> <span class='ocrx_word' id='word_1_281' title='bbox 336 2568 423 2616; x_wconf 87' lang='lat' dir='ltr'><em>statim</em></span> <span class='ocrx_word' id='word_1_282' title='bbox 441 2569 574 2630; x_wconf 73' lang='lat' dir='ltr'><em>excepisse</em></span> <span class='ocrx_word' id='word_1_283' title='bbox 592 2569 695 2618; x_wconf 89' lang='lat' dir='ltr'><em>videtvr</em></span> <span class='ocrx_word' id='word_1_284' title='bbox 713 2585 823 2634; x_wconf 87' lang='lat' dir='ltr'><em>sequens</em></span> <span class='ocrx_word' id='word_1_285' title='bbox 838 2571 876 2634; x_wconf 72' lang='lat' dir='ltr'><em>fr.</em></span> <span class='ocrx_word' id='word_1_286' title='bbox 892 2584 917 2624; x_wconf 90' lang='grc'><em>11</em></span> <span class='ocrx_word' id='word_1_287' title='bbox 933 2591 966 2613; x_wconf 89' lang='lat'><em>==</em></span> <span class='ocrx_word' id='word_1_288' title='bbox 981 2573 1030 2621; x_wconf 90' lang='lat' dir='ltr'><em>eol.</em></span> <span class='ocrx_word' id='word_1_289' title='bbox 1045 2570 1079 2619; x_wconf 93' lang='lat' dir='ltr'><em>II</em></span> <span class='ocrx_word' id='word_1_290' title='bbox 1093 2587 1115 2620; x_wconf 86' lang='lat' dir='ltr'><em>v.</em></span> <span class='ocrx_word' id='word_1_291' title='bbox 1131 2580 1219 2622; x_wconf 76' lang='grc'><strong>11-11</strong></span> 
     </span>
     <span class='ocr_line' id='line_1_32' title="bbox 253 2636 1218 2706; baseline 0.004 -21"><span class='ocrx_word' id='word_1_292' title='bbox 253 2636 301 2685; x_wconf 88' lang='lat' dir='ltr'><em>sed</em></span> <span class='ocrx_word' id='word_1_293' title='bbox 318 2638 368 2694; x_wconf 92' lang='lat' dir='ltr'><em>ita,</em></span> <span class='ocrx_word' id='word_1_294' title='bbox 389 2644 417 2686; x_wconf 91' lang='lat' dir='ltr'><em>ut</em></span> <span class='ocrx_word' id='word_1_295' title='bbox 438 2637 612 2688; x_wconf 78' lang='lat' dir='ltr'><em>Pribouianus</em></span> <span class='ocrx_word' id='word_1_296' title='bbox 630 2641 744 2700; x_wconf 84' lang='lat' dir='ltr'><em>omissis,</em></span> <span class='ocrx_word' id='word_1_297' title='bbox 766 2655 830 2705; x_wconf 86' lang='lat' dir='ltr'><em>quas</em></span> <span class='ocrx_word' id='word_1_298' title='bbox 846 2642 939 2706; x_wconf 77' lang='lat' dir='ltr'><em>folium</em></span> <span class='ocrx_word' id='word_1_299' title='bbox 960 2658 983 2691; x_wconf 93' lang='lat' dir='ltr'><em>v.</em></span> <span class='ocrx_word' id='word_1_300' title='bbox 997 2652 1086 2693; x_wconf 80' lang='grc'><strong>11-11</strong></span> <span class='ocrx_word' id='word_1_301' title='bbox 1104 2641 1218 2699; x_wconf 81' lang='lat' dir='ltr'><em>subiicit,</em></span> 
     </span>
     <span class='ocr_line' id='line_1_33' title="bbox 255 2707 1218 2777; baseline 0.005 -23"><span class='ocrx_word' id='word_1_302' title='bbox 255 2707 335 2756; x_wconf 88' lang='lat' dir='ltr'><em>Pauli</em></span> <span class='ocrx_word' id='word_1_303' title='bbox 348 2714 373 2756; x_wconf 93' lang='lat' dir='ltr'><em>et</em></span> <span class='ocrx_word' id='word_1_304' title='bbox 392 2707 497 2772; x_wconf 82' lang='lat' dir='ltr'><em>Ulpiani</em></span> <span class='ocrx_word' id='word_1_305' title='bbox 510 2711 591 2768; x_wconf 86' lang='lat' dir='ltr'><em>notis,</em></span> <span class='ocrx_word' id='word_1_306' title='bbox 610 2725 645 2759; x_wconf 80' lang='lat' dir='ltr'><em>ex</em></span> <span class='ocrx_word' id='word_1_307' title='bbox 659 2713 693 2761; x_wconf 88' lang='lat' dir='ltr'><em>iis</em></span> <span class='ocrx_word' id='word_1_308' title='bbox 707 2713 790 2776; x_wconf 87' lang='lat' dir='ltr'><em>ipsum</em></span> <span class='ocrx_word' id='word_1_309' title='bbox 805 2711 949 2776; x_wconf 88' lang='lat' dir='ltr'><em>Papiniani</em></span> <span class='ocrx_word' id='word_1_310' title='bbox 963 2727 1112 2777; x_wconf 86' lang='lat' dir='ltr'><em>responsum</em></span> <span class='ocrx_word' id='word_1_311' title='bbox 1127 2713 1153 2760; x_wconf 88' lang='lat' dir='ltr'><em>in</em></span> <span class='ocrx_word' id='word_1_312' title='bbox 1165 2713 1218 2772; x_wconf 86' lang='lat' dir='ltr'><em>fine</em></span> 
     </span>
     <span class='ocr_line' id='line_1_34' title="bbox 254 2776 1220 2848; baseline 0.004 -22"><span class='ocrx_word' id='word_1_313' title='bbox 254 2776 288 2842; x_wconf 88' lang='lat' dir='ltr'><em>(u.</em></span> <span class='ocrx_word' id='word_1_314' title='bbox 303 2777 339 2841; x_wconf 81' lang='grc'><strong>11)</strong></span> <span class='ocrx_word' id='word_1_315' title='bbox 357 2785 467 2828; x_wconf 90' lang='lat' dir='ltr'><em>mutasse</em></span> <span class='ocrx_word' id='word_1_316' title='bbox 486 2780 703 2844; x_wconf 75' lang='lat' dir='ltr'><em>deprehendatur.</em></span> <span class='ocrx_word' id='word_1_317' title='bbox 788 2779 810 2848; x_wconf 88' lang='lat'><em>⁴)</em></span> <span class='ocrx_word' id='word_1_318' title='bbox 831 2783 869 2846; x_wconf 80' lang='lat' dir='ltr'><em>Cf.</em></span> <span class='ocrx_word' id='word_1_319' title='bbox 890 2784 956 2832; x_wconf 90' lang='lat' dir='ltr'><em>idem</em></span> <span class='ocrx_word' id='word_1_320' title='bbox 975 2784 1056 2847; x_wconf 82' lang='lat' dir='ltr'><em>infr.</em></span> <span class='ocrx_word' id='word_1_321' title='bbox 1076 2793 1108 2834; x_wconf 74' lang='lat'><em>16.</em></span> <span class='ocrx_word' id='word_1_322' title='bbox 1145 2781 1220 2841; x_wconf 88' lang='lat' dir='ltr'><em>Quod</em></span> 
     </span>
     <span class='ocr_line' id='line_1_35' title="bbox 254 2848 1219 2918; baseline 0.005 -22"><span class='ocrx_word' id='word_1_323' title='bbox 254 2863 311 2897; x_wconf 88' lang='lat' dir='ltr'><em>eum</em></span> <span class='ocrx_word' id='word_1_324' title='bbox 326 2848 363 2898; x_wconf 91' lang='lat' dir='ltr'><em>ibi</em></span> <span class='ocrx_word' id='word_1_325' title='bbox 372 2865 486 2913; x_wconf 87' lang='lat' dir='ltr'><em>prorsus</em></span> <span class='ocrx_word' id='word_1_326' title='bbox 495 2853 557 2901; x_wconf 85' lang='lat' dir='ltr'><em>aliis</em></span> <span class='ocrx_word' id='word_1_327' title='bbox 562 2853 781 2916; x_wconf 82' lang='lat' dir='ltr'><em>praecedentibus</em></span> <span class='ocrx_word' id='word_1_328' title='bbox 793 2860 817 2904; x_wconf 90' lang='lat' dir='ltr'><em>et</em></span> <span class='ocrx_word' id='word_1_329' title='bbox 826 2869 862 2903; x_wconf 79' lang='lat' dir='ltr'><em>ea</em></span> <span class='ocrx_word' id='word_1_330' title='bbox 871 2855 961 2905; x_wconf 84' lang='lat' dir='ltr'><em>codiee</em></span> <span class='ocrx_word' id='word_1_331' title='bbox 967 2855 1084 2918; x_wconf 80' lang='lat' dir='ltr'><em>sortasse</em></span> <span class='ocrx_word' id='word_1_332' title='bbox 1094 2868 1145 2903; x_wconf 90' lang='lat' dir='ltr'><em>non</em></span> <span class='ocrx_word' id='word_1_333' title='bbox 1160 2853 1219 2902; x_wconf 86' lang='lat' dir='ltr'><em>item</em></span> 
     </span>
     <span class='ocr_line' id='line_1_36' title="bbox 254 2918 1219 2988; baseline 0.004 -20"><span class='ocrx_word' id='word_1_334' title='bbox 254 2918 322 2969; x_wconf 86' lang='lat' dir='ltr'><em>binis</em></span> <span class='ocrx_word' id='word_1_335' title='bbox 337 2922 462 2971; x_wconf 85' lang='lat' dir='ltr'><em>ooiumnis</em></span> <span class='ocrx_word' id='word_1_336' title='bbox 480 2924 578 2987; x_wconf 77' lang='lat' dir='ltr'><em>scripto</em></span> <span class='ocrx_word' id='word_1_337' title='bbox 597 2925 745 2987; x_wconf 81' lang='lat' dir='ltr'><em>referatur,</em></span> <span class='ocrx_word' id='word_1_338' title='bbox 765 2927 812 2974; x_wconf 84' lang='lat' dir='ltr'><em>vioe</em></span> <span class='ocrx_word' id='word_1_339' title='bbox 830 2932 880 2984; x_wconf 89' lang='lat' dir='ltr'><em>est,</em></span> <span class='ocrx_word' id='word_1_340' title='bbox 895 2932 923 2974; x_wconf 91' lang='lat' dir='ltr'><em>ut</em></span> <span class='ocrx_word' id='word_1_341' title='bbox 941 2932 1056 2976; x_wconf 83' lang='lat' dir='ltr'><em>nostrum</em></span> <span class='ocrx_word' id='word_1_342' title='bbox 1072 2925 1166 2988; x_wconf 75' lang='lat' dir='ltr'><em>folium</em></span> <span class='ocrx_word' id='word_1_343' title='bbox 1184 2939 1219 2973; x_wconf 78' lang='lat' dir='ltr'><em>ex</em></span> 
     </span>
     <span class='ocr_line' id='line_1_37' title="bbox 254 2989 1219 3061; baseline 0.006 -23"><span class='ocrx_word' id='word_1_344' title='bbox 254 2989 374 3056; x_wconf 80' lang='lat' dir='ltr'><em>Kriiperi</em></span> <span class='ocrx_word' id='word_1_345' title='bbox 386 2996 514 3044; x_wconf 87' lang='lat' dir='ltr'><em>sententia</em></span> <span class='ocrx_word' id='word_1_346' title='bbox 524 2995 560 3044; x_wconf 90' lang='lat' dir='ltr'><em>od</em></span> <span class='ocrx_word' id='word_1_347' title='bbox 568 2996 676 3044; x_wconf 86' lang='lat' dir='ltr'><em>eundem</em></span> <span class='ocrx_word' id='word_1_348' title='bbox 690 2996 804 3046; x_wconf 80' lang='lat' dir='ltr'><em>codicem</em></span> <span class='ocrx_word' id='word_1_349' title='bbox 812 2998 980 3059; x_wconf 88' lang='lat' dir='ltr'><em>pertinuerit,</em></span> <span class='ocrx_word' id='word_1_350' title='bbox 991 2997 1148 3061; x_wconf 86' lang='lat' dir='ltr'><em>praesertim</em></span> <span class='ocrx_word' id='word_1_351' title='bbox 1162 3011 1219 3045; x_wconf 91' lang='lat' dir='ltr'><em>evm</em></span> 
     </span>
     <span class='ocr_line' id='line_1_38' title="bbox 255 3060 1218 3131; baseline 0.008 -23"><span class='ocrx_word' id='word_1_352' title='bbox 255 3060 335 3111; x_wconf 90' lang='lat' dir='ltr'><em>Pauli</em></span> <span class='ocrx_word' id='word_1_353' title='bbox 348 3070 373 3113; x_wconf 91' lang='lat' dir='ltr'><em>et</em></span> <span class='ocrx_word' id='word_1_354' title='bbox 391 3063 497 3128; x_wconf 89' lang='lat' dir='ltr'><em>Ulpiani</em></span> <span class='ocrx_word' id='word_1_355' title='bbox 510 3067 614 3116; x_wconf 89' lang='lat' dir='ltr'><em>nomina</em></span> <span class='ocrx_word' id='word_1_356' title='bbox 629 3067 655 3114; x_wconf 88' lang='lat' dir='ltr'><em>in</em></span> <span class='ocrx_word' id='word_1_357' title='bbox 666 3080 695 3116; x_wconf 88' lang='lat' dir='ltr'><em>eo</em></span> <span class='ocrx_word' id='word_1_358' title='bbox 706 3081 756 3115; x_wconf 92' lang='lat' dir='ltr'><em>non</em></span> <span class='ocrx_word' id='word_1_359' title='bbox 768 3074 795 3116; x_wconf 89' lang='lat' dir='ltr'><em>ut</em></span> <span class='ocrx_word' id='word_1_360' title='bbox 805 3066 841 3116; x_wconf 89' lang='lat' dir='ltr'><em>ibi</em></span> <span class='ocrx_word' id='word_1_361' title='bbox 850 3066 931 3117; x_wconf 88' lang='lat' dir='ltr'><em>rubro</em></span> <span class='ocrx_word' id='word_1_362' title='bbox 947 3070 1034 3118; x_wconf 81' lang='lat' dir='ltr'><em>colore</em></span> <span class='ocrx_word' id='word_1_363' title='bbox 1048 3068 1148 3131; x_wconf 85' lang='lat' dir='ltr'><em>scripta</em></span> <span class='ocrx_word' id='word_1_364' title='bbox 1158 3068 1218 3116; x_wconf 88' lang='lat' dir='ltr'><em>sint.</em></span> 
     </span>
    </p>
   </div>
   <div class='ocr_carea' id='block_1_7' title="bbox 0 0 1346 4112">
    <p class='ocr_par' dir='ltr' id='par_1_9' title="bbox 0 0 1346 4112">
     <span class='ocr_line' id='line_1_39' title="bbox 0 0 1346 4112; baseline 0 0"><span class='ocrx_word' id='word_1_365' title='bbox 0 0 1346 4112; x_wconf 95' lang='lat' dir='ltr'><em> </em></span> 
     </span>
    </p>
   </div>
  </div>
 </body>
</html>
