2696 4120
233 189 297 254 346
395 250 398 254 ,
529 203 591 240 asu
610 205 709 241 rnsnrn.
727 185 776 242 IV.
795 192 903 242 10-13.

296 342 344 404 10.
368 345 503 414 Quaedam
517 354 656 422 praeterea
672 355 737 403 sum
752 348 883 418 actiones,
900 363 969 420 quae
981 347 1013 403 ad
1028 346 1097 421 legis
1113 349 1199 405 actio·

233 448 295 488 nem
310 434 509 505 exprimuntur,
525 431 656 504 quaedam
671 449 720 488 sua
734 433 760 487 ui
772 449 803 488 ac
813 439 950 506 potestate
966 439 1106 489 constant:
1122 433 1199 504 quod

235 525 266 573 ut
286 515 459 572 manifestum
480 514 542 589 liat,
566 532 635 589 opus
658 525 715 586 est,
744 524 775 573 ut
798 518 873 590 prius
896 516 930 572 de
953 517 1021 591 legis
1043 516 1198 573 actionibus
1208 527 1266 580 loeo}

234 602 387 676 loquamur.

297 683 337 745 11.
353 686 488 756 Actiones,
507 701 573 758 quas
585 687 612 741 in
625 702 676 742 usu
688 696 797 742 ueteres
811 685 976 756 babuerunt,
992 686 1062 761 legis
1078 688 1198 743 actiones

235 770 456 845 appellabantur,
478 769 523 826 uel
543 769 604 826 ideo
624 770 698 842 quod
719 769 826 841 legibus
844 771 967 844 proditae
983 780 1076 842 erant,
1098 772 1198 844 quippe

235 864 300 912 tunc
318 855 404 912 edicta
424 853 575 928 praetoris,
596 854 694 928 qulbus
714 854 861 927 conplures
883 857 1003 912 actiones
1028 855 1198 912 introductae

235 949 309 1011 sunt,
327 938 445 995 nondum
463 941 491 995 in
504 955 555 994 usu
567 938 746 1010 habebantur,
762 938 806 995 nel
818 939 879 996 ldco
896 941 958 1013 qula
973 941 1090 1014 ipsarum
1107 941 1198 1014 legum

236 1023 324 1080 uerbis
346 1023 563 1080 accommodatae
578 1033 655 1080 erant
670 1032 698 1080 ct
713 1023 773 1078 ideo
791 1023 970 1080 immutabiles
985 1024 1100 1098 proinde
1119 1033 1199 1098 atque

234 1110 310 1180 leges
332 1107 563 1165 obsecundantur:
586 1108 657 1165 unde
678 1125 741 1164 cum
763 1109 826 1181 quis
847 1109 880 1164 de
901 1108 1001 1165 ultibus
1023 1111 1138 1167 succisis
1162 1111 1199 1164 ita

235 1195 348 1268 egisset,
365 1201 395 1248 ut
409 1195 438 1249 in
453 1194 558 1249 actione
575 1193 646 1248 uites
662 1194 828 1264 nominaret,
843 1209 1005 1267 responsum
1027 1186 1115 1273 (est),
1138 1209 1200 1250 eum

235 1295 293 1334 rem
308 1277 473 1350 perdidisse,
490 1279 551 1350 quia
567 1275 704 1334 debuisset
720 1277 831 1334 arbores
846 1280 998 1349 nominare,
1018 1294 1051 1334 eo
1068 1278 1141 1352 quod
1156 1277 1199 1333 les

181 1411 183 1416 ,
235 1377 281 1420 xm
305 1360 468 1432 tabularum,
497 1377 530 1416 ex
552 1361 657 1434 quade
680 1362 781 1418 ultibus
802 1363 916 1420 succisis
937 1365 1007 1419 actio
1029 1370 1198 1437 conpeteret,

236 1445 402 1521 generaliter
421 1445 453 1501 de
470 1445 611 1502 arboribus
627 1448 738 1503 succisis
759 1447 928 1519 loqueretur.
959 1445 1005 1504 12.
1021 1447 1094 1522 Lege
1109 1455 1200 1504 autem

163 1545 222 1594 191.
236 1528 369 1604 agebatur
384 1530 470 1585 modis
488 1524 491 1608 l
510 1531 639 1604 quinque,
657 1541 842 1604 sacramento,
863 1549 912 1606 per
927 1533 1022 1588 iudicis
1038 1533 1201 1607 postulatio·

171 1613 190 1650 ²·
204 1619 222 1649 ⁸·
236 1631 308 1686 nem,
331 1631 380 1688 per
394 1614 602 1686 condictionem,
625 1632 782 1690 permanes
802 1618 985 1689 iniectionem,
1008 1633 1057 1690 per
1075 1618 1200 1690 pignoris

238 1701 401 1774 captionem.

299 1781 342 1842 13.
359 1783 524 1842 Sacramenti
539 1787 610 1841 actio
627 1785 762 1860 generalis
778 1794 849 1842 erat:
867 1787 902 1842 de
918 1785 1018 1859 quibus
1033 1785 1102 1841 enim
1117 1783 1199 1840 rebus

238 1877 268 1925 ut
287 1869 366 1926 aliter
385 1879 529 1944 ageretur,
552 1869 613 1944 lege
630 1879 738 1926 cautum
754 1887 808 1926 uon
823 1879 896 1943 erat,
917 1870 950 1926 de
971 1871 1015 1927 bis
1030 1878 1199 1926 sacramento

237 1953 384 2028 agebatur:
401 1971 486 2029 eaque
501 1956 573 2012 actio
589 1954 701 2028 perinde
716 1955 875 2028 periculosa
894 1965 951 2013 erat
972 1954 1117 2028 lalsilopao
1130 1971 1200 2027 pro·

233 2049 303 2110 pter
323 2036 541 2097 iusiurandum¹
564 2050 645 2112 atque
667 2039 719 2095 hoc
744 2049 866 2114 tempore
888 2039 1041 2112 periculosa
1062 2047 1104 2095 est
1131 2039 1200 2096 actio

311 2200 330 2268 ¹)
344 2201 391 2252 Sic
405 2219 473 2252 nanc
488 2202 545 2260 edo,
560 2203 622 2265 qaia
636 2201 685 2251 boc
696 2202 818 2265 proxime
830 2201 867 2249 ad
878 2198 970 2250 Gdseb.
984 2200 1078 2250 Scbed.
1093 2201 1202 2264 speciem

236 2275 363 2325 accedere
376 2281 401 2323 et
415 2288 496 2338 aeque
515 2272 541 2320 V
544 2268 564 2304 Β*
578 2287 659 2336 aeque
673 2271 763 2335 Sappl.
777 2270 815 2321 St.
827 2287 854 2334 p.
874 2270 1013 2321 XXXIII
1023 2267 1132 2337 (tantam
1149 2271 1202 2321 ialsl

238 2340 409 2394 ‘sacramenti
427 2340 519 2394 causa'
540 2351 566 2392 et
589 2339 736 2392 lalsl‘dicis'
757 2344 833 2393 initio
851 2359 874 2391 o.
890 2353 916 2392 10
934 2341 1090 2409 octantibus)
1109 2343 1202 2392 aduer-

236 2433 295 2482 sari
305 2432 417 2489 ridetur,
430 2433 455 2480 si
463 2433 589 2495 scriptam
595 2431 681 2495 faisse
687 2433 781 2495 ponis:
795 2410 887 2495 ialsilnfl
902 2433 934 2494 ᾗ)
949 2427 966 2476 ῑι
981 2447 1126 2496 quanquam
1136 2433 1202 2481 idem

235 2503 295 2567 sere
308 2517 400 2551 sensas
409 2508 434 2551 et
442 2503 520 2551 aliter
530 2517 671 2566 expressus
680 2518 735 2552 esse
745 2503 840 2567 potuit,
853 2505 922 2551 vetut
931 2504 1001 2566 quod
1006 2518 1056 2566 per
1065 2518 1092 2553 se
1102 2510 1201 2566 specto·

238 2581 290 2623 lum
304 2574 415 2622 maxime
425 2575 528 2636 placet:
543 2570 609 2622 ‘taisi
623 2571 844 2640 ilarislimrandi)
857 2571 1018 2639 c(oa)uictis'
1030 2576 1078 2632 oet,
1094 2581 1121 2623 ut
1130 2574 1169 2624 ed.
1180 2584 1201 2624 s.

236 2647 396 2708 scripseram
407 2640 471 2692 ‘ialsi
481 2642 704 2711 i(aris)i(araadi)
715 2641 860 2711 aom(iae)’,
874 2644 919 2694 abi
928 2646 1030 2695 notaui:
1045 2644 1126 2694 Gaius
1136 2646 1202 2693 enim

238 2731 319 2780 aeque
338 2716 440 2766 omnino
458 2722 647 2766 sacramentum
666 2716 730 2780 quid
742 2722 819 2774 esset,
835 2730 885 2765 noa
900 2718 1047 2778 explicare,
1063 2729 1143 2777 raeque
1157 2728 1200 2763 ae·

235 2788 334 2852 gotium
349 2787 376 2834 ia
390 2786 441 2835 bac
455 2788 556 2837 actione
567 2788 714 2850 periculum
729 2801 830 2844 creans,
846 2788 890 2836 cai
904 2801 938 2836 eae
951 2787 994 2835 sai
1007 2787 1129 2848 temporis
1143 2785 1201 2834 iure

236 2858 399 2924 sponsionem
414 2865 556 2921 comparat,
571 2873 622 2908 aon
635 2857 815 2907 demonstrare
825 2859 919 2920 potuit.
948 2857 987 2906 De
1005 2871 1034 2905 re
1049 2856 1084 2920 cf.
1102 2856 1154 2906 Cic.
1170 2857 1202 2906 de

236 2929 283 2991 off.
298 2940 319 2990 s,
334 2939 367 2979 ee.
387 2930 410 2990 ξ.
426 2941 465 2980 106
479 2936 504 2978 et
518 2931 620 2979 omnino
630 2928 704 2977 Dans
717 2929 765 2978 der
774 2931 879 2978 sacrate
890 2927 993 2986 Sedula,
1008 2929 1118 2977 maxime
1129 2944 1158 2992 p.
1168 2939 1203 2980 ee.

236 3006 263 3048 et
277 3015 299 3049 c.
313 3011 334 3050 t.
351 3006 375 3048 et
389 2998 447 3048 libr.
463 3015 543 3048 meum
556 3000 618 3060 „die
633 3002 711 3048 mulla
726 3016 750 3048 a.
765 2999 790 3048 d.
806 3005 935 3049 sacram.“
949 3015 975 3062 p.
990 3011 1038 3051 tte.

309 3137 335 3210 fi.
353 3144 393 3192 10.
415 3141 607 3205 emersos.
672 3136 697 3209 ξ.
715 3143 756 3190 11.
777 3141 815 3204 Of.
831 3141 862 3190 L.
874 3154 894 3192 e.
909 3143 932 3203 5.
943 3153 964 3193 s.
979 3140 1011 3191 D.
1025 3141 1056 3190 ale
1071 3142 1137 3206 arip.
1152 3142 1203 3190 iar.

237 3211 271 3278 (1,
281 3212 312 3276 a).
338 3211 419 3263 Varr.
428 3212 460 3262 de
471 3211 502 3261 L.
514 3211 546 3260 L.
557 3224 578 3274 o,
588 3225 621 3265 m.
642 3211 671 3260 de
682 3211 771 3262 ultibus
785 3209 865 3280 succ]
876 3213 910 3275 cf.
923 3211 994 3261 Ptin.
1007 3211 1038 3260 N.
1048 3211 1084 3262 II.
1095 3224 1129 3274 14,
1140 3225 1151 3263 1
1158 3227 1204 3276 pr.

239 3284 271 3333 L.
287 3296 321 3336 se.
337 3287 360 3348 §-
375 3296 396 3336 e.
420 3283 452 3332 D.
468 3284 499 3333 de
514 3281 738 3349 iureiar.(1s‚e).
767 3282 814 3332 Ta.
830 3283 862 3332 D.
878 3282 933 3333 arb.
945 3283 1013 3346 suri.
1029 3298 1097 3333 caes.
1112 3280 1157 3347 (lt,
1172 3281 1203 3348 t).

237 3351 265 3424 ξ.
282 3359 324 3407 12.
344 3351 459 3423 sacram]
475 3355 515 3417 ἐξ.
531 3365 626 3406 tlt-lt.
646 3369 669 3418 p.
685 3355 734 3404 iud.
749 3351 825 3422 post]
842 3355 898 3404 eius
911 3355 1041 3418 expositio
1052 3355 1141 3418 periit.
1162 3367 1205 3417 per

237 3423 356 3496 condiet]
377 3429 417 3489 §5-
436 3437 532 3478 1⁸·so.
562 3440 606 3488 per
623 3439 686 3475 man.
706 3422 760 3492 ini]
785 3426 824 3487 ἐς.
844 3435 949 3477 at-so.
977 3439 1021 3489 per
1043 3426 1107 3488 pign.
1127 3420 1203 3491 cept]

240 3499 279 3560 ξς.
294 3510 391 3550 ne-se.
464 3493 489 3565 ξ.
508 3499 549 3547 13.
571 3497 608 3560 Cf.
621 3497 693 3560 infra
708 3497 747 3558 ἐξ.
761 3508 808 3547 aar.
823 3508 869 3548 seo.
890 3496 957 3546 Fert.
967 3512 989 3547 v.
1000 3495 1204 3554 Sacramentum,

237 3566 408 3619 Sacramenta
425 3584 451 3631 p.
471 3580 518 3620 ses.
548 3565 636 3618 Varro
649 3569 682 3617 de
696 3567 728 3616 L.
744 3567 775 3616 L.
791 3577 816 3630 o,
830 3579 863 3619 se.
884 3569 907 3628 ξ.
924 3578 970 3618 reo.
990 3578 1011 3629 o,
1026 3579 1046 3618 a.
1067 3569 1090 3629 §-
1105 3577 1138 3619 aa
1160 3565 1205 3620 lb.
