2672 4112
241 201 304 250 Vlll
613 199 820 250 PRAEFATIO.

240 350 377 432 tinebat,
400 350 488 416 illam
510 349 591 432 dico,
615 349 878 433 quemadmodum
899 351 978 416 fines
999 353 1084 418 inter
1105 352 1196 417 iuris·
1302 337 1306 428 ⁴,

240 434 441 519 prudentiam
464 437 496 498 et
517 437 654 517 cognata
675 433 853 498 litterarum
874 454 993 518 genera
1013 436 1083 519 regi
1104 436 1196 500 debe·

240 521 327 601 rent,
356 521 393 582 ut
419 538 479 582 neo
511 517 615 582 aliena
641 517 821 600 miscuisse,
855 539 915 583 nee
941 519 1120 584 necessaria
1146 521 1198 584 vel

241 605 315 685 apta
349 604 434 668 certe
462 604 494 666 et
523 600 615 666 utilia
643 601 786 666 omisisse
815 600 947 666 viderer.
992 600 1076 668 Sane
1102 603 1196 668 facile

239 688 384 770 poteram
406 684 548 781 defungi,
571 685 596 748 si
620 705 726 748 eorum
748 687 874 749 tantum
893 686 1026 752 nomina
1040 707 1195 769 sequerer,

239 769 294 854 qui
326 771 359 832 et
391 789 477 834 nune
509 767 726 832 iurisconsulti
754 768 851 852 vulgo
879 768 1041 849 feruntur,
1076 773 1108 834 et
1134 773 1196 834 iam

239 854 468 936 imperatorum
490 854 594 916 aetate
616 851 712 935 vulgo
734 851 926 918 ferebantur.
960 851 1021 918 Sed
1043 853 1084 916 ad
1105 853 1196 918 iuris·

227 935 442 1019 ,prudentiam
478 937 580 1019 magis
615 956 710 1018 quam
747 937 787 1000 ad
823 936 1062 1001 iurisconsultos
1098 938 1197 1002 totius

240 1019 345 1102 operis
367 1018 450 1082 ratio
472 1039 522 1082 me
545 1017 746 1102 conferebat,
777 1022 808 1084 et
829 1023 866 1084 ut
886 1019 1118 1103 iurisconsulti,
1143 1021 1198 1104 qui

239 1109 365 1187 proprie
387 1102 601 1185 appellantur,
632 1101 727 1166 etiam
755 1103 819 1166 alia
840 1103 955 1183 multa,
984 1125 1063 1188 quae
1086 1104 1197 1168 adius

240 1207 306 1250 non
328 1187 508 1269 pertinent,
531 1185 668 1250 scribere
690 1185 809 1268 solent,
838 1187 885 1252 ita
906 1187 975 1268 alii,
1004 1208 1084 1272 quae
1105 1187 1196 1252 iuris·

240 1269 428 1354 prudentiae
456 1271 541 1335 sunt.
587 1270 736 1352 Accedit,
760 1269 842 1354 quod
864 1271 1000 1336 maxime
1022 1273 1098 1335 ante
1120 1270 1196 1336 an-

240 1375 346 1418 sarum
367 1355 522 1437 tempora,
546 1353 689 1418 nondum
710 1357 855 1420 accurate
870 1354 1015 1420 discretis
1030 1354 1196 1419 bominum

240 1435 367 1519 studiis,
400 1457 466 1502 non
492 1440 559 1500 tam
587 1436 681 1500 facile
709 1437 743 1500 in
772 1457 897 1518 unoquo
921 1459 960 1500 ue
989 1437 1124 1519 dixeris,
1154 1460 1196 1502 an

239 1519 457 1604 iurisprudens
486 1519 661 1584 censendus
687 1519 729 1582 sit
750 1539 859 1584 necne.
900 1459 966 1585 led
988 1524 1021 1582 et
1043 1521 1071 1583 si
1092 1521 1196 1604 magis

240 1603 280 1670 ad
309 1606 497 1688 argumenta
531 1603 683 1666 librorum
711 1603 879 1684 respicias,
913 1623 996 1666 nova
1023 1601 1196 1667 difficultas

240 1689 387 1753 exoritur.
433 1685 514 1752 Cum
547 1687 632 1748 enim
659 1687 727 1749 toto
756 1685 861 1767 priore
889 1706 982 1768 aeva,
1015 1707 1056 1750 ne
1083 1687 1196 1770 primis

240 1771 366 1854 quidem
389 1768 560 1833 Caesarum
582 1768 777 1851 temporibus
800 1770 955 1852 exceptis,
978 1769 1197 1834 iurisconsulti

239 1852 428 2001 praeprimis
450 1853 546 1916 etiem
568 1853 603 1917 iu
624 1852 692 1916 iure
713 1852 896 1936 pontificio,
920 1853 1064 1938 augurali
1086 1856 1118 1918 et
1139 1876 1195 1938 pu·

261 1937 323 2001 lico
339 1939 550 2017 versarentur,
566 1938 674 2000 tamen
690 1935 754 2000 iam
769 1937 807 2000 ad
823 1936 920 2002 finem
931 1941 1084 2022 vergente
1095 1937 1197 2002 libera

239 2041 304 2102 rep.
327 2019 447 2083 multae
469 2020 546 2084 iuris
568 2020 650 2086 sacri
673 2023 705 2084 et
725 2021 843 2102 publici
867 2024 973 2104 partes
996 2024 1028 2085 et
1050 2021 1195 2104 antiqua·

239 2125 309 2168 rum
338 2103 445 2186 legum
474 2107 679 2168 monumenta
701 2105 796 2168 etiam
819 2104 859 2166 ab
881 2104 967 2186 aliis,
996 2105 1051 2186 qui
1073 2105 1142 2169 foro
1165 2109 1198 2168 et

239 2185 460 2270 respondendo
494 2207 624 2268 operam
657 2206 722 2249 non
755 2186 888 2268 dabant,
920 2187 1051 2250 tractari
1083 2192 1197 2270 coepta

240 2274 324 2356 sunt,
348 2270 466 2354 partim
488 2269 614 2352 quidem
635 2268 735 2352 ipsius
755 2289 830 2332 usus
850 2269 966 2352 gratia,
989 2269 1106 2353 partim
1120 2291 1195 2334 vero

240 2353 337 2420 etiam
350 2357 386 2418 ut
399 2353 503 2436 magis
518 2351 725 2435 antiquitates
740 2351 967 2436 historiamque
977 2353 1087 2436 populi
1100 2351 1194 2418 Rom.

240 2437 289 2502 vel
330 2437 469 2522 priscam
505 2435 655 2518 loquendi
690 2435 950 2501 consuetudinem
987 2435 1194 2516 illustrarent,

240 2542 335 2604 quam
362 2523 398 2585 ut
424 2519 688 2602 iurisprudentiae
710 2519 914 2602 inservirent,
939 2519 1039 2584 donea
1061 2519 1195 2603 impera·

239 2608 344 2670 torum
366 2606 469 2670 aetate
492 2608 524 2668 et
544 2604 680 2668 maxime
701 2606 775 2686 post
795 2603 902 2688 gentis
917 2602 1015 2668 Iuliae
1030 2603 1195 2668 interitum

240 2689 302 2752 hoo
331 2688 507 2752 litterarum
536 2708 638 2771 genus
660 2709 679 2752 a
702 2686 918 2770 grammaticis
941 2692 973 2751 et
995 2687 1196 2770 antiquitatis

241 2771 470 2836 scrutatoribus
502 2771 630 2854 proprie
664 2775 802 2836 exerceri
835 2774 868 2835 et
897 2792 916 2835 a
948 2771 1197 2853 iurisprudentia

240 2855 336 2938 plane
359 2854 499 2938 disiungi
521 2857 668 2937 coeptum
691 2857 749 2918 est.
788 2853 838 2920 sie
860 2854 907 2934 fit,
929 2857 966 2918 ut
987 2854 1071 2918 haud
1085 2855 1196 2938 paucis

240 2941 274 3002 in
296 2939 386 3004 libris
408 2939 547 3002 incertus
568 2937 711 3020 haereas,
734 2940 842 3002 utrum
856 2937 1129 3022 iurisprudentiae,
1153 2959 1195 3002 an

240 3022 312 3086 aliis
338 3022 456 3087 artium
483 3022 722 3104 litterarumque
750 3021 919 3105 generibus
946 3042 999 3088 eos
1028 3022 1194 3086 attribuas.

240 3105 279 3170 In
299 3109 391 3170 tanta
412 3105 511 3190 igitur
526 3108 685 3170 certorum
699 3105 810 3170 finium
825 3101 1018 3170 obscuritate
1033 3104 1115 3168 hanc
1130 3106 1196 3170 fere

240 3189 396 3253 rationem
429 3189 534 3272 tenui,
549 3191 603 3280 ‘ut
635 3189 931 3266 iurisconsultorum
965 3189 1107 3272 quidem,
1142 3189 1197 3271 qui

240 3273 367 3356 proprie
391 3272 552 3354 dicuntur,
576 3273 697 3355 omnia,
720 3293 800 3355 quae
821 3292 887 3336 non
908 3272 1003 3356 plane
1025 3272 1129 3336 aliena
1151 3293 1196 3335 es·

241 3360 313 3420 sent
335 3377 354 3420 a
376 3355 635 3439 iurisprudentia,
658 3356 850 3439 reciperem,
874 3358 1049 3422 ceterorum
1064 3374 1147 3437 vero,
1170 3353 1196 3417 si

240 3441 332 3504 modo
346 3442 421 3506 ante
436 3439 535 3522 illam,
559 3460 654 3524 quam
670 3439 745 3520 dixi,
769 3442 905 3504 aetatem
922 3439 1126 3526 scripserant,
1149 3457 1197 3520 ee,
