2672 4112
222 249 264 306 54
566 257 594 291 u.
613 255 723 292 rvnnrve
741 254 841 291 cronno.

221 385 291 440 enim
311 381 414 456 populo
435 380 571 454 Romano,
598 380 646 437 sed
674 379 796 437 omnihus
817 380 895 438 honis
915 379 1054 455 firmisque
1074 381 1184 456 populis

220 465 525 622 legebidffldldsblxeipis,
542 548 634 619 credo,
647 548 703 618 illa,
719 547 815 622 quibus
830 547 882 622 ipsi
897 549 994 604 initiati
1008 565 1111 604 sumus.
1127 555 1147 582 x
1172 533 1176 542 ’

284 635 326 690 M.
348 631 407 707 ligo
423 649 490 688 uero
506 634 649 706 excipiam:
670 649 731 688 nam
750 633 815 687 mihi
830 648 891 688 cum
906 632 991 688 multa
1005 633 1100 688 eximia
1116 632 1184 688 diui-

220 734 309 792 naque
331 717 459 772 uidentur
480 717 601 772 Athenae
623 725 685 772 tuae
707 717 845 789 peperisse
860 723 941 789 atque
957 718 984 771 in
1001 717 1083 771 uitam
1097 717 1185 772 homi·

221 819 285 856 num
297 801 433 872 attulisse,
450 809 507 856 tum
516 801 583 856 nihil
594 800 690 856 melius
701 799 755 856 illis
766 801 912 873 mysteriis,
928 799 1025 874 quibus
1038 815 1071 855 ex
1082 801 1185 874 agresti

221 887 383 958 immanique
411 885 468 940 uita
496 884 596 940 exculti
618 883 650 939 ad
672 883 865 939 humanitatem
886 892 915 939 et
937 885 1053 958 mitigati
1075 899 1185 948 sumus;

220 971 349 1043 initiaque
363 977 395 1024 ut
406 967 585 1042 appellantur,
600 969 637 1022 ita
649 983 679 1022 re
691 983 755 1022 uera
767 968 896 1040 principia
907 969 979 1023 uitae
990 969 1185 1041 cognouimus‚

220 1069 309 1126 neque
336 1051 424 1108 solum
453 1068 515 1108 curn
536 1051 637 1107 laetitia
659 1049 768 1106 uiuendi
789 1051 923 1107 rationem
945 1053 1113 1124 accepimus,
1135 1049 1185 1106 sed

221 1139 301 1192 etiam
323 1153 385 1192 cum
406 1151 456 1210 spe
478 1135 589 1190 meliore
609 1133 751 1190 moriendi.
781 1134 846 1208 quid
861 1143 950 1190 autern
965 1135 1030 1190 mihi
1045 1134 1186 1207 displiceat

220 1222 248 1276 in
262 1221 413 1296 nocturnis,
434 1223 531 1294 poetae
550 1218 669 1274 indicant
688 1219 797 1286 comiei3
818 1234 871 1291 qua
884 1218 993 1274 licentia
1007 1217 1106 1274 Romae
1121 1217 1185 1273 data

221 1302 348 1377 quidnam
364 1295 466 1376 egisset
480 1302 537 1373 ille,
553 1303 641 1376 quiin
657 1299 816 1358 sacrificinm
831 1303 976 1374 cogitatam
991 1301 1127 1357 libidinem
1142 1301 1185 1356 in-

221 1387 295 1459 tulit,
311 1403 366 1460 quo
381 1403 416 1442 ne
433 1385 632 1459 inprudentiam
647 1385 755 1458 quidem
771 1386 914 1441 oculorum
928 1386 997 1441 adici
1013 1385 1052 1440 ias
1068 1385 1137 1440 iuiti

284 1471 318 1526 A.
342 1469 383 1524 'lu
402 1485 469 1525 uero
483 1470 562 1525 istam
576 1469 675 1526 Romae
689 1469 777 1542 legem
792 1479 905 1542 rogato:
926 1469 1002 1524 nobis
1018 1477 1128 1524 nostras
1146 1484 1184 1524 ne

221 1553 363 1610 ademeris.
1257 1625 1261 1630 .

283 1635 337 1695 XV.
360 1631 407 1692 37.
428 1635 470 1693 Μ.
493 1635 534 1691 hd
555 1645 649 1692 nostra
670 1637 756 1710 igitur
776 1645 914 1692 reuertor:
939 1636 1037 1709 quibus
1058 1634 1185 1708 proiecto

222 1720 428 1794 diligentissime
450 1719 625 1776 sanciendum
647 1728 698 1792 est,
721 1728 752 1776 ut
766 1719 908 1776 mulierum
923 1719 1019 1776 lamam
1034 1719 1186 1774 multorum

221 1804 307 1860 oculis
329 1804 376 1859 lux
397 1804 468 1860 clara
488 1803 632 1874 custodiat,
654 1805 849 1876 initienturque
872 1820 905 1859 eo
926 1805 982 1858 ritu
1003 1801 1105 1873 Cereri,
1127 1818 1184 1875 quo

220 1888 319 1944 Romae
332 1889 488 1956 initiantur3
510 1905 564 1961 quo
579 1889 608 1943 in
623 1904 723 1961 genere
736 1889 910 1943 seueritatem
926 1888 1056 1943 maiorum
1071 1892 1184 1941 senatus

221 1979 301 2028 uetus
322 1973 469 2028 auctoritas
490 1971 523 2027 de
538 1971 744 2028 Bacchanalibus
765 1979 793 2026 et
814 1971 956 2027 consulum
971 1968 1094 2026 exercitu
1109 1968 1186 2024 adhi-

221 2053 278 2110 bito
307 2057 430 2129 quaestio
454 2050 726 2129 animaduersio(qoe)
750 2054 875 2115 declarat.
918 2063 1000 2126 atque
1023 2055 1113 2109 omnia
1134 2069 1186 2109 no·

221 2147 327 2211 cturna,
342 2156 376 2196 ne
394 2155 445 2194 nos
461 2138 585 2194 duriores
601 2138 672 2194 lorte
688 2138 837 2209 uideamur,
857 2139 885 2194 in
900 2137 986 2194 inedia
1001 2137 1112 2192 Graecia
1126 2135 1186 2192 iiia·

221 2222 325 2296 gendes
340 2220 481 2276 Thebanus
501 2221 563 2294 lege
583 2229 715 2294 perpetua
735 2221 860 2288 sustulit;
881 2238 968 2277 nouos
991 2236 1058 2276 uero
1074 2220 1142 2276 deos
1157 2227 1186 2275 et

221 2307 250 2360 in
264 2304 306 2358 his
322 2303 442 2359 colendis
456 2312 603 2358 nocturnas
612 2303 835 2376 peruigilationes
843 2307 882 2360 sic
890 2305 1095 2378 Aristophanes,
1111 2302 1185 2360 iace·

221 2389 351 2444 tissumus
366 2391 447 2458 poeta
461 2387 561 2441 ueteris
577 2386 742 2458 comoediae,
754 2398 844 2459 uexat,
861 2397 890 2443 ut
902 2387 972 2461 apud
984 2405 1045 2444 eum
1054 2387 1186 2444 Sabazius

222 2478 250 2526 et
265 2467 374 2542 quidam
390 2468 435 2523 alil
450 2468 492 2523 dei
506 2470 643 2542 peregrini
657 2469 766 2526 iudicati
782 2487 797 2525 e
812 2473 921 2528 ciuitate
936 2473 1077 2528 eiciantur.

284 2550 411 2606 Publicus
434 2559 523 2606 autem
545 2551 670 2607 sacerdos
692 2553 890 2626 inprudentiam
912 2553 1027 2610 consilio
1050 2555 1186 2628 expiatam

223 2641 298 2691 metu
320 2633 429 2704 liberet,
451 2633 586 2690 audaciam
609 2644 636 2690 et
657 2637 685 2690 in
706 2637 873 2693 inmittendis
888 2637 1065 2710 religionibus
1081 2631 1183 2694 ioedis¹

222 2719 331 2773 damnet
346 2724 428 2789 atque
442 2718 550 2790 impiam
565 2717 675 2774 iudicet.

285 2801 337 2855 lam
351 2799 408 2854 ludi
426 2799 526 2873 publici
541 2803 667 2874 quoniam
682 2810 747 2858 sunt
763 2819 846 2858 cauea
860 2805 987 2876 circoque
1002 2797 1108 2874 diuisi,²
1124 2820 1186 2860 cor·

220 2899 319 2958 porum
334 2885 492 2949 certatione,
508 2900 590 2940 cursu
606 2891 634 2940 et
647 2886 782 2959 pugillatu
793 2893 821 2940 et
831 2885 1186 2961 luctationecurriculisque

221 2981 354 3039 equorum
367 2982 453 3039 usque
461 2967 493 3022 ad
500 2976 598 3023 certam
607 2969 748 3024 uictoriam
756 2970 828 3024 circo
836 2971 1002 3042 constitutis,
1014 2980 1187 3027 caueacantu

222 3041 361 3118 muleeat,³
377 3047 473 3106 fidibus
488 3058 515 3105 et
531 3051 611 3123 tibiis,
627 3051 691 3107 dum
707 3051 788 3107 modo
804 3067 834 3106 ea
850 3054 987 3109 moderata
998 3056 1062 3126 sint,
1080 3061 1110 3110 ut
1122 3055 1186 3127 lege

220 3131 420 3206 praescribitur.
450 3134 587 3191 adsentior
606 3137 676 3191 enim
691 3134 797 3190 Platoni
816 3135 883 3192 nihil
904 3145 958 3192 tam
977 3137 1055 3194 facile
1075 3139 1105 3193 in
1126 3139 1185 3194 ani·

295 3316 315 3385 ¹)
329 3319 447 3370 audatiam
462 3321 512 3370 inet
525 3321 667 3370 inmitendes
677 3320 702 3368 Α
717 3314 850 3386 (audaciam
860 3323 909 3372 luet
919 3324 1067 3373 inmittendis
1076 3323 1113 3391 B)
1128 3326 1187 3376 reli·

140 3441 149 3457 ‚
220 3389 330 3452 gionibus
345 3390 427 3440 ioedas
441 3390 492 3440 AB
504 3391 626 3440 audaciam
644 3399 751 3439 ruentem
770 3391 794 3439 in
809 3392 917 3441 licentias
931 3394 1086 3454 religionibus
1101 3397 1187 3446 foedas

220 3493 301 3612 quth
328 3490 449 3614 plibuisi
470 3496 517 3557 sint
539 3493 592 3543 AB
608 3495 693 3543 diuisis
711 3494 751 3543 ed.
771 3494 802 3544 V.
840 3492 862 3561 ³)
881 3498 934 3546 uice
953 3462 985 3560 ad
1003 3497 1030 3546 B
1046 3501 1100 3549 uice
1116 3516 1145 3550 ac
1161 3502 1189 3551 A

220 3579 244 3613 ur
262 3578 290 3612 ea
314 3579 353 3613 e.
398 3603 404 3614 .
