2672 4112
161 203 168 226 '
224 213 268 272 50
565 218 593 252 rr.
612 217 722 253 rvnntvs
741 216 841 253 otorano.

224 354 290 404 sunt
304 347 409 409 omnia;
431 359 481 400 nec
501 343 575 400 tollit
594 342 779 399 castimoniam
795 343 933 417 corporis,
948 341 996 399 se'd
1011 343 1064 400 hoc
1079 351 1189 418 oportet

223 431 357 504 intellegi,
375 444 458 502 quom
469 425 585 483 multum
597 429 700 482 animus
711 427 819 500 corpori
829 433 951 500 praestet
963 425 1188 501 obserueturque‚

224 523 256 572 ut
271 521 343 572 casta
358 529 474 588 corpora
489 509 682 583 adhibeantur,
703 510 790 566 multo
806 526 866 566 esse
880 513 909 566 in
925 513 1020 566 animis
1034 511 1062 566 id
1077 527 1188 568 seruan-

225 599 288 655 dum
304 598 405 672 magis:
422 612 482 653 nam
497 594 564 651 illnd
580 594 623 650 uel
639 595 794 668 aspersione
806 609 891 668 aquae
902 594 947 650 uel
959 594 1063 651 dierum
1075 611 1188 652 numero

224 675 387 758 repolitur¹3
409 678 488 736 animi
511 678 584 735 labes
606 695 652 736 rec
672 678 850 734 diuturnitate
865 695 1027 735 euanescere
1041 695 1091 736 uec
1106 671 1188 735 amni·

224 767 276 823 bus
305 766 367 821 ullis
395 765 449 820 elui
476 770 578 836 potest.
622 758 670 819 25.
700 761 773 836 quod
796 770 885 818 autem
906 763 1033 836 pietatem
1056 762 1187 832 adhiberi,

226 867 292 924 opes
321 849 441 906 amoueri
463 846 549 920 iubet,
571 844 707 920 significat
728 845 893 920 probitatem
914 855 1018 920 gratam
1040 862 1100 904 esse
1122 846 1185 918 deo,

227 940 366 1008 sumptum
377 948 437 988 esse
448 930 658 986 remouendum:
675 930 721 1003 qui
733 931 803 986 enim
813 937 999 1004 paupertatem
1011 947 1072 986 cum
1085 929 1187 986 diuitiis

225 1019 305 1074 etiam
320 1019 391 1073 inter
412 1015 534 1072 homines
556 1030 615 1070 esse
637 1013 774 1088 aequalem
790 1014 922 1086 uelimus,
942 1030 990 1070 cur
1005 1030 1061 1070 eam
1078 1021 1188 1087 sumptu

225 1101 257 1156 ad
278 1117 353 1157 sacra
373 1099 464 1156 addito
486 1097 598 1154 deorum
619 1097 693 1154 aditu
714 1099 866 1154 arceamus?
887 1098 1045 1170 praesertim
1060 1114 1121 1154 cum
1135 1099 1188 1172 ipsi

225 1184 277 1261 deo
293 1183 360 1241 nihil
375 1185 464 1238 minus
480 1190 586 1254 gratum
602 1181 724 1238 iuturnm
738 1182 774 1237 sit
788 1197 868 1254 quam
886 1198 942 1238 non
955 1181 1078 1238 omnihus
1094 1189 1188 1254 patere

226 1269 258 1324 ad
280 1284 309 1324 se
330 1266 489 1341 placandum
510 1273 538 1321 ct
558 1265 702 1322 colendum
722 1264 804 1322 uiam.
834 1265 908 1338 quod
923 1274 1013 1322 autem
1027 1281 1081 1322 non
1096 1265 1185 1336 iudex,

225 1351 273 1408 sed
288 1353 355 1408 deus
370 1353 429 1424 ipse
443 1349 541 1406 uindex
556 1351 741 1420 constituitur,
760 1351 912 1422 praesentis
924 1365 1027 1423 poenae
1041 1357 1114 1406 metu
1125 1349 1188 1405 reli·

227 1437 273 1508 gio
289 1432 442 1490 confirmari
457 1432 576 1489 uidetur.

290 1517 361 1574 Suos
383 1510 545 1591 (qaeoslque²
565 1515 631 1572 deos
647 1524 693 1572 aut
708 1532 796 1572 nouos
812 1524 858 1572 aut
873 1516 1036 1591 alienigenas
1052 1515 1105 1573 coli
1120 1533 1187 1572 con-

185 1617 191 1630 ·
225 1601 361 1658 lusionem
376 1599 456 1656 habet
466 1599 629 1674 religionum
640 1608 668 1655 et
678 1601 785 1674 ignotas
798 1602 972 1656 caerimonias
983 1599 1188 1657 'sacerdotibus

226 1679 274 1744 26.
296 1702 360 1741 suos
384 1700 451 1740 uero
473 1675 502 1738 a³
524 1683 646 1758 patribus
668 1692 793 1758 acceptos
816 1684 882 1740 deos
904 1686 942 1740 ita
963 1684 1052 1759 piacet
1075 1683 1143 1756 coli,
1164 1685 1190 1740 si

226 1770 289 1827 huic
304 1769 359 1843 legi
374 1769 513 1842 paruerint
524 1770 576 1841 ipsi
590 1777 690 1841 patres.

289 1851 407 1910 Delubra
427 1867 487 1908 esse
508 1854 535 1908 in
550 1851 662 1908 urbibus
678 1869 785 1923 censeo,
807 1868 857 1908 nec
872 1869 974 1926 sequor
988 1851 1081 1925 llagos
1095 1851 1188 1908 Persa·

225 1957 303 2010 rum,
325 1937 423 2012 quihus
445 1935 601 1994 auctoribus
623 1936 722 1992 Xerxes
742 1935 921 1992 inflammasse
941 1936 1042 2010 templa
1063 1935 1189 1992 Graeciae

227 2025 333 2093 dicitur,
355 2019 428 2094 quod
443 2021 591 2094 parietibus
605 2020 775 2078 includerent
794 2020 871 2093 deos,
893 2019 989 2094 quibus
1005 2021 1094 2076 omnia
1108 2019 1188 2075 debe·

226 2115 287 2164 rent
302 2122 362 2163 esse
377 2107 495 2178 patentia
510 2122 541 2162 ac
555 2105 639 2161 libera
654 2121 823 2178 quorumque
841 2105 884 2161 hic
893 2103 1010 2160 mundus
1022 2105 1109 2160 omnis
1121 2111 1187 2158 tem·

225 2192 301 2266 plum
323 2197 395 2246 esset
415 2195 443 2243 et
463 2188 569 2244 domus.
599 2188 641 2242 Xl.
664 2189 758 2244 llelius
780 2188 850 2244 Graii
869 2195 951 2262 atque
970 2185 1069 2258 nostri,
1090 2187 1136 2260 qui
1158 2193 1188 2242 ut

227 2280 358 2349 augerent
379 2273 508 2348 pietatem
522 2273 551 2326 in
566 2271 642 2341 deos,
658 2271 765 2327 easdem
780 2272 841 2328 illos
857 2271 943 2343 urbis,
958 2287 1024 2345 quas
1039 2287 1101 2341 nos,
1115 2272 1188 2327 inco·

226 2359 283 2414 lere
299 2355 462 2422 uolueruot3
478 2353 566 2410 adlert
580 2355 651 2410 enim
666 2355 733 2412 haec
743 2357 835 2430 opinio
847 2356 1007 2428 religionem
1018 2355 1113 2411 utilem
1124 2355 1188 2410 ciui-

228 2439 343 2496 tatibus:
360 2439 383 2493 si
399 2436 506 2511 quidem
524 2446 551 2493 et
563 2437 630 2494 illud
641 2437 709 2494 bene
721 2439 873 2496 dictumest
884 2456 898 2494 a
909 2439 1072 2514 Pythagora,
1089 2438 1188 2495 doctis·

226 2526 294 2580 simo
316 2523 387 2593 uiro,
412 2529 468 2578 tum
489 2537 611 2578 maxume
632 2529 659 2578 et
679 2523 805 2596 pietatem
828 2531 856 2580 et
870 2523 1029 2598 religionem
1044 2524 1146 2580 uersari
1160 2524 1189 2578 in

227 2609 332 2680 animis,
354 2621 414 2662 cum
439 2604 520 2660 rebus
538 2605 635 2660 diuinis
656 2622 764 2680 operam
786 2607 920 2676 daremus,
943 2615 970 2664 et
993 2605 1065 2680 quod
1081 2605 1187 2676 Thales,

227 2693 273 2765 qui
283 2689 498 2765 sapientissimus
508 2690 535 2744 in
546 2699 651 2763 septem
668 2685 744 2762 fuit,⁴
756 2691 880 2748 homines
897 2693 1048 2751 existimare
1061 2697 1188 2763 oportere

226 2777 326 2846 omnia,
343 2769 437 2847 (qnae)
455 2782 607 2841 cernerent,
622 2773 734 2830 deorum
750 2791 809 2850 esse
823 2775 918 2848 plena;
940 2774 999 2830 iore
1014 2775 1085 2830 enim
1100 2774 1187 2829 omnis

226 2861 356 2917 castiores
383 2857 521 2930 uelutique
549 2860 576 2914 in
598 2857 665 2914 ienis
686 2867 793 2930 essent,
815 2860 926 2914 maximo
946 2850 1123 2932 religiosos;⁵
1146 2863 1189 2912 est

226 2944 296 3000 enim
318 2941 449 3016 quaedam
470 2943 596 3014 opinione
611 2944 715 3016 species
730 2942 842 3000 deorum
862 2943 891 2998 in
912 2942 1009 3014 oculis,
1029 2958 1084 2998 non
1099 2940 1188 2996 solum

226 3029 254 3084 in
275 3024 419 3082 mentibus.
453 3020 501 3084 27.
524 3025 688 3100 eandemque
709 3028 842 3084 rationem
862 3025 917 3082 luci
938 3025 1037 3082 habent
1056 3027 1084 3081 in
1100 3025 1210 3098 agris3.

225 3127 314 3184 neque
334 3126 374 3181 ea,
396 3126 464 3183 quae
477 3127 500 3167 a
518 3110 662 3166 maioribus
682 3111 789 3184 prodita
812 3119 855 3166 est
870 3127 932 3166 cum
947 3110 1061 3166 dominis
1076 3117 1134 3165 tum
1150 3107 1188 3162 la·

225 3195 317 3266 mulis,
341 3195 431 3268 posita
445 3195 473 3250 in
488 3193 565 3251 fundi
579 3195 713 3268 uillaeque
728 3201 876 3268 conspectu
887 3195 984 3268 religio
997 3192 1093 3249 Larum
1108 3209 1189 3265 repu-

300 3322 319 3391 ¹)
334 3325 425 3374 tollitur
438 3324 489 3374 AB
501 3325 558 3376 edd.
593 3322 616 3393 ¹)
630 3340 734 3390 suosque
749 3324 773 3374 Α
788 3341 868 3389 suosq.
883 3324 909 3374 B
921 3324 978 3374 edd.
1013 3320 1033 3390 ⁸)
1048 3339 1092 3374 uos
1107 3299 1189 3372 sacer·

226 3397 321 3447 dotibus
340 3403 369 3445 ni
391 3394 442 3444 AB
457 3411 501 3446 uos
521 3396 694 3447 sacerdotibus.
717 3411 770 3446 nam
790 3411 806 3445 a
825 3397 864 3446 ed.
876 3396 907 3446 V.
941 3392 962 3460 ⁴)
977 3393 1052 3444 Adde
1068 3390 1128 3444 ‘ait'
1149 3395 1189 3443 ael

228 3463 321 3587 ‘dimili'
335 3463 374 3587 V⁶)
383 3465 429 3516 Ec
442 3467 554 3518 litonebi
563 3470 596 3531 qi.
606 3467 680 3517 ueluti
694 3482 765 3531 quom
781 3467 804 3516 in
820 3467 880 3516 lanis
891 3472 973 3515 essent
982 3466 1082 3515 maxime
1092 3464 1189 3526 religio·

226 3553 314 3588 mse.
359 3573 365 3587 .
