<?xml version="1.0" encoding="UTF-8"?>
<!DOCTYPE html PUBLIC "-//W3C//DTD XHTML 1.0 Transitional//EN"
    "http://www.w3.org/TR/xhtml1/DTD/xhtml1-transitional.dtd">
<html xmlns="http://www.w3.org/1999/xhtml" xml:lang="en" lang="en">
 <head>
  <title>
</title>
<meta http-equiv="Content-Type" content="text/html;charset=utf-8" />
  <meta name='ocr-system' content='tesseract 3.04.00' />
  <meta name='ocr-capabilities' content='ocr_page ocr_carea ocr_par ocr_line ocrx_word'/>
</head>
<body>
  <div class='ocr_page' id='page_1' title='image "./ivrisprvdentiae00huscgoog_0119.png"; bbox 0 0 2680 4112; ppageno 0'>
   <div class='ocr_carea' id='block_1_1' title="bbox 480 241 1087 300">
    <p class='ocr_par' dir='ltr' id='par_1_1' title="bbox 480 241 1087 300">
     <span class='ocr_line' id='line_1_1' title="bbox 480 241 1087 300; baseline 0.002 -18"><span class='ocrx_word' id='word_1_1' title='bbox 480 247 502 284; x_wconf 86' lang='lat' dir='ltr'><strong>o.</strong></span> <span class='ocrx_word' id='word_1_2' title='bbox 521 245 614 283; x_wconf 74' lang='lat' dir='ltr'><strong>snntve</strong></span> <span class='ocrx_word' id='word_1_3' title='bbox 634 247 742 282; x_wconf 78' lang='lat' dir='ltr'><strong>nsunvs.</strong></span> <span class='ocrx_word' id='word_1_4' title='bbox 1046 241 1087 300; x_wconf 82' lang='lat'><strong>95</strong></span> 
     </span>
    </p>
   </div>
   <div class='ocr_carea' id='block_1_2' title="bbox 124 367 1088 783">
    <p class='ocr_par' dir='ltr' id='par_1_2' title="bbox 124 367 1088 696">
     <span class='ocr_line' id='line_1_2' title="bbox 124 367 1088 446; baseline 0.007 -19"><span class='ocrx_word' id='word_1_5' title='bbox 124 379 252 446; x_wconf 81' lang='lat' dir='ltr'><strong>possunt.</strong></span> <span class='ocrx_word' id='word_1_6' title='bbox 281 389 343 428; x_wconf 92' lang='lat' dir='ltr'><strong>cum</strong></span> <span class='ocrx_word' id='word_1_7' title='bbox 364 372 472 446; x_wconf 90' lang='lat' dir='ltr'><strong>populis</strong></span> <span class='ocrx_word' id='word_1_8' title='bbox 492 371 585 428; x_wconf 90' lang='lat' dir='ltr'><strong>liberis</strong></span> <span class='ocrx_word' id='word_1_9' title='bbox 606 373 658 429; x_wconf 87' lang='lat' dir='ltr'><strong>&#39;sct</strong></span> <span class='ocrx_word' id='word_1_10' title='bbox 675 390 730 429; x_wconf 91' lang='lat' dir='ltr'><strong>non</strong></span> <span class='ocrx_word' id='word_1_11' title='bbox 751 367 910 430; x_wconf 75' lang='lat' dir='ltr'><strong>foederatis¹</strong></span> <span class='ocrx_word' id='word_1_12' title='bbox 926 383 1029 432; x_wconf 90' lang='lat' dir='ltr'><strong>etcum</strong></span> <span class='ocrx_word' id='word_1_13' title='bbox 1045 392 1088 434; x_wconf 87' lang='lat' dir='ltr'><strong>re·</strong></span> 
     </span>
     <span class='ocr_line' id='line_1_3' title="bbox 126 455 1088 532; baseline 0.005 -21"><span class='ocrx_word' id='word_1_14' title='bbox 126 456 204 530; x_wconf 80' lang='lat' dir='ltr'><strong>gibus</strong></span> <span class='ocrx_word' id='word_1_15' title='bbox 228 457 425 529; x_wconf 79' lang='lat' dir='ltr'><strong>postliminium</strong></span> <span class='ocrx_word' id='word_1_16' title='bbox 439 455 517 512; x_wconf 87' lang='lat' dir='ltr'><strong>nobis</strong></span> <span class='ocrx_word' id='word_1_17' title='bbox 532 463 575 512; x_wconf 90' lang='lat' dir='ltr'><strong>est</strong></span> <span class='ocrx_word' id='word_1_18' title='bbox 590 457 642 528; x_wconf 92' lang='lat' dir='ltr'><strong>ita,</strong></span> <span class='ocrx_word' id='word_1_19' title='bbox 665 459 705 512; x_wconf 91' lang='lat' dir='ltr'><strong>uti</strong></span> <span class='ocrx_word' id='word_1_20' title='bbox 720 473 780 513; x_wconf 93' lang='lat' dir='ltr'><strong>cum</strong></span> <span class='ocrx_word' id='word_1_21' title='bbox 795 457 929 514; x_wconf 74' lang='lat' dir='ltr'><strong>hostibus.</strong></span> <span class='ocrx_word' id='word_1_22' title='bbox 960 475 1028 532; x_wconf 88' lang='lat' dir='ltr'><strong>quae</strong></span> <span class='ocrx_word' id='word_1_23' title='bbox 1042 475 1088 516; x_wconf 84' lang='lat' dir='ltr'><strong>na·</strong></span> 
     </span>
     <span class='ocr_line' id='line_1_4' title="bbox 126 533 1088 615; baseline 0.005 -20"><span class='ocrx_word' id='word_1_24' title='bbox 126 541 214 595; x_wconf 86' lang='lat' dir='ltr'><strong>tiones</strong></span> <span class='ocrx_word' id='word_1_25' title='bbox 230 538 270 594; x_wconf 90' lang='lat' dir='ltr'><strong>iu’</strong></span> <span class='ocrx_word' id='word_1_26' title='bbox 289 584 295 598; x_wconf 92' lang='lat'><strong>.</strong></span> <span class='ocrx_word' id='word_1_27' title='bbox 309 579 315 594; x_wconf 94' lang='lat'><strong>.</strong></span> <span class='ocrx_word' id='word_1_28' title='bbox 329 579 338 596; x_wconf 98' lang='lat'><strong>.</strong></span> <span class='ocrx_word' id='word_1_29' title='bbox 353 533 473 596; x_wconf 82' lang='lat' dir='ltr'><strong>dicione²</strong></span> <span class='ocrx_word' id='word_1_30' title='bbox 487 547 581 596; x_wconf 89' lang='lat' dir='ltr'><strong>nostra</strong></span> <span class='ocrx_word' id='word_1_31' title='bbox 591 548 664 614; x_wconf 89' lang='lat' dir='ltr'><strong>sunt,</strong></span> <span class='ocrx_word' id='word_1_32' title='bbox 680 557 739 596; x_wconf 89' lang='lat' dir='ltr'><strong>cum</strong></span> <span class='ocrx_word' id='word_1_33' title='bbox 751 541 794 597; x_wconf 90' lang='lat' dir='ltr'><strong>his</strong></span> <span class='ocrx_word' id='word_1_34' title='bbox 808 539 1020 615; x_wconf 79' lang='lat' dir='ltr'><strong>(postliminium</strong></span> <span class='ocrx_word' id='word_1_35' title='bbox 1030 559 1088 600; x_wconf 83' lang='lat' dir='ltr'><strong>non</strong></span> 
     </span>
     <span class='ocr_line' id='line_1_5' title="bbox 128 621 698 696; baseline -0.002 -16"><span class='ocrx_word' id='word_1_36' title='bbox 128 623 191 694; x_wconf 78' lang='lat' dir='ltr'><strong>est).</strong></span> <span class='ocrx_word' id='word_1_37' title='bbox 209 653 249 662; x_wconf 91' lang='lat'>-</span> <span class='ocrx_word' id='word_1_38' title='bbox 267 623 340 680; x_wconf 76' lang='lat' dir='ltr'><strong>uest.</strong></span> <span class='ocrx_word' id='word_1_39' title='bbox 356 641 381 680; x_wconf 86' lang='lat' dir='ltr'><strong>v.</strong></span> <span class='ocrx_word' id='word_1_40' title='bbox 397 621 567 679; x_wconf 87' lang='lat' dir='ltr'><strong>Postliminio</strong></span> <span class='ocrx_word' id='word_1_41' title='bbox 582 641 614 696; x_wconf 86' lang='lat' dir='ltr'><strong>p.¹</strong></span> <span class='ocrx_word' id='word_1_42' title='bbox 627 623 698 680; x_wconf 81' lang='lat'><strong>218.</strong></span> 
     </span>
    </p>

    <p class='ocr_par' dir='ltr' id='par_1_3' title="bbox 189 703 1087 783">
     <span class='ocr_line' id='line_1_6' title="bbox 189 703 1087 783; baseline 0.002 -19"><span class='ocrx_word' id='word_1_43' title='bbox 189 703 218 764; x_wconf 80' lang='lat'><strong>2.</strong></span> <span class='ocrx_word' id='word_1_44' title='bbox 242 706 334 764; x_wconf 82' lang='lat' dir='ltr'><strong>Gallus</strong></span> <span class='ocrx_word' id='word_1_45' title='bbox 349 706 441 762; x_wconf 73' lang='lat' dir='ltr'><strong>Aelius</strong></span> <span class='ocrx_word' id='word_1_46' title='bbox 456 706 525 762; x_wconf 86' lang='lat' dir='ltr'><strong>libro</strong></span> <span class='ocrx_word' id='word_1_47' title='bbox 541 707 571 764; x_wconf 91' lang='lat' dir='ltr'><strong>ll.</strong></span> <span class='ocrx_word' id='word_1_48' title='bbox 587 705 814 782; x_wconf 79' lang='lat' dir='ltr'><strong>significationum</strong></span> <span class='ocrx_word' id='word_1_49' title='bbox 836 707 997 780; x_wconf 86' lang='lat' dir='ltr'><strong>uerborum,</strong></span> <span class='ocrx_word' id='word_1_50' title='bbox 1017 726 1087 783; x_wconf 88' lang='lat' dir='ltr'><strong>quae</strong></span> 
     </span>
    </p>
   </div>
   <div class='ocr_carea' id='block_1_3' title="bbox 37 787 1089 3042">
    <p class='ocr_par' dir='ltr' id='par_1_4' title="bbox 125 787 1087 1284">
     <span class='ocr_line' id='line_1_7' title="bbox 127 787 1087 865; baseline 0.003 -19"><span class='ocrx_word' id='word_1_51' title='bbox 127 791 217 846; x_wconf 89' lang='lat' dir='ltr'><strong>adius</strong></span> <span class='ocrx_word' id='word_1_52' title='bbox 232 793 381 863; x_wconf 79' lang='lat' dir='ltr'><strong>pertinent,</strong></span> <span class='ocrx_word' id='word_1_53' title='bbox 397 792 447 846; x_wconf 91' lang='lat' dir='ltr'><strong>ait:</strong></span> <span class='ocrx_word' id='word_1_54' title='bbox 471 787 553 846; x_wconf 80' lang='lat' dir='ltr'><strong>‘Reus</strong></span> <span class='ocrx_word' id='word_1_55' title='bbox 568 800 624 860; x_wconf 86' lang='lat' dir='ltr'><strong>est,</strong></span> <span class='ocrx_word' id='word_1_56' title='bbox 647 793 694 865; x_wconf 89' lang='lat' dir='ltr'><strong>qui</strong></span> <span class='ocrx_word' id='word_1_57' title='bbox 714 809 774 848; x_wconf 92' lang='lat' dir='ltr'><strong>cum</strong></span> <span class='ocrx_word' id='word_1_58' title='bbox 795 792 880 848; x_wconf 87' lang='lat' dir='ltr'><strong>altero</strong></span> <span class='ocrx_word' id='word_1_59' title='bbox 900 793 973 849; x_wconf 88' lang='lat' dir='ltr'><strong>litem</strong></span> <span class='ocrx_word' id='word_1_60' title='bbox 994 802 1087 850; x_wconf 84' lang='lat' dir='ltr'><strong>conte·</strong></span> 
     </span>
     <span class='ocr_line' id='line_1_8' title="bbox 126 870 1087 951; baseline 0.002 -20"><span class='ocrx_word' id='word_1_61' title='bbox 126 882 223 931; x_wconf 89' lang='lat' dir='ltr'><strong>statam</strong></span> <span class='ocrx_word' id='word_1_62' title='bbox 239 873 331 946; x_wconf 89' lang='lat' dir='ltr'><strong>habet,</strong></span> <span class='ocrx_word' id='word_1_63' title='bbox 346 877 405 930; x_wconf 89' lang='lat' dir='ltr'><strong>siue</strong></span> <span class='ocrx_word' id='word_1_64' title='bbox 420 873 443 930; x_wconf 89' lang='lat' dir='ltr'><strong>is</strong></span> <span class='ocrx_word' id='word_1_65' title='bbox 458 876 526 948; x_wconf 84' lang='lat' dir='ltr'><strong>egit,</strong></span> <span class='ocrx_word' id='word_1_66' title='bbox 541 876 599 930; x_wconf 90' lang='lat' dir='ltr'><strong>siue</strong></span> <span class='ocrx_word' id='word_1_67' title='bbox 614 891 675 931; x_wconf 90' lang='lat' dir='ltr'><strong>cum</strong></span> <span class='ocrx_word' id='word_1_68' title='bbox 690 891 723 931; x_wconf 89' lang='lat' dir='ltr'><strong>eo</strong></span> <span class='ocrx_word' id='word_1_69' title='bbox 739 870 827 931; x_wconf 86' lang='lat' dir='ltr'><strong>ac&#39;tum</strong></span> <span class='ocrx_word' id='word_1_70' title='bbox 842 883 893 933; x_wconf 86' lang='lat' dir='ltr'><strong>est.</strong></span> <span class='ocrx_word' id='word_1_71' title='bbox 916 876 987 932; x_wconf 78' lang='lat' dir='ltr'><strong>lictis</strong></span> <span class='ocrx_word' id='word_1_72' title='bbox 1002 879 1087 951; x_wconf 92' lang='lat' dir='ltr'><strong>stipu-</strong></span> 
     </span>
     <span class='ocr_line' id='line_1_9' title="bbox 125 951 1087 1033; baseline 0.005 -20"><span class='ocrx_word' id='word_1_73' title='bbox 125 951 224 1014; x_wconf 82' lang='lat' dir='ltr'><strong>lando³</strong></span> <span class='ocrx_word' id='word_1_74' title='bbox 237 967 280 1014; x_wconf 87' lang='lat' dir='ltr'><strong>est</strong></span> <span class='ocrx_word' id='word_1_75' title='bbox 292 958 382 1029; x_wconf 88' lang='lat' dir='ltr'><strong>idem,</strong></span> <span class='ocrx_word' id='word_1_76' title='bbox 403 960 449 1031; x_wconf 87' lang='lat' dir='ltr'><strong>qui</strong></span> <span class='ocrx_word' id='word_1_77' title='bbox 464 959 608 1031; x_wconf 81' lang='lat' dir='ltr'><strong>stipulator</strong></span> <span class='ocrx_word' id='word_1_78' title='bbox 623 959 734 1028; x_wconf 89' lang='lat' dir='ltr'><strong>dicitur,</strong></span> <span class='ocrx_word' id='word_1_79' title='bbox 752 961 851 1033; x_wconf 89' lang='lat' dir='ltr'><strong>quippe</strong></span> <span class='ocrx_word' id='word_1_80' title='bbox 866 977 916 1015; x_wconf 91' lang='lat' dir='ltr'><strong>suo</strong></span> <span class='ocrx_word' id='word_1_81' title='bbox 932 963 1039 1018; x_wconf 88' lang='lat' dir='ltr'><strong>nomine</strong></span> <span class='ocrx_word' id='word_1_82' title='bbox 1055 961 1087 1018; x_wconf 87' lang='lat' dir='ltr'><strong>ab</strong></span> 
     </span>
     <span class='ocr_line' id='line_1_10' title="bbox 126 1041 1086 1117; baseline 0.004 -20"><span class='ocrx_word' id='word_1_83' title='bbox 126 1041 215 1098; x_wconf 88' lang='lat' dir='ltr'><strong>altero</strong></span> <span class='ocrx_word' id='word_1_84' title='bbox 238 1041 303 1116; x_wconf 89' lang='lat' dir='ltr'><strong>quid</strong></span> <span class='ocrx_word' id='word_1_85' title='bbox 325 1041 469 1114; x_wconf 90' lang='lat' dir='ltr'><strong>stipulatus</strong></span> <span class='ocrx_word' id='word_1_86' title='bbox 484 1051 534 1112; x_wconf 87' lang='lat' dir='ltr'><strong>est,</strong></span> <span class='ocrx_word' id='word_1_87' title='bbox 558 1057 613 1097; x_wconf 89' lang='lat' dir='ltr'><strong>non</strong></span> <span class='ocrx_word' id='word_1_88' title='bbox 628 1043 661 1112; x_wconf 81' lang='lat' dir='ltr'><strong>is,</strong></span> <span class='ocrx_word' id='word_1_89' title='bbox 684 1045 730 1115; x_wconf 93' lang='lat' dir='ltr'><strong>qui</strong></span> <span class='ocrx_word' id='word_1_90' title='bbox 750 1043 828 1098; x_wconf 92' lang='lat' dir='ltr'><strong>alteri</strong></span> <span class='ocrx_word' id='word_1_91' title='bbox 842 1043 1021 1117; x_wconf 81' lang='lat' dir='ltr'><strong>adstipulatus</strong></span> <span class='ocrx_word' id='word_1_92' title='bbox 1035 1053 1086 1101; x_wconf 91' lang='lat' dir='ltr'><strong>est.</strong></span> 
     </span>
     <span class='ocr_line' id='line_1_11' title="bbox 126 1123 1086 1200; baseline 0.003 -20"><span class='ocrx_word' id='word_1_93' title='bbox 126 1123 199 1181; x_wconf 84' lang='lat' dir='ltr'><strong>licus</strong></span> <span class='ocrx_word' id='word_1_94' title='bbox 222 1125 409 1199; x_wconf 89' lang='lat' dir='ltr'><strong>promittendo</strong></span> <span class='ocrx_word' id='word_1_95' title='bbox 432 1134 483 1196; x_wconf 88' lang='lat' dir='ltr'><strong>est,</strong></span> <span class='ocrx_word' id='word_1_96' title='bbox 506 1127 552 1199; x_wconf 92' lang='lat' dir='ltr'><strong>qui</strong></span> <span class='ocrx_word' id='word_1_97' title='bbox 574 1141 625 1182; x_wconf 90' lang='lat' dir='ltr'><strong>suo</strong></span> <span class='ocrx_word' id='word_1_98' title='bbox 646 1129 756 1182; x_wconf 89' lang='lat' dir='ltr'><strong>nomine</strong></span> <span class='ocrx_word' id='word_1_99' title='bbox 778 1127 855 1182; x_wconf 88' lang='lat' dir='ltr'><strong>alteri</strong></span> <span class='ocrx_word' id='word_1_100' title='bbox 872 1127 935 1200; x_wconf 92' lang='lat' dir='ltr'><strong>quid</strong></span> <span class='ocrx_word' id='word_1_101' title='bbox 954 1129 1086 1200; x_wconf 85' lang='lat' dir='ltr'><strong>promisit,</strong></span> 
     </span>
     <span class='ocr_line' id='line_1_12' title="bbox 128 1205 1085 1284; baseline 0.001 -19"><span class='ocrx_word' id='word_1_102' title='bbox 128 1205 207 1284; x_wconf 84' lang='lat' dir='ltr'><strong>(non)</strong></span> <span class='ocrx_word' id='word_1_103' title='bbox 224 1211 270 1282; x_wconf 89' lang='lat' dir='ltr'><strong>qui</strong></span> <span class='ocrx_word' id='word_1_104' title='bbox 289 1225 340 1282; x_wconf 90' lang='lat' dir='ltr'><strong>pro</strong></span> <span class='ocrx_word' id='word_1_105' title='bbox 355 1209 442 1264; x_wconf 89' lang='lat' dir='ltr'><strong>altero</strong></span> <span class='ocrx_word' id='word_1_106' title='bbox 458 1211 522 1282; x_wconf 90' lang='lat' dir='ltr'><strong>quid</strong></span> <span class='ocrx_word' id='word_1_107' title='bbox 536 1209 684 1282; x_wconf 90' lang='lat' dir='ltr'><strong>promisit&#39;.</strong></span> <span class='ocrx_word' id='word_1_108' title='bbox 702 1241 739 1252; x_wconf 90' lang='lat'><em>-</em></span> <span class='ocrx_word' id='word_1_109' title='bbox 755 1208 828 1265; x_wconf 78' lang='lat' dir='ltr'><strong>llest.</strong></span> <span class='ocrx_word' id='word_1_110' title='bbox 848 1227 871 1266; x_wconf 91' lang='lat' dir='ltr'><strong>v.</strong></span> <span class='ocrx_word' id='word_1_111' title='bbox 885 1210 956 1266; x_wconf 86' lang='lat' dir='ltr'><strong>Reus</strong></span> <span class='ocrx_word' id='word_1_112' title='bbox 971 1227 998 1284; x_wconf 92' lang='lat' dir='ltr'><strong>p.</strong></span> <span class='ocrx_word' id='word_1_113' title='bbox 1015 1210 1085 1269; x_wconf 78' lang='lat'><strong>273.</strong></span> 
     </span>
    </p>

    <p class='ocr_par' dir='ltr' id='par_1_5' title="bbox 128 1288 1087 1618">
     <span class='ocr_line' id='line_1_13' title="bbox 191 1288 1087 1368; baseline 0.002 -20"><span class='ocrx_word' id='word_1_114' title='bbox 191 1288 223 1349; x_wconf 77' lang='grc'><strong>3.</strong></span> <span class='ocrx_word' id='word_1_115' title='bbox 245 1292 348 1348; x_wconf 86' lang='lat' dir='ltr'><strong>Saltum</strong></span> <span class='ocrx_word' id='word_1_116' title='bbox 366 1291 457 1348; x_wconf 87' lang='lat' dir='ltr'><strong>Gallus</strong></span> <span class='ocrx_word' id='word_1_117' title='bbox 474 1293 565 1349; x_wconf 84' lang='lat' dir='ltr'><strong>Aelius</strong></span> <span class='ocrx_word' id='word_1_118' title='bbox 577 1293 596 1349; x_wconf 93' lang='lat' dir='ltr'><strong>l.</strong></span> <span class='ocrx_word' id='word_1_119' title='bbox 608 1293 639 1352; x_wconf 93' lang='lat' dir='ltr'><strong>ll.</strong></span> <span class='ocrx_word' id='word_1_120' title='bbox 656 1292 893 1368; x_wconf 83' lang='lat' dir='ltr'><strong>significationum,</strong></span> <span class='ocrx_word' id='word_1_121' title='bbox 909 1311 979 1368; x_wconf 88' lang='lat' dir='ltr'><strong>quae</strong></span> <span class='ocrx_word' id='word_1_122' title='bbox 993 1294 1029 1350; x_wconf 87' lang='lat' dir='ltr'><strong>ad</strong></span> <span class='ocrx_word' id='word_1_123' title='bbox 1047 1295 1087 1350; x_wconf 91' lang='lat' dir='ltr'><strong>ins</strong></span> 
     </span>
     <span class='ocr_line' id='line_1_14' title="bbox 128 1375 1083 1450; baseline 0.004 -20"><span class='ocrx_word' id='word_1_124' title='bbox 128 1377 280 1449; x_wconf 85' lang='lat' dir='ltr'><strong>pertinent,</strong></span> <span class='ocrx_word' id='word_1_125' title='bbox 292 1377 329 1431; x_wconf 89' lang='lat' dir='ltr'><strong>ita</strong></span> <span class='ocrx_word' id='word_1_126' title='bbox 344 1375 453 1432; x_wconf 85' lang='lat' dir='ltr'><strong>delinit:</strong></span> <span class='ocrx_word' id='word_1_127' title='bbox 470 1375 572 1432; x_wconf 71' lang='lat' dir='ltr'><strong>‘Saltus</strong></span> <span class='ocrx_word' id='word_1_128' title='bbox 588 1385 640 1448; x_wconf 83' lang='lat' dir='ltr'><strong>est,</strong></span> <span class='ocrx_word' id='word_1_129' title='bbox 656 1377 701 1432; x_wconf 93' lang='lat' dir='ltr'><strong>ubi</strong></span> <span class='ocrx_word' id='word_1_130' title='bbox 716 1377 799 1432; x_wconf 86' lang='lat' dir='ltr'><strong>siluae</strong></span> <span class='ocrx_word' id='word_1_131' title='bbox 815 1385 842 1432; x_wconf 89' lang='lat' dir='ltr'><strong>et</strong></span> <span class='ocrx_word' id='word_1_132' title='bbox 856 1380 994 1450; x_wconf 83' lang='lat' dir='ltr'><strong>pastiones</strong></span> <span class='ocrx_word' id='word_1_133' title='bbox 1010 1387 1083 1450; x_wconf 89' lang='lat' dir='ltr'><strong>sunt,</strong></span> 
     </span>
     <span class='ocr_line' id='line_1_15' title="bbox 131 1461 1087 1536; baseline 0.004 -22"><span class='ocrx_word' id='word_1_134' title='bbox 131 1475 248 1531; x_wconf 89' lang='lat' dir='ltr'><strong>quarum</strong></span> <span class='ocrx_word' id='word_1_135' title='bbox 268 1475 342 1514; x_wconf 90' lang='lat' dir='ltr'><strong>causa</strong></span> <span class='ocrx_word' id='word_1_136' title='bbox 360 1475 440 1516; x_wconf 86' lang='lat' dir='ltr'><strong>casae</strong></span> <span class='ocrx_word' id='word_1_137' title='bbox 459 1476 582 1534; x_wconf 87' lang='lat' dir='ltr'><strong>quoqne:</strong></span> <span class='ocrx_word' id='word_1_138' title='bbox 604 1461 627 1516; x_wconf 91' lang='lat' dir='ltr'><strong>si</strong></span> <span class='ocrx_word' id='word_1_139' title='bbox 648 1477 699 1534; x_wconf 88' lang='lat' dir='ltr'><strong>qua</strong></span> <span class='ocrx_word' id='word_1_140' title='bbox 719 1461 849 1534; x_wconf 87' lang='lat' dir='ltr'><strong>particula</strong></span> <span class='ocrx_word' id='word_1_141' title='bbox 863 1463 890 1516; x_wconf 90' lang='lat' dir='ltr'><strong>in</strong></span> <span class='ocrx_word' id='word_1_142' title='bbox 905 1479 938 1518; x_wconf 90' lang='lat' dir='ltr'><strong>eo</strong></span> <span class='ocrx_word' id='word_1_143' title='bbox 953 1462 1025 1518; x_wconf 91' lang='lat' dir='ltr'><strong>saltu</strong></span> <span class='ocrx_word' id='word_1_144' title='bbox 1039 1479 1087 1536; x_wconf 83' lang='lat' dir='ltr'><strong>pa-</strong></span> 
     </span>
     <span class='ocr_line' id='line_1_16' title="bbox 129 1543 1087 1618; baseline 0.003 -21"><span class='ocrx_word' id='word_1_145' title='bbox 129 1549 239 1598; x_wconf 89' lang='lat' dir='ltr'><strong>storum</strong></span> <span class='ocrx_word' id='word_1_146' title='bbox 255 1551 299 1598; x_wconf 91' lang='lat' dir='ltr'><strong>aut</strong></span> <span class='ocrx_word' id='word_1_147' title='bbox 314 1543 457 1599; x_wconf 89' lang='lat' dir='ltr'><strong>custodum</strong></span> <span class='ocrx_word' id='word_1_148' title='bbox 472 1561 552 1600; x_wconf 89' lang='lat' dir='ltr'><strong>eausa</strong></span> <span class='ocrx_word' id='word_1_149' title='bbox 568 1552 669 1615; x_wconf 88' lang='lat' dir='ltr'><strong>aratur,</strong></span> <span class='ocrx_word' id='word_1_150' title='bbox 684 1561 773 1600; x_wconf 89' lang='lat' dir='ltr'><strong>cares</strong></span> <span class='ocrx_word' id='word_1_151' title='bbox 789 1561 844 1600; x_wconf 90' lang='lat' dir='ltr'><strong>non</strong></span> <span class='ocrx_word' id='word_1_152' title='bbox 858 1547 972 1618; x_wconf 79' lang='lat' dir='ltr'><strong>peremit</strong></span> <span class='ocrx_word' id='word_1_153' title='bbox 987 1561 1087 1602; x_wconf 88' lang='lat' dir='ltr'><strong>nomen</strong></span> 
     </span>
    </p>

    <p class='ocr_par' dir='ltr' id='par_1_6' title="bbox 80 1626 1086 1868">
     <span class='ocr_line' id='line_1_17' title="bbox 80 1626 1086 1702; baseline 0.002 -20"><span class='ocrx_word' id='word_1_154' title='bbox 80 1643 124 1691; x_wconf 81' lang='lat' dir='ltr'><strong>[so]</strong></span> <span class='ocrx_word' id='word_1_155' title='bbox 132 1626 232 1697; x_wconf 88' lang='lat' dir='ltr'><strong>saltui,</strong></span> <span class='ocrx_word' id='word_1_156' title='bbox 254 1643 309 1682; x_wconf 90' lang='lat' dir='ltr'><strong>non</strong></span> <span class='ocrx_word' id='word_1_157' title='bbox 329 1629 414 1700; x_wconf 79' lang='lat' dir='ltr'><strong>magis</strong></span> <span class='ocrx_word' id='word_1_158' title='bbox 435 1644 514 1700; x_wconf 85' lang='lat' dir='ltr'><strong>quarn</strong></span> <span class='ocrx_word' id='word_1_159' title='bbox 535 1627 627 1698; x_wconf 88' lang='lat' dir='ltr'><strong>iundi,</strong></span> <span class='ocrx_word' id='word_1_160' title='bbox 649 1629 695 1701; x_wconf 92' lang='lat' dir='ltr'><strong>qui</strong></span> <span class='ocrx_word' id='word_1_161' title='bbox 716 1635 756 1684; x_wconf 87' lang='lat' dir='ltr'><strong>est</strong></span> <span class='ocrx_word' id='word_1_162' title='bbox 771 1631 799 1684; x_wconf 91' lang='lat' dir='ltr'><strong>in</strong></span> <span class='ocrx_word' id='word_1_163' title='bbox 814 1645 880 1702; x_wconf 75' lang='lat' dir='ltr'><strong>agro</strong></span> <span class='ocrx_word' id='word_1_164' title='bbox 895 1630 970 1685; x_wconf 92' lang='lat' dir='ltr'><strong>culto</strong></span> <span class='ocrx_word' id='word_1_165' title='bbox 986 1632 1086 1686; x_wconf 86' lang='lat' dir='ltr'><strong>eteius</strong></span> 
     </span>
     <span class='ocr_line' id='line_1_18' title="bbox 128 1709 1085 1786; baseline 0 -18"><span class='ocrx_word' id='word_1_166' title='bbox 128 1727 210 1768; x_wconf 87' lang='lat' dir='ltr'><strong>causa</strong></span> <span class='ocrx_word' id='word_1_167' title='bbox 231 1710 312 1766; x_wconf 86' lang='lat' dir='ltr'><strong>babet</strong></span> <span class='ocrx_word' id='word_1_168' title='bbox 331 1709 494 1782; x_wconf 88' lang='lat' dir='ltr'><strong>aedilicium,</strong></span> <span class='ocrx_word' id='word_1_169' title='bbox 515 1713 539 1766; x_wconf 91' lang='lat' dir='ltr'><strong>si</strong></span> <span class='ocrx_word' id='word_1_170' title='bbox 560 1728 611 1785; x_wconf 88' lang='lat' dir='ltr'><strong>qua</strong></span> <span class='ocrx_word' id='word_1_171' title='bbox 631 1712 762 1786; x_wconf 90' lang='lat' dir='ltr'><strong>particula</strong></span> <span class='ocrx_word' id='word_1_172' title='bbox 781 1713 809 1768; x_wconf 93' lang='lat' dir='ltr'><strong>in</strong></span> <span class='ocrx_word' id='word_1_173' title='bbox 823 1728 857 1768; x_wconf 89' lang='lat' dir='ltr'><strong>eo</strong></span> <span class='ocrx_word' id='word_1_174' title='bbox 872 1712 952 1769; x_wconf 87' lang='lat' dir='ltr'><strong>lrabet</strong></span> <span class='ocrx_word' id='word_1_175' title='bbox 967 1712 1085 1770; x_wconf 89' lang='lat' dir='ltr'><strong>siluam&#39;.</strong></span> 
     </span>
     <span class='ocr_line' id='line_1_19' title="bbox 127 1793 552 1868; baseline 0.005 -19"><span class='ocrx_word' id='word_1_176' title='bbox 127 1794 257 1850; x_wconf 77' lang='lat' dir='ltr'><strong>-Fest</strong></span> <span class='ocrx_word' id='word_1_177' title='bbox 274 1811 299 1848; x_wconf 86' lang='lat' dir='ltr'><strong>v.</strong></span> <span class='ocrx_word' id='word_1_178' title='bbox 318 1794 421 1850; x_wconf 89' lang='lat' dir='ltr'><strong>Saltum</strong></span> <span class='ocrx_word' id='word_1_179' title='bbox 436 1813 464 1868; x_wconf 90' lang='lat' dir='ltr'><strong>p.</strong></span> <span class='ocrx_word' id='word_1_180' title='bbox 480 1793 552 1852; x_wconf 79' lang='lat'><strong>302.</strong></span> 
     </span>
    </p>

    <p class='ocr_par' dir='ltr' id='par_1_7' title="bbox 126 1875 1088 2204">
     <span class='ocr_line' id='line_1_20' title="bbox 189 1875 1088 1951; baseline 0 -17"><span class='ocrx_word' id='word_1_181' title='bbox 189 1875 222 1936; x_wconf 82' lang='lat'><strong>4.</strong></span> <span class='ocrx_word' id='word_1_182' title='bbox 246 1879 364 1934; x_wconf 88' lang='lat' dir='ltr'><strong>&#39;lorrens</strong></span> <span class='ocrx_word' id='word_1_183' title='bbox 385 1919 471 1935; x_wconf 88' lang='lat'><strong>.....</strong></span> <span class='ocrx_word' id='word_1_184' title='bbox 493 1877 627 1951; x_wconf 78' lang='lat' dir='ltr'><strong>significat</strong></span> <span class='ocrx_word' id='word_1_185' title='bbox 642 1881 721 1934; x_wconf 88' lang='lat' dir='ltr'><strong>etiam</strong></span> <span class='ocrx_word' id='word_1_186' title='bbox 737 1879 866 1950; x_wconf 88' lang='lat' dir='ltr'><strong>lluuium,</strong></span> <span class='ocrx_word' id='word_1_187' title='bbox 887 1877 982 1934; x_wconf 90' lang='lat' dir='ltr'><strong>subitis</strong></span> <span class='ocrx_word' id='word_1_188' title='bbox 997 1879 1088 1934; x_wconf 91' lang='lat' dir='ltr'><strong>imbri·</strong></span> 
     </span>
     <span class='ocr_line' id='line_1_21' title="bbox 126 1961 1088 2036; baseline 0.001 -19"><span class='ocrx_word' id='word_1_189' title='bbox 126 1961 181 2017; x_wconf 87' lang='lat' dir='ltr'><strong>bns</strong></span> <span class='ocrx_word' id='word_1_190' title='bbox 196 1964 369 2034; x_wconf 88' lang='lat' dir='ltr'><strong>concitatum,</strong></span> <span class='ocrx_word' id='word_1_191' title='bbox 385 1964 431 2036; x_wconf 92' lang='lat' dir='ltr'><strong>qui</strong></span> <span class='ocrx_word' id='word_1_192' title='bbox 446 1962 545 2035; x_wconf 89' lang='lat' dir='ltr'><strong>alioqui</strong></span> <span class='ocrx_word' id='word_1_193' title='bbox 560 1963 725 2018; x_wconf 80' lang='lat' dir='ltr'><strong>siccitatibus</strong></span> <span class='ocrx_word' id='word_1_194' title='bbox 741 1963 886 2032; x_wconf 81' lang='lat' dir='ltr'><strong>exarescit,</strong></span> <span class='ocrx_word' id='word_1_195' title='bbox 900 1963 977 2018; x_wconf 88' lang='lat' dir='ltr'><strong>cuius</strong></span> <span class='ocrx_word' id='word_1_196' title='bbox 992 1978 1088 2034; x_wconf 87' lang='lat' dir='ltr'><strong>aquam</strong></span> 
     </span>
     <span class='ocr_line' id='line_1_22' title="bbox 126 2043 1087 2120; baseline 0.002 -21"><span class='ocrx_word' id='word_1_197' title='bbox 126 2047 226 2118; x_wconf 89' lang='lat' dir='ltr'><strong>ipsam,</strong></span> <span class='ocrx_word' id='word_1_198' title='bbox 250 2061 319 2120; x_wconf 90' lang='lat' dir='ltr'><strong>quae</strong></span> <span class='ocrx_word' id='word_1_199' title='bbox 342 2043 417 2116; x_wconf 87' lang='lat' dir='ltr'><strong>linit,</strong></span> <span class='ocrx_word' id='word_1_200' title='bbox 439 2045 539 2102; x_wconf 88' lang='lat' dir='ltr'><strong>llumen</strong></span> <span class='ocrx_word' id='word_1_201' title='bbox 561 2053 635 2102; x_wconf 88' lang='lat' dir='ltr'><strong>recte</strong></span> <span class='ocrx_word' id='word_1_202' title='bbox 657 2045 709 2100; x_wconf 91' lang='lat' dir='ltr'><strong>dici</strong></span> <span class='ocrx_word' id='word_1_203' title='bbox 731 2048 767 2101; x_wconf 89' lang='lat' dir='ltr'><strong>ait</strong></span> <span class='ocrx_word' id='word_1_204' title='bbox 788 2045 880 2100; x_wconf 81' lang='lat' dir='ltr'><strong>Aelius</strong></span> <span class='ocrx_word' id='word_1_205' title='bbox 902 2043 992 2100; x_wconf 84' lang='lat' dir='ltr'><strong>Gallus</strong></span> <span class='ocrx_word' id='word_1_206' title='bbox 1015 2045 1033 2100; x_wconf 91' lang='lat' dir='ltr'><strong>l.</strong></span> <span class='ocrx_word' id='word_1_207' title='bbox 1055 2045 1087 2102; x_wconf 93' lang='lat' dir='ltr'><strong>ll.</strong></span> 
     </span>
     <span class='ocr_line' id='line_1_23' title="bbox 126 2123 1088 2204; baseline -0.001 -19"><span class='ocrx_word' id='word_1_208' title='bbox 126 2123 427 2204; x_wconf 79' lang='lat' dir='ltr'><strong>⁹(sipuifioationum)‚⁴</strong></span> <span class='ocrx_word' id='word_1_209' title='bbox 443 2146 511 2203; x_wconf 85' lang='lat' dir='ltr'><strong>quae</strong></span> <span class='ocrx_word' id='word_1_210' title='bbox 525 2129 558 2186; x_wconf 88' lang='lat' dir='ltr'><strong>ad</strong></span> <span class='ocrx_word' id='word_1_211' title='bbox 572 2131 615 2186; x_wconf 91' lang='lat' dir='ltr'><strong>ius</strong></span> <span class='ocrx_word' id='word_1_212' title='bbox 630 2131 781 2202; x_wconf 81' lang='lat' dir='ltr'><strong>pertinent3</strong></span> <span class='ocrx_word' id='word_1_213' title='bbox 796 2137 916 2185; x_wconf 86' lang='lat' dir='ltr'><strong>ceterum</strong></span> <span class='ocrx_word' id='word_1_214' title='bbox 933 2129 1008 2202; x_wconf 82' lang='lat' dir='ltr'><strong>uolgi</strong></span> <span class='ocrx_word' id='word_1_215' title='bbox 1024 2145 1088 2186; x_wconf 92' lang='lat' dir='ltr'><strong>con-</strong></span> 
     </span>
    </p>

    <p class='ocr_par' dir='ltr' id='par_1_8' title="bbox 37 2211 1086 2371">
     <span class='ocr_line' id='line_1_24' title="bbox 37 2211 1086 2288; baseline 0.001 -21"><span class='ocrx_word' id='word_1_216' title='bbox 37 2251 42 2267; x_wconf 90' lang='lat'><strong>.</strong></span> <span class='ocrx_word' id='word_1_217' title='bbox 126 2211 273 2269; x_wconf 80' lang='lat' dir='ltr'><strong>suetudine</strong></span> <span class='ocrx_word' id='word_1_218' title='bbox 293 2215 343 2268; x_wconf 91' lang='lat' dir='ltr'><strong>iam</strong></span> <span class='ocrx_word' id='word_1_219' title='bbox 365 2213 417 2270; x_wconf 92' lang='lat' dir='ltr'><strong>dici</strong></span> <span class='ocrx_word' id='word_1_220' title='bbox 437 2212 538 2270; x_wconf 85' lang='lat' dir='ltr'><strong>flumen</strong></span> <span class='ocrx_word' id='word_1_221' title='bbox 553 2220 581 2270; x_wconf 91' lang='lat' dir='ltr'><strong>et</strong></span> <span class='ocrx_word' id='word_1_222' title='bbox 595 2229 741 2288; x_wconf 89' lang='lat' dir='ltr'><strong>perennem</strong></span> <span class='ocrx_word' id='word_1_223' title='bbox 757 2212 870 2268; x_wconf 91' lang='lat' dir='ltr'><strong>iluuium</strong></span> <span class='ocrx_word' id='word_1_224' title='bbox 885 2219 912 2267; x_wconf 86' lang='lat' dir='ltr'><strong>et</strong></span> <span class='ocrx_word' id='word_1_225' title='bbox 928 2220 1086 2269; x_wconf 88' lang='lat' dir='ltr'><strong>torrentem.</strong></span> 
     </span>
     <span class='ocr_line' id='line_1_25' title="bbox 127 2295 569 2371; baseline 0.007 -22"><span class='ocrx_word' id='word_1_226' title='bbox 127 2326 170 2336; x_wconf 92' lang='lat'><em>-</em></span> <span class='ocrx_word' id='word_1_227' title='bbox 185 2295 259 2352; x_wconf 75' lang='lat' dir='ltr'><strong>uest.</strong></span> <span class='ocrx_word' id='word_1_228' title='bbox 279 2314 305 2352; x_wconf 85' lang='lat' dir='ltr'><strong>r.</strong></span> <span class='ocrx_word' id='word_1_229' title='bbox 321 2296 439 2352; x_wconf 80' lang='lat' dir='ltr'><strong>Torrens</strong></span> <span class='ocrx_word' id='word_1_230' title='bbox 454 2315 481 2371; x_wconf 93' lang='lat' dir='ltr'><strong>p.</strong></span> <span class='ocrx_word' id='word_1_231' title='bbox 498 2295 569 2354; x_wconf 79' lang='lat'><strong>352.</strong></span> 
     </span>
    </p>

    <p class='ocr_par' dir='ltr' id='par_1_9' title="bbox 125 2375 1089 2956">
     <span class='ocr_line' id='line_1_26' title="bbox 146 2375 1087 2454; baseline 0.003 -20"><span class='ocrx_word' id='word_1_232' title='bbox 146 2383 148 2385; x_wconf 80' lang='grc'><strong>’</strong></span> <span class='ocrx_word' id='word_1_233' title='bbox 191 2375 218 2439; x_wconf 82' lang='grc'><strong>5.</strong></span> <span class='ocrx_word' id='word_1_234' title='bbox 243 2378 271 2436; x_wconf 82' lang='lat' dir='ltr'><strong>G.</strong></span> <span class='ocrx_word' id='word_1_235' title='bbox 293 2379 384 2436; x_wconf 80' lang='lat' dir='ltr'><strong>Aelius</strong></span> <span class='ocrx_word' id='word_1_236' title='bbox 405 2380 496 2436; x_wconf 85' lang='lat' dir='ltr'><strong>Gallus</strong></span> <span class='ocrx_word' id='word_1_237' title='bbox 516 2382 544 2436; x_wconf 92' lang='lat' dir='ltr'><strong>in</strong></span> <span class='ocrx_word' id='word_1_238' title='bbox 563 2380 632 2437; x_wconf 88' lang='lat' dir='ltr'><strong>libro</strong></span> <span class='ocrx_word' id='word_1_239' title='bbox 654 2381 688 2437; x_wconf 90' lang='lat' dir='ltr'><strong>de</strong></span> <span class='ocrx_word' id='word_1_240' title='bbox 714 2380 910 2454; x_wconf 80' lang='lat' dir='ltr'><strong>significatione</strong></span> <span class='ocrx_word' id='word_1_241' title='bbox 930 2379 1087 2452; x_wconf 89' lang='lat' dir='ltr'><strong>uerborum,</strong></span> 
     </span>
     <span class='ocr_line' id='line_1_27' title="bbox 130 2462 1088 2539; baseline 0.003 -21"><span class='ocrx_word' id='word_1_242' title='bbox 130 2479 201 2536; x_wconf 85' lang='lat' dir='ltr'><strong>quac</strong></span> <span class='ocrx_word' id='word_1_243' title='bbox 214 2462 247 2519; x_wconf 93' lang='lat' dir='ltr'><strong>ad</strong></span> <span class='ocrx_word' id='word_1_244' title='bbox 261 2465 304 2520; x_wconf 90' lang='lat' dir='ltr'><strong>tus</strong></span> <span class='ocrx_word' id='word_1_245' title='bbox 319 2463 399 2520; x_wconf 89' lang='lat' dir='ltr'><strong>ciuile</strong></span> <span class='ocrx_word' id='word_1_246' title='bbox 414 2465 695 2539; x_wconf 85' lang='lat' dir='ltr'><strong>pertiuent,&#39;secundo</strong></span> <span class='ocrx_word' id='word_1_247' title='bbox 711 2463 875 2520; x_wconf 85' lang='lat' dir='ltr'><strong>uestibulum</strong></span> <span class='ocrx_word' id='word_1_248' title='bbox 887 2481 947 2520; x_wconf 89' lang='lat' dir='ltr'><strong>esse</strong></span> <span class='ocrx_word' id='word_1_249' title='bbox 958 2464 1023 2521; x_wconf 92' lang='lat' dir='ltr'><strong>dicit</strong></span> <span class='ocrx_word' id='word_1_250' title='bbox 1032 2481 1088 2522; x_wconf 91' lang='lat' dir='ltr'><strong>non</strong></span> 
     </span>
     <span class='ocr_line' id='line_1_28' title="bbox 130 2546 1088 2622; baseline 0.002 -20"><span class='ocrx_word' id='word_1_251' title='bbox 130 2549 162 2602; x_wconf 89' lang='lat' dir='ltr'><strong>in</strong></span> <span class='ocrx_word' id='word_1_252' title='bbox 176 2547 242 2620; x_wconf 90' lang='lat' dir='ltr'><strong>ipsis</strong></span> <span class='ocrx_word' id='word_1_253' title='bbox 257 2546 367 2603; x_wconf 89' lang='lat' dir='ltr'><strong>aedibus</strong></span> <span class='ocrx_word' id='word_1_254' title='bbox 381 2563 471 2621; x_wconf 85' lang='lat' dir='ltr'><strong>neque</strong></span> <span class='ocrx_word' id='word_1_255' title='bbox 485 2555 588 2622; x_wconf 87' lang='lat' dir='ltr'><strong>partem</strong></span> <span class='ocrx_word' id='word_1_256' title='bbox 603 2548 723 2618; x_wconf 86' lang='lat' dir='ltr'><strong>aedium,</strong></span> <span class='ocrx_word' id='word_1_257' title='bbox 738 2548 786 2604; x_wconf 92' lang='lat' dir='ltr'><strong>sed</strong></span> <span class='ocrx_word' id='word_1_258' title='bbox 800 2549 890 2606; x_wconf 90' lang='lat' dir='ltr'><strong>locum</strong></span> <span class='ocrx_word' id='word_1_259' title='bbox 906 2556 967 2604; x_wconf 89' lang='lat' dir='ltr'><strong>ante</strong></span> <span class='ocrx_word' id='word_1_260' title='bbox 981 2551 1088 2605; x_wconf 89' lang='lat' dir='ltr'><strong>ianuam</strong></span> 
     </span>
     <span class='ocr_line' id='line_1_29' title="bbox 129 2630 1087 2706; baseline 0.002 -20"><span class='ocrx_word' id='word_1_261' title='bbox 129 2630 228 2686; x_wconf 85' lang='lat' dir='ltr'><strong>domus</strong></span> <span class='ocrx_word' id='word_1_262' title='bbox 249 2647 374 2703; x_wconf 87' lang='lat' dir='ltr'><strong>uacuum,</strong></span> <span class='ocrx_word' id='word_1_263' title='bbox 396 2649 447 2706; x_wconf 87' lang='lat' dir='ltr'><strong>per</strong></span> <span class='ocrx_word' id='word_1_264' title='bbox 469 2647 548 2706; x_wconf 89' lang='lat' dir='ltr'><strong>quem</strong></span> <span class='ocrx_word' id='word_1_265' title='bbox 570 2649 585 2688; x_wconf 90' lang='lat' dir='ltr'><strong>a</strong></span> <span class='ocrx_word' id='word_1_266' title='bbox 608 2633 650 2688; x_wconf 91' lang='lat' dir='ltr'><strong>uia</strong></span> <span class='ocrx_word' id='word_1_267' title='bbox 672 2631 759 2688; x_wconf 90' lang='lat' dir='ltr'><strong>aditus</strong></span> <span class='ocrx_word' id='word_1_268' title='bbox 775 2648 952 2705; x_wconf 85' lang='lat' dir='ltr'><strong>accessusque</strong></span> <span class='ocrx_word' id='word_1_269' title='bbox 967 2632 1000 2688; x_wconf 90' lang='lat' dir='ltr'><strong>ad</strong></span> <span class='ocrx_word' id='word_1_270' title='bbox 1015 2631 1087 2688; x_wconf 89' lang='lat' dir='ltr'><strong>aedis</strong></span> 
     </span>
     <span class='ocr_line' id='line_1_30' title="bbox 127 2710 1089 2790; baseline 0 -20"><span class='ocrx_word' id='word_1_271' title='bbox 127 2721 183 2785; x_wconf 89' lang='lat' dir='ltr'><strong>est,</strong></span> <span class='ocrx_word' id='word_1_272' title='bbox 203 2731 266 2772; x_wconf 90' lang='lat' dir='ltr'><strong>cum</strong></span> <span class='ocrx_word' id='word_1_273' title='bbox 286 2715 379 2772; x_wconf 81' lang='lat' dir='ltr'><strong>dextra</strong></span> <span class='ocrx_word' id='word_1_274' title='bbox 400 2717 562 2789; x_wconf 88' lang='lat' dir='ltr'><strong>sinistraque</strong></span> <span class='ocrx_word' id='word_1_275' title='bbox 582 2717 687 2771; x_wconf 89' lang='lat' dir='ltr'><strong>ianuam</strong></span> <span class='ocrx_word' id='word_1_276' title='bbox 708 2723 778 2772; x_wconf 89' lang='lat' dir='ltr'><strong>tecta</strong></span> <span class='ocrx_word' id='word_1_277' title='bbox 792 2711 900 2790; x_wconf 81' lang='lat' dir='ltr'><strong>’(sunt)‚</strong></span> <span class='ocrx_word' id='word_1_278' title='bbox 921 2710 1004 2788; x_wconf 85' lang='lat' dir='ltr'><strong>quae⁵</strong></span> <span class='ocrx_word' id='word_1_279' title='bbox 1024 2724 1089 2772; x_wconf 90' lang='lat' dir='ltr'><strong>sunt</strong></span> 
     </span>
     <span class='ocr_line' id='line_1_31' title="bbox 127 2799 1088 2874; baseline -0.001 -19"><span class='ocrx_word' id='word_1_280' title='bbox 127 2799 190 2855; x_wconf 89' lang='lat' dir='ltr'><strong>niae</strong></span> <span class='ocrx_word' id='word_1_281' title='bbox 208 2801 312 2871; x_wconf 89' lang='lat' dir='ltr'><strong>iuncta,</strong></span> <span class='ocrx_word' id='word_1_282' title='bbox 333 2808 414 2874; x_wconf 88' lang='lat' dir='ltr'><strong>atque</strong></span> <span class='ocrx_word' id='word_1_283' title='bbox 434 2801 491 2874; x_wconf 92' lang='lat' dir='ltr'><strong>ipsa</strong></span> <span class='ocrx_word' id='word_1_284' title='bbox 511 2802 590 2856; x_wconf 86' lang='lat' dir='ltr'><strong>ianua</strong></span> <span class='ocrx_word' id='word_1_285' title='bbox 609 2799 705 2874; x_wconf 91' lang='lat' dir='ltr'><strong>procul</strong></span> <span class='ocrx_word' id='word_1_286' title='bbox 724 2816 739 2854; x_wconf 91' lang='lat' dir='ltr'><strong>a</strong></span> <span class='ocrx_word' id='word_1_287' title='bbox 758 2801 802 2856; x_wconf 84' lang='lat' dir='ltr'><strong>uia</strong></span> <span class='ocrx_word' id='word_1_288' title='bbox 822 2807 879 2872; x_wconf 88' lang='lat' dir='ltr'><strong>est,</strong></span> <span class='ocrx_word' id='word_1_289' title='bbox 901 2815 962 2856; x_wconf 86' lang='lat' dir='ltr'><strong>area</strong></span> <span class='ocrx_word' id='word_1_290' title='bbox 982 2801 1088 2856; x_wconf 82' lang='lat' dir='ltr'><strong>uocanti</strong></span> 
     </span>
     <span class='ocr_line' id='line_1_32' title="bbox 125 2881 1086 2956; baseline 0.001 -18"><span class='ocrx_word' id='word_1_291' title='bbox 125 2884 263 2940; x_wconf 85' lang='lat' dir='ltr'><strong>intersita.</strong></span> <span class='ocrx_word' id='word_1_292' title='bbox 284 2913 322 2924; x_wconf 90' lang='lat'><em>-</em></span> <span class='ocrx_word' id='word_1_293' title='bbox 344 2883 410 2944; x_wconf 85' lang='lat' dir='ltr'><strong>Gell.</strong></span> <span class='ocrx_word' id='word_1_294' title='bbox 430 2884 480 2956; x_wconf 86' lang='lat'><strong>16,</strong></span> <span class='ocrx_word' id='word_1_295' title='bbox 498 2881 527 2944; x_wconf 82' lang='lat'><strong>5.</strong></span> <span class='ocrx_word' id='word_1_296' title='bbox 545 2884 572 2954; x_wconf 80' lang='lat' dir='ltr'><strong>S.</strong></span> <span class='ocrx_word' id='word_1_297' title='bbox 590 2884 620 2944; x_wconf 88' lang='lat'><strong>3.</strong></span> <span class='ocrx_word' id='word_1_298' title='bbox 636 2883 676 2941; x_wconf 83' lang='lat' dir='ltr'><strong>Gi.</strong></span> <span class='ocrx_word' id='word_1_299' title='bbox 694 2881 809 2940; x_wconf 88' lang='lat' dir='ltr'><strong>llacrob.</strong></span> <span class='ocrx_word' id='word_1_300' title='bbox 827 2883 883 2940; x_wconf 87' lang='lat' dir='ltr'><strong>Sat.</strong></span> <span class='ocrx_word' id='word_1_301' title='bbox 899 2883 929 2953; x_wconf 88' lang='grc'><strong>6,</strong></span> <span class='ocrx_word' id='word_1_302' title='bbox 946 2883 974 2941; x_wconf 85' lang='grc'><strong>8.</strong></span> <span class='ocrx_word' id='word_1_303' title='bbox 990 2884 1019 2956; x_wconf 74' lang='lat' dir='ltr'><strong>S.</strong></span> <span class='ocrx_word' id='word_1_304' title='bbox 1038 2883 1086 2940; x_wconf 91' lang='grc'><strong>16.</strong></span> 
     </span>
    </p>

    <p class='ocr_par' dir='ltr' id='par_1_10' title="bbox 191 2960 1088 3042">
     <span class='ocr_line' id='line_1_33' title="bbox 191 2960 1088 3042; baseline -0.002 -18"><span class='ocrx_word' id='word_1_305' title='bbox 191 2961 220 3026; x_wconf 86' lang='grc'><strong>6.</strong></span> <span class='ocrx_word' id='word_1_306' title='bbox 242 2967 272 3028; x_wconf 85' lang='lat' dir='ltr'><strong>G.</strong></span> <span class='ocrx_word' id='word_1_307' title='bbox 294 2960 415 3024; x_wconf 77' lang='lat' dir='ltr'><strong>Aelius⁶:</strong></span> <span class='ocrx_word' id='word_1_308' title='bbox 441 2967 577 3042; x_wconf 75' lang='lat' dir='ltr'><strong>‘lmpubos</strong></span> <span class='ocrx_word' id='word_1_309' title='bbox 598 2967 726 3041; x_wconf 89' lang='lat' dir='ltr'><strong>libripens</strong></span> <span class='ocrx_word' id='word_1_310' title='bbox 748 2983 878 3024; x_wconf 90' lang='lat' dir='ltr'><strong>essenon</strong></span> <span class='ocrx_word' id='word_1_311' title='bbox 893 2973 985 3040; x_wconf 87' lang='lat' dir='ltr'><strong>potest</strong></span> <span class='ocrx_word' id='word_1_312' title='bbox 1000 2982 1088 3040; x_wconf 91' lang='lat' dir='ltr'><strong>neque</strong></span> 
     </span>
    </p>
   </div>
   <div class='ocr_carea' id='block_1_4' title="bbox 121 3136 1089 3631">
    <p class='ocr_par' dir='ltr' id='par_1_11' title="bbox 121 3136 1089 3631">
     <span class='ocr_line' id='line_1_34' title="bbox 202 3136 1089 3206; baseline 0 -16"><span class='ocrx_word' id='word_1_313' title='bbox 202 3136 223 3206; x_wconf 86' lang='lat'><strong>²)</strong></span> <span class='ocrx_word' id='word_1_314' title='bbox 237 3139 342 3204; x_wconf 78' lang='lat' dir='ltr'><strong>Scripsi</strong></span> <span class='ocrx_word' id='word_1_315' title='bbox 345 3157 355 3198; x_wconf 87' lang='lat'><strong>,·</strong></span> <span class='ocrx_word' id='word_1_316' title='bbox 370 3147 394 3190; x_wconf 85' lang='lat' dir='ltr'><strong>et</strong></span> <span class='ocrx_word' id='word_1_317' title='bbox 407 3141 591 3191; x_wconf 86' lang='lat' dir='ltr'><strong>cnmiocderatis</strong></span> <span class='ocrx_word' id='word_1_318' title='bbox 603 3139 646 3190; x_wconf 80' lang='lat' dir='ltr'><strong>Cd.</strong></span> <span class='ocrx_word' id='word_1_319' title='bbox 658 3148 682 3190; x_wconf 89' lang='lat' dir='ltr'><strong>et</strong></span> <span class='ocrx_word' id='word_1_320' title='bbox 690 3155 738 3190; x_wconf 92' lang='lat' dir='ltr'><strong>non</strong></span> <span class='ocrx_word' id='word_1_321' title='bbox 747 3141 876 3190; x_wconf 79' lang='lat' dir='ltr'><strong>foederatis</strong></span> <span class='ocrx_word' id='word_1_322' title='bbox 890 3143 923 3204; x_wconf 73' lang='lat' dir='ltr'><strong>qi.</strong></span> <span class='ocrx_word' id='word_1_323' title='bbox 933 3140 965 3190; x_wconf 83' lang='grc' dir='ltr'><strong>Ε.</strong></span> <span class='ocrx_word' id='word_1_324' title='bbox 978 3140 1006 3190; x_wconf 86' lang='lat' dir='ltr'><strong>F.</strong></span> <span class='ocrx_word' id='word_1_325' title='bbox 1016 3140 1089 3190; x_wconf 82' lang='lat' dir='ltr'><strong>Hace</strong></span> 
     </span>
     <span class='ocr_line' id='line_1_35' title="bbox 128 3209 1089 3276; baseline -0.002 -14"><span class='ocrx_word' id='word_1_326' title='bbox 128 3209 168 3262; x_wconf 84' lang='lat' dir='ltr'><strong>‘d.</strong></span> <span class='ocrx_word' id='word_1_327' title='bbox 183 3213 227 3262; x_wconf 81' lang='lat' dir='ltr'><strong>ius</strong></span> <span class='ocrx_word' id='word_1_328' title='bbox 237 3209 362 3276; x_wconf 66' lang='lat' dir='ltr'><strong>position!</strong></span> <span class='ocrx_word' id='word_1_329' title='bbox 375 3227 403 3274; x_wconf 79' lang='lat' dir='ltr'><strong>p.</strong></span> <span class='ocrx_word' id='word_1_330' title='bbox 414 3223 448 3264; x_wconf 84' lang='lat' dir='ltr'><strong>ta.</strong></span> <span class='ocrx_word' id='word_1_331' title='bbox 470 3211 508 3275; x_wconf 80' lang='lat' dir='ltr'><strong>Of.</strong></span> <span class='ocrx_word' id='word_1_332' title='bbox 523 3211 556 3260; x_wconf 72' lang='lat' dir='ltr'><strong>J..</strong></span> <span class='ocrx_word' id='word_1_333' title='bbox 570 3221 591 3263; x_wconf 87' lang='lat'><strong>5.</strong></span> <span class='ocrx_word' id='word_1_334' title='bbox 607 3213 629 3274; x_wconf 68' lang='grc' dir='ltr'><strong>ξ.</strong></span> <span class='ocrx_word' id='word_1_335' title='bbox 641 3224 661 3262; x_wconf 77' lang='lat' dir='ltr'><strong>t.</strong></span> <span class='ocrx_word' id='word_1_336' title='bbox 676 3212 790 3275; x_wconf 73' lang='lat' dir='ltr'><strong>Ltpr.</strong></span> <span class='ocrx_word' id='word_1_337' title='bbox 805 3213 828 3273; x_wconf 65' lang='grc' dir='ltr'><strong>ξ.</strong></span> <span class='ocrx_word' id='word_1_338' title='bbox 845 3223 864 3261; x_wconf 91' lang='lat'><strong>1.</strong></span> <span class='ocrx_word' id='word_1_339' title='bbox 875 3211 907 3260; x_wconf 86' lang='lat' dir='ltr'><strong>L.</strong></span> <span class='ocrx_word' id='word_1_340' title='bbox 923 3223 1002 3274; x_wconf 80' lang='lat' dir='ltr'><strong>repr.</strong></span> <span class='ocrx_word' id='word_1_341' title='bbox 1013 3212 1046 3261; x_wconf 85' lang='lat' dir='ltr'><strong>D.</strong></span> <span class='ocrx_word' id='word_1_342' title='bbox 1057 3213 1089 3260; x_wconf 86' lang='lat' dir='ltr'><strong>de</strong></span> 
     </span>
     <span class='ocr_line' id='line_1_36' title="bbox 126 3279 1088 3349; baseline -0.003 -16"><span class='ocrx_word' id='word_1_343' title='bbox 126 3290 196 3346; x_wconf 85' lang='lat' dir='ltr'><strong>capt.</strong></span> <span class='ocrx_word' id='word_1_344' title='bbox 208 3288 234 3332; x_wconf 87' lang='lat' dir='ltr'><strong>et</strong></span> <span class='ocrx_word' id='word_1_345' title='bbox 242 3284 354 3346; x_wconf 82' lang='lat' dir='ltr'><strong>postlim.</strong></span> <span class='ocrx_word' id='word_1_346' title='bbox 370 3281 415 3348; x_wconf 82' lang='lat'><strong>(49,</strong></span> <span class='ocrx_word' id='word_1_347' title='bbox 431 3279 476 3348; x_wconf 78' lang='lat'><strong>15).</strong></span> <span class='ocrx_word' id='word_1_348' title='bbox 507 3279 528 3349; x_wconf 77' lang='lat'><strong>²)</strong></span> <span class='ocrx_word' id='word_1_349' title='bbox 542 3283 654 3346; x_wconf 82' lang='lat' dir='ltr'><strong>opinione</strong></span> <span class='ocrx_word' id='word_1_350' title='bbox 670 3282 714 3332; x_wconf 83' lang='lat' dir='ltr'><strong>Od.</strong></span> <span class='ocrx_word' id='word_1_351' title='bbox 731 3283 866 3332; x_wconf 83' lang='lat' dir='ltr'><strong>Fortasse:</strong></span> <span class='ocrx_word' id='word_1_352' title='bbox 880 3283 906 3330; x_wconf 84' lang='lat' dir='ltr'><strong>ci</strong></span> <span class='ocrx_word' id='word_1_353' title='bbox 918 3283 1016 3347; x_wconf 84' lang='lat' dir='ltr'><strong>(cilicio,</strong></span> <span class='ocrx_word' id='word_1_354' title='bbox 1031 3280 1088 3346; x_wconf 90' lang='lat' dir='ltr'><strong>lide)</strong></span> 
     </span>
     <span class='ocr_line' id='line_1_37' title="bbox 125 3349 1087 3420; baseline -0.004 -16"><span class='ocrx_word' id='word_1_355' title='bbox 125 3355 233 3404; x_wconf 89' lang='lat' dir='ltr'><strong>dicione.</strong></span> <span class='ocrx_word' id='word_1_356' title='bbox 253 3349 372 3420; x_wconf 82' lang='lat' dir='ltr'><strong>[ditione,</strong></span> <span class='ocrx_word' id='word_1_357' title='bbox 383 3353 513 3403; x_wconf 83' lang='lat' dir='ltr'><strong>arbitratu</strong></span> <span class='ocrx_word' id='word_1_358' title='bbox 523 3355 638 3402; x_wconf 82' lang='lat' dir='ltr'><strong>amicitia</strong></span> <span class='ocrx_word' id='word_1_359' title='bbox 648 3349 810 3420; x_wconf 83' lang='lat' dir='ltr'><strong>b]ospieioue</strong></span> <span class='ocrx_word' id='word_1_360' title='bbox 819 3360 901 3402; x_wconf 85' lang='lat' dir='ltr'><strong>nostro</strong></span> <span class='ocrx_word' id='word_1_361' title='bbox 912 3355 944 3416; x_wconf 72' lang='lat' dir='ltr'><strong>oi.</strong></span> <span class='ocrx_word' id='word_1_362' title='bbox 955 3352 1027 3400; x_wconf 76' lang='lat' dir='ltr'><strong>Hace</strong></span> <span class='ocrx_word' id='word_1_363' title='bbox 1038 3353 1054 3400; x_wconf 90' lang='lat' dir='ltr'><strong>l.</strong></span> <span class='ocrx_word' id='word_1_364' title='bbox 1065 3367 1087 3401; x_wconf 89' lang='lat' dir='ltr'><strong>o.</strong></span> 
     </span>
     <span class='ocr_line' id='line_1_38' title="bbox 121 3419 1088 3489; baseline -0.007 -13"><span class='ocrx_word' id='word_1_365' title='bbox 121 3441 150 3489; x_wconf 80' lang='lat' dir='ltr'><strong>p.</strong></span> <span class='ocrx_word' id='word_1_366' title='bbox 165 3435 204 3477; x_wconf 82' lang='lat'><strong>40.</strong></span> <span class='ocrx_word' id='word_1_367' title='bbox 234 3419 254 3485; x_wconf 70' lang='grc'><strong>8)</strong></span> <span class='ocrx_word' id='word_1_368' title='bbox 270 3423 337 3475; x_wconf 87' lang='lat' dir='ltr'><strong>Nolo</strong></span> <span class='ocrx_word' id='word_1_369' title='bbox 351 3423 394 3474; x_wconf 84' lang='lat' dir='ltr'><strong>bic</strong></span> <span class='ocrx_word' id='word_1_370' title='bbox 408 3431 434 3474; x_wconf 87' lang='lat' dir='ltr'><strong>et</strong></span> <span class='ocrx_word' id='word_1_371' title='bbox 447 3425 521 3485; x_wconf 79' lang='lat' dir='ltr'><strong>infra</strong></span> <span class='ocrx_word' id='word_1_372' title='bbox 534 3431 633 3474; x_wconf 85' lang='lat' dir='ltr'><strong>mutare</strong></span> <span class='ocrx_word' id='word_1_373' title='bbox 649 3423 693 3473; x_wconf 74' lang='lat' dir='ltr'><strong>tid.</strong></span> <span class='ocrx_word' id='word_1_374' title='bbox 707 3425 880 3488; x_wconf 77' lang='lat' dir='ltr'><strong>scripturam:</strong></span> <span class='ocrx_word' id='word_1_375' title='bbox 890 3423 1088 3486; x_wconf 76' lang='lat' dir='ltr'><strong>posteapeneti-</strong></span> 
     </span>
     <span class='ocr_line' id='line_1_39' title="bbox 123 3491 1088 3560; baseline -0.005 -15"><span class='ocrx_word' id='word_1_376' title='bbox 123 3511 184 3545; x_wconf 81' lang='lat' dir='ltr'><strong>oum</strong></span> <span class='ocrx_word' id='word_1_377' title='bbox 198 3495 369 3559; x_wconf 80' lang='lat' dir='ltr'><strong>usurpabant.</strong></span> <span class='ocrx_word' id='word_1_378' title='bbox 398 3491 421 3560; x_wconf 81' lang='lat'><strong>⁴)</strong></span> <span class='ocrx_word' id='word_1_379' title='bbox 435 3493 566 3558; x_wconf 85' lang='lat' dir='ltr'><strong>Suppleoi.</strong></span> <span class='ocrx_word' id='word_1_380' title='bbox 596 3492 744 3559; x_wconf 76' lang='lat' dir='ltr'><strong>⁶)Seripsi,·</strong></span> <span class='ocrx_word' id='word_1_381' title='bbox 757 3501 820 3544; x_wconf 85' lang='lat' dir='ltr'><strong>tecta</strong></span> <span class='ocrx_word' id='word_1_382' title='bbox 834 3491 1088 3557; x_wconf 81' lang='lat' dir='ltr'><strong>quaeGdd.teotaque</strong></span> 
     </span>
     <span class='ocr_line' id='line_1_40' title="bbox 124 3560 1088 3631; baseline -0.006 -13"><span class='ocrx_word' id='word_1_383' title='bbox 124 3567 167 3618; x_wconf 82' lang='lat' dir='ltr'><strong>ed.</strong></span> <span class='ocrx_word' id='word_1_384' title='bbox 175 3566 267 3616; x_wconf 78' lang='lat' dir='ltr'><strong>Hertz.</strong></span> <span class='ocrx_word' id='word_1_385' title='bbox 297 3560 979 3631; x_wconf 73' lang='lat' dir='ltr'><strong>⁶)Dobitonunc,numrecteticintettepaturAetius</strong></span> <span class='ocrx_word' id='word_1_386' title='bbox 991 3560 1088 3622; x_wconf 76' lang='lat' dir='ltr'><strong>Gallus,</strong></span> 
     </span>
    </p>
   </div>
   <div class='ocr_carea' id='block_1_5' title="bbox 0 0 1345 4112">
    <p class='ocr_par' dir='ltr' id='par_1_12' title="bbox 0 0 1345 4112">
     <span class='ocr_line' id='line_1_41' title="bbox 0 0 1345 4112; baseline 0 0"><span class='ocrx_word' id='word_1_387' title='bbox 0 0 1345 4112; x_wconf 95' lang='lat' dir='ltr'><strong> </strong></span> 
     </span>
    </p>
   </div>
  </div>
 </body>
</html>
