2680 4112
419 213 531 250 omres
549 213 664 250 succus
682 213 839 253 uomiturus.
1046 209 1107 268 109

209 335 239 396 6.
264 338 316 395 Sed
338 345 366 396 et
385 339 451 395 deos
473 342 658 397 conserenteis
678 341 735 414 pari
757 357 831 398 more
851 358 882 398 ac
896 342 1108 400 dissimulatione

144 434 293 495 taceamus,
309 439 378 496 quos
395 439 455 480 cum
471 425 568 480 ceteris
583 423 676 480 scribit
691 423 710 478 F
712 421 843 480 laecasin
856 425 966 482 humani
981 428 1058 500 penis
1073 429 1108 482 si·

144 506 326 564 militudinem
346 522 442 563 uersos
466 507 588 563 obruisse
608 524 637 564 se
658 509 755 578 cineri,
782 511 827 582 qui
846 509 896 565 sub
917 509 999 566 ollula
1020 511 1109 566 luerat

145 591 234 647 lactus
256 598 397 647 extorum:
422 607 500 664 quem
520 607 581 647 cum
596 591 725 664 'lanaquil
746 592 896 649 dimoueret
911 593 1033 650 Etruriae
1054 595 1107 650 dis·

145 674 309 748 ciplinarum
329 675 425 748 perita,
448 677 597 732 surrexisse
617 693 647 731 se
663 675 729 731 deos
745 685 772 732 et
787 677 878 732 neruis
895 677 1055 736 obduruisse
1069 678 1108 734 di·

146 759 227 814 uiuis.
259 756 452 814 corniculanae
473 757 534 814 inde
549 760 723 833 imperauisse
740 761 872 832 captiuae,
888 769 918 816 ut
932 761 1107 836 intelligeret,

146 843 193 916 qui
208 841 259 898 sibi
274 834 338 897 res¹
354 841 470 898 uellent:
494 841 622 899 Ocrisiarn
637 843 869 916 prudentissimam
884 844 1028 902 foeminam
1040 847 1107 901 diui·

145 943 197 983 nos
214 926 361 982 inseruisse
377 926 504 1000 genitali:
520 927 680 1000 explicuisse
696 937 784 982 motus
798 936 897 985 certos.
928 929 1002 984 ‘lunc
1016 937 1107 986 sancta

98 1018 173 1069 [uret
192 1010 328 1066 feruentia
349 1011 458 1066 numina
480 1011 534 1066 uirn
555 1012 692 1066 uomuisse
713 1009 807 1068 Lucilii
827 1027 857 1066 ac
876 1027 968 1084 regem
984 1009 1107 1068 Seruium

145 1101 238 1151 natum
253 1109 315 1149 esse
330 1092 489 1154 Romanum.
505 1124 546 1134 -
562 1093 662 1150 druob.
679 1091 708 1163 5,
726 1094 774 1152 18.

209 1206 237 1268 7.
261 1209 376 1266 Granius
400 1210 508 1283 quidem
527 1212 564 1267 ait
587 1206 634 1284 (so.
648 1212 715 1266 ricas
731 1219 759 1267 et
773 1207 882 1286 rieulas)
905 1225 964 1266 esse
980 1209 1108 1268 muliebre

145 1294 287 1368 cingulum
302 1294 407 1368 capitis,
425 1310 479 1367 quo
495 1309 544 1368 pro
561 1296 629 1350 uitta
643 1293 787 1352 Flaminica
801 1295 966 1354 redimiatur.
979 1323 1020 1336 -
1034 1295 1107 1352 rest

148 1397 177 1434 v.
189 1379 270 1434 llloae
283 1396 309 1452 p.
324 1377 396 1435 277.

215 1493 244 1551 8.
269 1492 298 1571 (l)
320 1487 461 1552 ’itacens2
475 1493 577 1566 scribit,
594 1493 704 1550 Numam
714 1494 885 1570 Pompilium,
896 1511 957 1552 cum
969 1513 1045 1554 sacra
1056 1495 1107 1553 lio·

147 1581 233 1636 inanis
256 1579 393 1649 conderet,
417 1586 483 1635 uoto
505 1579 672 1652 impetrasse,
695 1588 725 1634 ut
747 1596 839 1636 omncs
861 1581 897 1636 dii
920 1579 1015 1636 lalsum
1036 1583 1107 1636 iura·

147 1671 269 1721 mentum
286 1663 520 1720 uindicarent-
537 1662 651 1718 Gramm.
669 1663 719 1719 inc.
737 1663 820 1738 gloss.
836 1663 869 1720 ad
885 1665 950 1722 Aen.
970 1664 1019 1740 12,
1036 1663 1106 1721 234.

145 1764 178 1802 ex
194 1748 286 1804 Barth.
303 1747 408 1804 advers.
425 1745 474 1817 33,
491 1745 542 1803 13.

446 1963 489 2020 lie
513 1966 592 2020 iure
618 1964 810 2037 Papiriano.

211 2095 243 2156 9.
265 2098 296 2156 ln
317 2097 459 2172 Papiriano
488 2101 558 2155 enim
581 2099 640 2156 iure
662 2098 802 2155 euidenter
824 2097 938 2154 relatum
961 2105 1020 2170 est,
1049 2114 1109 2156 arae

146 2186 236 2240 uicem
252 2190 388 2257 praestare
404 2198 484 2256 posse
499 2199 616 2240 mensam
628 2182 756 2240 dicatam:
779 2179 1109 2256 ‘Uttntemp10’,tnqun‚

145 2267 272 2323 ‘lunonis
287 2266 453 2340 Populoniae
473 2275 587 2340 augusta
610 2283 700 2323 mensa
721 2275 773 2323 est.
802 2282 916 2340 namque
931 2268 959 2322 in
974 2265 1041 2322 lanis
1058 2266 1109 2324 alia

147 2367 278 2408 uasorum
293 2359 357 2406 sunt
372 2359 400 2406 et
414 2367 505 2407 sacrae
520 2350 707 2424 supellectilis,
720 2351 771 2406 alia
786 2359 1014 2409 ornamentorum.
1041 2367 1109 2424 quae

149 2451 279 2492 uasorum
294 2443 369 2506 sunt,
383 2435 556 2490 instrumenti
570 2435 654 2490 instar
666 2433 773 2510 habent,
791 2433 888 2508 quibus
903 2433 1033 2491 sacrificia
1045 2452 1109 2492 eon·

149 2516 286 2576 ficiuntur.
317 2534 431 2592 quarum
451 2533 541 2574 rerum
563 2519 710 2591 principem
731 2518 821 2575 locum
837 2517 941 2574 obtinet
956 2535 1058 2591 mensa,
1080 2521 1109 2574 in

149 2619 205 2677 qua
219 2603 313 2676 epulae
327 2602 524 2674 libationesque
538 2610 566 2658 et
580 2603 664 2675 stipes
674 2612 853 2676 reponuntur.
876 2609 1030 2658 ornamenta
1044 2619 1108 2658 uero

147 2695 216 2742 sunt
230 2687 329 2760 clypei,
350 2702 466 2743 coronae
482 2695 509 2742 et
525 2685 709 2742 huiuscemodi
724 2686 842 2746 donaria.
873 2703 960 2759 neque
975 2681 1046 2742 enirn
1061 2685 1109 2742 do·

148 2772 227 2826 naria
246 2769 406 2828 dedicantur
425 2785 459 2826 eo
474 2778 607 2844 tempore,
628 2786 683 2843 quo
699 2769 807 2826 delubra
823 2779 978 2839 sacrantur3
1000 2777 1027 2826 at
1043 2785 1109 2826 uero

146 2870 242 2910 mensa
264 2853 408 2928 arulaeque
424 2853 517 2910 eodem
533 2853 586 2926 die,
609 2871 663 2927 quo
679 2854 757 2910 aedes
773 2856 856 2928 ipsae,
878 2853 993 2910 dedicari
1008 2854 1107 2910 solent.

147 2937 221 2994 unde
238 2953 328 2994 mensa
343 2939 395 2994 hoc
410 2939 464 3002 ritu
480 2937 599 2994 dedicata
621 2939 647 2993 in
669 2937 770 3011 templo
786 2954 847 2993 arae
863 2954 940 2994 usum
957 2947 984 2994 et
999 2937 1108 3012 religio-

145 3038 212 3078 nem
229 3021 334 3078 obtinet
348 3022 522 3096 puluinaris'.
538 3052 579 3062 -
595 3019 709 3080 llacrob.
724 3022 780 3080 Sat.
797 3021 826 3092 3,
844 3021 892 3078 11.
910 3019 937 3095 S.
955 3021 981 3079 5.

224 3251 243 3318 ¹)
262 3254 372 3305 Videtur
386 3254 519 3318 tegendam
529 3253 585 3318 quid
595 3254 641 3302 sibl
651 3254 694 3302 rei.
715 3249 738 3318 ²)
748 3253 819 3302 Elaus
833 3253 891 3304 edd.
901 3255 1021 3304 correxit
1028 3253 1109 3308 Iusti:

144 3325 196 3376 sed
208 3331 234 3374 ei
247 3326 284 3374 ita
297 3327 424 3374 incertum
437 3332 483 3388 eet,
497 3339 532 3374 on
548 3323 662 3374 Granius
674 3325 724 3375 doc
738 3325 765 3373 in
780 3325 982 3389 indigitamentis
1000 3323 1108 3372 dicerit.

150 3395 276 3445 Verrium
294 3395 426 3454 diaconam,
441 3396 534 3460 dequo
554 3395 699 3446 Dirlesenus
713 3395 844 3460 cogitauit,
859 3397 936 3444 nolim
956 3394 1108 3456 intelligere.

145 3465 187 3515 De
201 3466 251 3529 bis,
260 3481 325 3532 quae
339 3481 375 3516 ea·
384 3467 441 3516 eiua
454 3468 560 3530 scriptis
573 3472 720 3529 supersunt,
735 3466 770 3529 ef.
786 3465 883 3515 Miller
892 3463 928 3512 ad
938 3461 1004 3511 Feei.
1017 3461 1108 3526 Proes.

141 3552 173 3601 p.
189 3537 241 3586 lllll
254 3553 306 3603 aeq.
