2694 4110
270 184 333 250 850
416 202 473 239 ver.
490 181 954 238 cvrvso.1snac.consvnnan1o.VI.
970 187 1083 237 15—18.

315 332 366 400 tis,
395 329 469 402 quod
492 329 665 386 ’intentionis
688 322 814 386 uestrae¹
837 331 960 403 proprias
983 329 1077 386 aiierre
1106 329 1229 388 debeatis

313 412 496 486 probationes,
517 429 572 470 non
588 412 730 468 aduersum
750 429 780 468 se
795 411 826 468 ab
843 413 1002 470 aduersariis
1024 408 1144 470 adduci.2
1174 415 1229 477 PP.

313 496 365 553 kal.
381 495 440 552 itan
455 498 508 553 dd.
525 504 553 552 et
568 494 615 551 CC.
634 489 720 553 coss³

356 576 399 638 lb.
422 578 494 636 idem
510 577 603 636 eodem
619 595 734 653 corpore
750 579 822 636 titul.
838 579 885 636 ubi
900 581 944 654 agi
960 579 1070 636 debeat:

312 662 553 738 Imppdiiocietian.
567 673 594 718 et
607 663 752 724 Maximian.
766 662 977 724 adilauianae.
1005 664 1096 720 Inter
1110 674 1228 722 cetera
1307 700 1309 710 ·

314 746 399 804 etad
415 746 539 803 locum:
561 745 741 820 Quaecunque
756 746 788 802 ad
806 757 831 803 te
846 749 1007 822 pertinentia
1023 747 1137 804 detineri
1160 749 1228 806 dicis

313 830 345 887 ab
356 831 408 902 his,
421 847 536 904 quorum
549 831 701 894 meministi,
716 829 758 886 uel
770 831 928 904 probaueris
941 830 988 888 tibi
1001 830 1101 902 deberi,
1117 849 1227 906 praeses

313 916 469 989 prouinciae
480 915 587 970 restitui
597 913 761 988 prouidebit.
779 913 1119 974 rotundomonte.
1138 911 1228 974 coss.⁴

356 992 401 1056 16.
426 997 496 1054 Idem
512 997 607 1054 eodem
623 1014 737 1071 corpore
753 999 795 1056 tit.
811 997 843 1054 de
858 999 994 1054 instrum:

313 1082 397 1156 lmpp.
415 1081 571 1139 Diocletian.
589 1089 616 1138 et
631 1081 779 1138 Maximiani.
803 1082 858 1139 Ab.
869 1081 935 1138 lulio
947 1081 1097 1142 Pancratio.
1132 1083 1229 1141 luter

314 1174 429 1222 cetera
453 1173 485 1222 et
507 1165 546 1221 ad
568 1165 696 1222 locum:
719 1164 829 1220 Omissis
850 1166 940 1238 itaque
960 1165 1113 1224 istiusmodi
1132 1170 1226 1238 moris,

314 1251 336 1306 si
352 1250 530 1306 intentionem
541 1265 616 1304 suam
627 1250 737 1322 incipiat
751 1249 921 1306 aduersarius
934 1257 995 1305 tuus
1012 1249 1136 1326 impiere,
1149 1267 1225 1324 prae·

314 1331 506 1406 scriptionibus
522 1333 652 1406 temporis
669 1332 711 1388 uel
728 1332 838 1388 alterius
849 1330 912 1408 (rei)
930 1341 957 1388 et
972 1341 1002 1388 tu
1017 1350 1125 1390 causam
1140 1337 1241 1408 magis·

313 1421 387 1472 tuam
402 1415 526 1488 deiende,
542 1415 642 1472 babens
663 1417 834 1474 securitatem
850 1417 989 1487 uictoriae,
1005 1418 1028 1472 si
1045 1418 1118 1490 quod
1138 1419 1227 1474 inten-

313 1500 352 1555 dit
367 1498 536 1556 aduersarius
553 1509 627 1570 tuus,
642 1499 845 1572 probationibus
860 1500 972 1573 implere
987 1517 1043 1556 non
1059 1503 1156 1574 possit.
1173 1501 1227 1557 PP.

313 1583 363 1638 ltu.
379 1581 533 1638 Diocletian.
550 1584 579 1652 Α.
594 1583 623 1639 V.
640 1592 669 1638 et
683 1583 830 1640 Maximino.
846 1585 878 1641 Α.
896 1576 977 1661 (IV.)
992 1579 1079 1645 coss.⁵

354 1661 396 1724 1⁷.
420 1667 486 1722 item
501 1667 585 1742 leges,
609 1666 681 1740 quod
695 1668 839 1740 scriptura,
861 1683 928 1739 quae
951 1667 1050 1723 nullam
1070 1667 1103 1724 de
1117 1667 1227 1741 iegibus

271 1750 367 1808 habeat
382 1749 545 1822 firmitatem,
558 1750 656 1806 firmari
674 1767 688 1806 a
703 1751 824 1824 principe
835 1767 890 1808 uon
902 1749 990 1822 debet,
1004 1750 1095 1806 eodem
1107 1766 1227 1823 corpore

272 1838 314 1894 tit.
330 1836 363 1892 de
378 1841 550 1891 testament.:

313 1919 396 1992 lmpp.
427 1917 583 1974 Diocletiau.
608 1928 635 1974 et
663 1917 811 1974 Maximian.
840 1917 894 1973 Ad.
929 1917 1037 1974 Aurelio
1059 1915 1225 1989 Secundino,

315 2002 432 2076 Optioni.
455 2001 774 2058 interceteraetad
790 2001 916 2057 iocum:
939 2000 1228 2075 Scriptura,quaenec

313 2087 381 2156 iure,
397 2102 447 2141 nec
463 2085 568 2158 iegibus
584 2086 718 2154 consistit,
731 2100 781 2140 nec
801 2084 904 2140 anobis
920 2084 989 2142 hanc
999 2083 1149 2141 confirmari
1161 2101 1228 2140 con-

314 2171 404 2233 uenit;
427 2170 526 2242 quippe
548 2185 608 2226 oum
630 2166 770 2224 'beneficia
794 2163 867 2241 (nisi)
897 2161 982 2226 citra⁶
1004 2169 1161 2241 cuiusquam
1185 2170 1227 2223 in-

314 2255 409 2308 iuriam
432 2251 586 2326 petentibus
608 2251 754 2308 decernere
780 2252 888 2308 minime
915 2251 1060 2313 soleamus.
1104 2251 1153 2308 PP.
1169 2251 1226 2308 vit.

314 2336 366 2392 kal.
383 2335 453 2392 Nou.
470 2335 664 2409 Martiaoopoii,
683 2333 729 2391 CC.
746 2327 831 2392 coss.⁷

356 2417 399 2477 18.
423 2420 489 2474 item
504 2419 590 2494 leges,
606 2419 722 2492 qualiter
738 2419 810 2492 quod
827 2411 951 2476 'auotor⁸
966 2418 1067 2490 babuit,
1094 2419 1146 2475 hoc
1167 2420 1227 2475 eius

272 2502 364 2559 heredi
387 2504 474 2574 possit
495 2511 666 2576 competere,
695 2519 727 2558 ex
750 2519 864 2576 corpore
893 2500 1101 2577 Hermogeniani
1125 2503 1167 2562 tit.
1192 2502 1294 2569 denam]

273 2584 501 2642 successionibus:

314 2670 399 2744 lmpp.
417 2667 573 2726 Diocletian.
590 2677 618 2726 et
632 2669 778 2726 Maximian.
794 2671 850 2726 Ad.
868 2669 977 2726 Aurelio
993 2669 1110 2726 Asterio.
1133 2669 1229 2725 Inter

315 2764 430 2812 cetera
453 2761 485 2810 et
500 2753 538 2810 ad
560 2753 687 2811 locum:
710 2753 737 2810 Si
753 2753 899 2810 secundum
914 2751 994 2810 edicti
1015 2753 1127 2808 formam
1143 2761 1229 2809 testa-

316 2847 435 2895 mentum
459 2837 628 2910 obsignatum
651 2839 756 2908 existit,
780 2836 866 2907 bona,
889 2853 967 2910 quae,
990 2853 1051 2892 cum
1073 2845 1230 2892 moreretur

315 2915 439 2978 'auctori
462 2929 540 2990 tuus,
564 2924 621 2978 cius
644 2921 765 2990 fuerunt,
787 2920 936 2976 solenniter
957 2929 1050 2994 petes,
1071 2928 1104 2975 et
1124 2918 1229 2993 reliq.

313 3004 364 3060 PP.
381 3003 424 3060 itt.
440 3003 491 3058 kal.
510 3005 594 3078 April.
610 3004 718 3076 Sirmio,
734 3002 782 3060 CC.
800 2997 885 3062 coss.⁷

342 3177 451 3250 1)Ε.’σΙ.
464 3181 489 3230 0.
500 3181 643 3230 intentiones
653 3189 746 3230 uestras
758 3180 821 3230 Par.
830 3192 863 3232 tt.
879 3181 1003 3229 intentioni
1013 3187 1108 3228 uestrae
1119 3178 1183 3228 Par.
1191 3192 1229 3232 86.

274 3250 293 3320 ἢ
309 3255 403 3304 Deessc
417 3253 533 3302 uidetur:
550 3253 671 3315 postulare
689 3255 729 3302 oet
743 3259 859 3315 oporteat.
934 3247 1024 3315 8Μαί
1038 3251 1082 3298 An.
1098 3257 1122 3298 ct
1135 3257 1182 3298 aut
1201 3257 1232 3298 ut

272 3325 378 3374 ento.
395 3331 418 3372 ct
433 3321 476 3372 CC.
492 3323 633 3372 delendum.
689 3318 710 3388 ⁴)
727 3333 887 3374 o.293-304.
944 3316 1066 3384 ⁶)o.aes.
1123 3315 1230 3384 ⁶)Sup-

270 3396 339 3456 pteot‘
355 3411 377 3442 v.
393 3394 447 3449 nisi.
463 3394 537 3442 cuius
552 3400 612 3442 nota
626 3393 732 3441 eccidit.
761 3392 862 3441 Haenel
876 3391 911 3439 od
924 3390 1013 3440 Herm.
1031 3391 1056 3440 0.
1067 3406 1095 3453 p.
1108 3402 1141 3440 ts.
1157 3405 1231 3453 susp.

271 3465 387 3512 beneficia
409 3464 480 3512 circa.
561 3460 581 3526 ⁷)
603 3477 626 3511 a.
649 3473 770 3514 aue-³02.
851 3459 872 3526 8)
894 3467 961 3510 actor
981 3461 1038 3509 edd.
1119 3455 1235 3524 &actor

272 3531 335 3580 Par.
351 3545 384 3584 at.
