2680 4112
617 235 640 272 0.
659 233 804 270 nmuntva
823 232 912 268 TESTA.

488 473 493 481 .
526 414 561 481 O.
583 411 830 478 TREBATIVS
854 409 994 476 TESTA

642 517 760 585 (eiusdem
775 517 878 583 aetatis).

578 624 946 700 Derellgionlbus.

344 745 369 804 1.
395 744 519 802 ‘Sacrum
535 743 599 814 est’,
621 751 652 799 ut
667 741 806 798 Trebatius
829 741 897 798 libro
913 742 1000 814 primo
1016 740 1050 796 de
1065 739 1243 814 religionibus

280 832 379 906 refert,
403 827 542 903 ‘quiequid
565 834 622 897 est,
652 827 725 900 quod
747 826 860 882 deorum
883 824 1016 883 habetur'.
1039 854 1079 865 -
1103 825 1244 880 Trebatius

281 915 422 990 profanum
445 912 472 968 id
494 913 604 986 proprie
626 910 678 966 diei
701 911 747 980 alt,
770 910 843 983 quod
866 926 897 966 er
917 908 1046 982 religioso
1062 908 1107 964 uel
1123 923 1201 963 sacro
1216 910 1243 964 in

280 1000 418 1054 bominum
441 1013 520 1053 arsum
542 995 792 1068 proprietatemque
814 1009 977 1049 conuersum
993 999 1044 1048 est.
1062 1020 1102 1031 -
1127 991 1244 1050 llaorob.

280 1083 334 1141 Sat.
350 1081 378 1152 3,
395 1081 424 1138 3.
442 1080 470 1151 S.
487 1079 517 1136 2.

343 1161 370 1222 2.
395 1163 536 1219 Trebatius
559 1163 587 1218 in
610 1160 679 1217 libro
695 1162 781 1234 primo
797 1160 960 1234 religionum
975 1161 1022 1229 ait,
1045 1159 1172 1214 uurrdinis
1189 1175 1244 1215 ma·

280 1252 423 1323 gistratum
446 1263 528 1321 posse
550 1246 738 1303 manumittere
753 1244 903 1318 iudiciaque
918 1243 1052 1300 addicere.
1072 1272 1107 1280 —
1125 1241 1244 1300 llaorob.

280 1333 336 1388 Sat.
356 1332 384 1403 1,
402 1330 449 1388 16.
467 1328 494 1399 S.
512 1329 561 1387 28.

344 1412 373 1472 3.
398 1413 464 1468 Cum
486 1413 556 1468 eninr
580 1411 721 1468 'lrebatius
742 1409 811 1467 libro
833 1411 921 1484 primo
944 1409 977 1466 de
1000 1409 1180 1484 religionibus
1195 1408 1245 1466 do·

281 1506 348 1568 oeat,
372 1497 521 1552 hostiarum
542 1511 642 1568 genera
658 1510 717 1550 esse
733 1487 816 1566 dno‚¹
833 1511 925 1565 unum,
941 1495 968 1548 in
984 1510 1039 1568 quo
1056 1493 1186 1549 uoluntas
1202 1493 1245 1550 dei

281 1597 330 1654 per
345 1587 405 1635 enta
421 1580 591 1651 disquiritur,
614 1578 739 1648 alterum,
755 1579 781 1632 in
797 1594 851 1650 quo
867 1577 927 1634 sola
942 1579 1027 1632 anima
1043 1577 1094 1633 deo
1110 1584 1244 1642 sacratur,

281 1664 352 1720 unde
368 1665 449 1718 etlam
465 1663 621 1735 haruspices
637 1661 764 1718 animales
781 1662 828 1716 has
843 1662 947 1717 hostias
964 1669 1073 1732 uooaut,
1096 1667 1246 1734 utrumque

281 1748 430 1804 hostiarum
446 1763 532 1820 genus
547 1747 575 1801 in
590 1747 707 1802 carmine
722 1762 772 1800 suo
785 1745 920 1819 Vergilius
936 1743 1064 1800 ostendit.
1081 1774 1115 1784 —
1128 1743 1297 1804 Macrones]

281 1831 336 1887 Sat.
353 1831 382 1902 3,
399 1829 428 1888 ὃ,
445 1830 474 1902 S.
493 1830 519 1886 1.

343 1912 373 1972 4.
397 1914 461 1970 Nam
484 1915 511 1969 in
534 1913 605 1970 libro
621 1913 655 1968 de
670 1911 848 1987 religionibus
865 1911 999 1969 secundo:
1022 1909 1161 1967 ‘sacellum
1177 1909 1247 1983 est'‚

280 2001 379 2072 inquit,
404 1998 492 2054 ‘locus
515 2014 615 2072 paruus
638 1996 690 2053 deo
713 2003 833 2052 sacratus
856 2011 917 2051 oum
940 1994 1007 2052 ara'.
1051 1994 1150 2051 Deinde
1173 1994 1248 2050 addit

282 2083 364 2139 uerba
381 2083 464 2139 baso:
488 2080 633 2137 ‘Sacellum
649 2096 682 2135 en
698 2079 803 2135 duobus
818 2078 908 2136 uerbis
924 2078 1040 2135 arbitror
1052 2079 1248 2152 compositum,

281 2168 350 2224 sacri
365 2175 393 2222 et
408 2164 502 2234 cellae,
518 2167 593 2237 quasi
608 2180 683 2219 sacra
699 2162 788 2219 oella'.
804 2191 844 2203 -
861 2162 929 2219 Gell.
947 2162 965 2219 ‘l
981 2161 1033 2236 (6),
1051 2162 1100 2218 12.
1118 2162 1145 2232 S.
1163 2159 1192 2218 5.

344 2246 373 2306 ὅ.
401 2248 613 2306 ...seeundum
630 2246 792 2316 Trebatium,
816 2247 862 2320 qui
877 2245 911 2302 de
925 2245 1104 2319 religionibus
1121 2245 1189 2301 libro
1205 2262 1248 2301 se·

282 2333 367 2405 ptimo
383 2332 433 2384 ait:
457 2325 534 2386 ‘Luci
558 2321 607 2408 (si)
630 2331 677 2401 qui
699 2338 763 2384 sunt
783 2331 810 2384 in
826 2331 907 2402 agris,
932 2331 977 2402 qui
992 2329 1138 2404 'quondam
1153 2323 1248 2386 bello²

283 2415 354 2486 eapti
376 2421 456 2482 sunt,
492 2413 541 2467 bos
564 2412 641 2468 lucos
664 2413 755 2468 eadem
779 2414 930 2470 ceremonia
952 2429 1083 2486 moreque
1105 2405 1249 2486 'coinqui3

281 2496 427 2569 haberique
443 2502 564 2568 oportet,
580 2502 610 2551 ut
625 2502 731 2551 eeteros
747 2496 834 2567 lucos,
851 2498 896 2568 qui
911 2499 938 2552 in
954 2498 1065 2569 antiquo
1078 2513 1145 2570 agro
1157 2495 1246 2552 sunt'.

286 2609 323 2619 -
337 2578 412 2634 Serv.
428 2578 461 2633 ad
476 2579 541 2634 Aen.
560 2579 609 2649 11,
625 2577 697 2634 316.

345 2659 374 2718 6.
398 2660 456 2716 lloo
471 2660 532 2717 loco
548 2678 603 2718 non
617 2662 732 2717 alienum
750 2663 856 2718 uidetur
871 2663 904 2718 de
918 2663 1072 2720 conditione
1087 2677 1183 2718 eorum
1196 2663 1249 2718 ho·

283 2745 384 2802 minum
400 2743 513 2816 referre,
537 2762 607 2818 quos
623 2745 698 2819 leges
714 2762 806 2802 saeros
822 2762 881 2804 esse
896 2749 977 2804 certis
993 2747 1042 2802 dlis
1057 2744 1165 2801 iubent:
1183 2747 1250 2818 quia

282 2844 338 2884 non
360 2829 469 2901 ignoro,
492 2827 650 2901 quibusdam
672 2831 766 2884 mirum
783 2829 878 2900 uideri,
901 2829 975 2903 quod
990 2847 1050 2886 cum
1065 2838 1156 2887 cetera
1172 2845 1251 2886 saera

285 2911 382 2967 uiolari
397 2910 472 2967 nelos
489 2913 537 2983 sit,
552 2913 688 2968 bominem
704 2929 809 2968 sacrum
824 2913 866 2968 lus
882 2913 967 2970 luerit
981 2913 1076 2970 occidi.
1112 2912 1195 2970 Cuius
1210 2915 1253 2969 rei

284 3011 365 3051 oausa
387 2996 453 3052 haeo
475 3004 526 3054 est.
554 2995 665 3052 Veteres
680 2995 783 3050 nullum
800 2997 895 3051 animal
912 3013 1017 3052 sacrum
1033 2998 1060 3052 in
1077 2995 1176 3052 linibus
1192 2999 1252 3052 suls

284 3095 344 3134 esse
359 3078 542 3152 patiebantur,
557 3079 605 3135 sed
617 3077 760 3151 abigebant
772 3076 881 3134 adfines
893 3081 1015 3150 deorum,
1031 3079 1130 3153 quibus
1143 3096 1253 3136 sacrum

284 3170 372 3218 esset:
394 3165 496 3218 animas
512 3179 578 3218 uero
594 3170 758 3217 sacratorum
774 3161 922 3233 bominum,
938 3180 1008 3236 quos
1024 3163 1118 3220 Graeci
1134 3155 1253 3233 ζωᾶνας

282 3254 393 3316 uocant,
415 3246 456 3301 dis
479 3245 582 3301 debitas
604 3243 788 3300 aestimabant.
822 3243 1051 3312 Quemadmodum
1073 3249 1162 3320 igitur
1177 3249 1254 3322 qnod

357 3407 377 3474 ¹)
393 3409 432 3472 Cf.
444 3407 603 3470 Marquardt
613 3404 683 3455 lirim.
695 3406 746 3454 Ata.
759 3405 794 3454 lV.
805 3423 834 3470 p.
849 3419 896 3459 aaa.
918 3408 1064 3459 Hartmaan
1081 3408 1153 3462 ordo
1168 3412 1252 3462 ludia.

278 3494 307 3543 p.
317 3488 351 3530 aa.
393 3475 547 3542 ¹)Soripsa's
561 3476 661 3525 coneilio
676 3474 739 3540 (pro
759 3477 845 3540 quand.
860 3477 930 3541 bello,
949 3477 1055 3546 opinor)
1074 3482 1132 3531 edd.
1163 3481 1253 3532 Antea

278 3555 340 3613 post
353 3548 412 3596 lu-oi
425 3547 542 3608 supplevi
555 3546 585 3595 sl.
623 3542 645 3611 ³)
659 3545 766 3609 conquiri
780 3547 837 3595 edd.
