2696 4120
268 221 333 290 368
596 239 656 276 ocu
671 239 763 275 minc.
781 221 828 276 IV.
848 227 891 278 61.

269 374 334 446 quin
349 372 372 427 st
388 371 448 444 quis
464 371 491 426 tn
508 368 632 440 formula,
648 385 717 443 quae
732 369 760 426 in
775 369 874 426 iactum
889 371 1039 443 composite
1054 379 1112 442 est,
1127 371 1220 445 piures

268 471 312 512 res
327 454 520 528 designauerit‚
537 470 616 526 quam
632 453 797 527 deposuerit,
811 454 885 510 litem
900 453 1005 528 perdat,
1016 456 1077 528 quia
1092 457 1119 511 in
1132 457 1219 512 inten-

197 540 257 593 616
269 541 342 596 tione
357 538 417 613 pius
432 537 580 612 'posutisse
594 531 735 594 uidetur.¹
765 568 865 576 —-

1167 653 1219 664 -ι-

874 737 1219 749 -ῳ-...η

791 786 834 848 61.
859 784 1130 864 ²Compensationes
1149 813 1218 868 quo·

268 894 323 953 que
338 881 486 950 oppositae
499 879 670 950 pierumque
685 875 826 947 efficiunt,
847 883 880 931 ut
898 880 992 933 minus
1012 881 1132 950 quisque
1152 896 1219 935 con·

267 969 416 1034 sequatur,
432 978 518 1034 quam
533 964 561 1017 ei
574 961 740 1018 debebatur.
770 959 806 1016 In
829 960 921 1016 bonae
934 963 1004 1032 fidei
1018 965 1090 1016 euim
1105 965 1219 1019 iudiciis

268 1063 332 1105 eum
349 1047 441 1103 libera
459 1051 592 1118 potestas
609 1046 739 1116 permitti
759 1045 893 1100 uideatur
913 1045 1002 1101 iudici
1022 1059 1061 1102 ex
1084 1062 1175 1119 aequo
1192 1054 1290 1114 etsist]

266 1169 478 1184 uun—n—

340 1219 360 1286 ¹)
375 1221 531 1271 Sententiam
552 1219 642 1271 disci.
658 1220 780 1284 perfecit.
808 1220 840 1269 In
855 1235 883 1284 p.
903 1232 950 1272 210.
970 1229 994 1270 et
1012 1234 1059 1272 211.
1076 1222 1135 1286 sere
1154 1224 1219 1273 nihii

268 1295 319 1358 leqi
329 1294 423 1356 patuit.
450 1291 518 1352 Quid
525 1293 642 1355 perierit,
652 1293 786 1341 aestimari
793 1297 878 1354 potest
887 1307 921 1340 eae
930 1307 968 1350 eo,
979 1293 1048 1355 quod
1057 1295 1106 1342 iam
1117 1295 1142 1342 in
1153 1293 1217 1344 lust.

268 1364 332 1413 Insi.
346 1365 463 1427 sequitur
482 1364 520 1412 tit.
539 1363 571 1411 de
590 1369 640 1412 act.
655 1358 686 1426 (4,
701 1360 733 1426 6).
753 1363 777 1422 5.
791 1373 825 1413 66.
847 1359 924 1411 ‘Sunt
938 1371 1077 1426 praeterea
1096 1365 1219 1428 quaedam

268 1436 394 1490 actiones,
418 1432 508 1498 quibus
528 1447 578 1482 non
598 1447 696 1495 semper
714 1433 836 1490 solidum,
859 1433 927 1496 quod
945 1432 1018 1484 nodis
1037 1434 1154 1493 debetur,
1173 1435 1220 1484 sed

268 1505 341 1554 niodo
359 1504 468 1553 solidum
487 1504 676 1566 consequimur,
698 1503 771 1552 modo
790 1504 879 1552 minus.
913 1503 944 1552 Ut
962 1519 1034 1562 ecce,
1054 1507 1079 1553 si
1097 1506 1123 1553 in
1139 1521 1218 1568 pecu·

269 1577 329 1624 tium
340 1575 392 1638 filii
405 1575 509 1622 seruiue
525 1587 644 1637 aqamus,·
659 1588 716 1621 nant
731 1574 755 1621 si
768 1586 819 1622 non
833 1575 917 1622 miuus
931 1575 957 1622 in
968 1576 1073 1640 peculio
1089 1577 1130 1634 sit,
1146 1591 1219 1639 quam

264 1646 457 1710 persequimur,
476 1645 503 1692 in
521 1644 630 1693 solidum
644 1649 723 1706 pater
741 1643 890 1692 dominusne
904 1645 1101 1701 condemnatum·
1119 1647 1144 1693 si
1157 1660 1220 1695 uero

268 1717 352 1766 miuus
366 1717 511 1772 inuenitur,
529 1713 653 1764 hactenus
666 1714 816 1764 condemnat
830 1715 922 1772 iudeo,
941 1721 1064 1778 quatenus
1078 1717 1104 1763 in
1115 1717 1219 1777 peculio

268 1788 316 1842 sit,
339 1785 544 1850 quemadmodum
567 1791 649 1834 autem
664 1785 794 1847 peculium
813 1786 924 1850 inteiiiqi
941 1783 1041 1842 debeat,
1061 1799 1107 1834 sua
1126 1786 1219 1834 ordine

265 1871 437 1920 proponemus
455 1854 501 1920 (ef.
519 1867 545 1914 4,
563 1866 597 1908 66
612 1854 699 1919 6666
702 1865 755 1906 66
774 1853 837 1904 Item
856 1857 879 1904 si
897 1855 928 1904 de
942 1855 999 1904 dote
1015 1854 1112 1904 iudicio
1126 1857 1219 1904 matter

268 1934 338 1992 aqut,
349 1929 445 1990 piacet,
455 1925 577 1974 hactenus
587 1917 704 1974 maritum
714 1924 880 1974 condemnari
889 1924 987 1983 debere,
998 1925 1220 1989 quatenussacere

265 2000 357 2061 possit
340 1998 402 2046 tid
414 2004 459 2056 est,
478 2004 602 2060 quatenus
614 1996 754 2059 facultates
773 1997 828 2044 eius
841 1997 986 2059 patiuntur.
1015 1997 1100 2060 itaque
1114 1997 1138 2044 si
1152 1996 1220 2047 dotis

270 2069 409 2132 quantitati
427 2073 586 2118 concurrant
601 2066 742 2128 facultates
764 2067 831 2124 eius,
854 2067 1008 2116 insolidum
1027 2066 1179 2124 damnatum
1196 2068 1221 2116 si

269 2141 364 2198 minus,
383 2140 533 2196 intantum,
553 2143 673 2200 quantum
689 2136 781 2198 facere
796 2143 887 2198 potest.
924 2137 1036 2200 Propter
1053 2138 1220 2187 retentionem

269 2225 368 2274 quoque
382 2210 450 2258 datis
464 2209 583 2271 repetitio
597 2208 735 2256 minuitur:
753 2221 810 2255 nam
829 2206 859 2256 ab
878 2208 1006 2270 impensas
1019 2208 1046 2256 in
1065 2222 1108 2257 res
1121 2209 1220 2258 dotales

267 2281 355 2344 saetas
376 2281 469 2328 niarito
489 2279 598 2328 retentio
619 2291 740 2326 concessa
760 2284 809 2334 est,
831 2279 892 2341 quia
915 2280 970 2340 ipso
989 2279 1047 2328 iare
1065 2280 1220 2328 necessariis

269 2349 408 2413 sumptibus
429 2349 476 2397 das
495 2349 631 2404 minuitur,
657 2349 726 2396 sicut
749 2362 784 2396 ece
804 2347 941 2397 latioribus
962 2347 1126 2413 Diqestorum
1146 2349 1220 2398 libris

237 2443 240 2449 ·
270 2433 425 2484 coqnoscere
440 2419 516 2467 liceat
530 2416 576 2481 (cf.
596 2417 651 2480 Uip.
665 2428 686 2468 6.
701 2423 726 2466 et
739 2416 828 2466 Baetis.
843 2417 879 2468 ad
894 2418 945 2468 Cia.
964 2417 1024 2482 Tap.
1039 2431 1074 2479 1⁷,
1088 2431 1122 2471 66.
1133 2435 1161 2483 p.
1172 2431 1218 2471 666.

273 2487 316 2538 Or.
336 2503 407 2552 quem
426 2503 490 2551 quae
508 2487 591 2536 tradit
607 2488 638 2536 de
657 2489 697 2536 rei
715 2489 826 2538 uxoriae
844 2491 945 2539 actione
964 2503 998 2538 ea
1015 2489 1064 2540 Inoa
1086 2489 1146 2539 Gaii
1164 2492 1219 2540 loca

270 2560 389 2608 sumsisse
403 2557 526 2607 credibile
541 2556 596 2622 est).
620 2558 644 2619 5.
658 2568 693 2608 66,
712 2556 764 2607 Sed
777 2565 802 2608 et
814 2560 838 2608 si
852 2561 910 2623 quis
923 2567 1100 2623 comparente
1113 2576 1219 2624 suopa-

271 2637 379 2680 tronoue
393 2635 462 2693 aqat,
477 2630 535 2676 item
548 2629 573 2677 si
585 2629 672 2678 sacius
685 2644 742 2678 cum
754 2631 826 2679 socio
836 2631 933 2680 iudicio
943 2632 1075 2680 societatis
1084 2637 1154 2696 aqat,
1169 2645 1220 2681 non

267 2702 329 2765 pius
343 2706 417 2749 actor
432 2701 603 2763 consequitur,
618 2714 692 2763 quam
701 2700 872 2750 aduersarius
881 2701 1140 2765 eiussacerepotest,·
1154 2701 1220 2750 idem

270 2777 316 2829 est,
330 2772 354 2819 si
368 2771 425 2834 quis
438 2783 472 2818 eae
486 2770 622 2820 donatione
635 2784 683 2820 sua
697 2772 875 2820 conueniatur.
908 2773 931 2833 5.
946 2783 979 2824 66.
1001 2771 1221 2834 Compensationes

271 2855 369 2906 quoque
384 2841 516 2904 oppositae
526 2843 675 2905 pierumque
689 2841 814 2903 efficiunt,
829 2848 857 2890 ut
869 2843 953 2891 minus
966 2843 1071 2906 quisque
1081 2856 1220 2905 consequa·

270 2918 323 2971 tur,
339 2926 412 2975 quam
426 2913 452 2960 ei
465 2909 618 2960 debebatur:
637 2925 744 2975 namque
758 2925 792 2959 ece
806 2926 886 2976 aequo
900 2919 926 2961 et
938 2911 1003 2963 bauo
1017 2911 1104 2962 habita
1118 2913 1221 2962 ratione

270 2983 337 3040 eius,
357 2981 425 3046 qaod
442 2982 551 3032 inuicem
565 2988 677 3032 actorem
691 2995 725 3030 ca
739 2982 825 3030 eadem
840 2997 920 3032 causa
930 2990 1068 3046 praestare
1082 2989 1219 3046 oporteret,

270 3054 297 3102 in
312 3053 437 3117 reliquum
450 3067 514 3112 eum,
529 3069 585 3103 cum
599 3067 648 3116 quo
661 3058 745 3101 actum
755 3059 800 3111 est,
815 3053 973 3111 condemnat,
987 3055 1055 3103 sicut
1065 3054 1220 3104 iamdictam

232 3144 234 3148 ¹
270 3120 327 3172 est'
356 3125 380 3185 5.
394 3135 438 3181 46,
453 3139 518 3188 quae
528 3124 642 3187 pertinet
655 3121 821 3172 adimarum
831 3125 977 3182 cessionem
992 3124 1154 3174 lastinianus
1164 3126 1219 3174 loca

270 3194 432 3244 deductionis
442 3192 466 3260 (5
469 3196 491 3256 5.
500 3193 606 3255 65-66),
617 3207 681 3256 quae
691 3193 748 3241 item
758 3193 920 3244 decoctarum
930 3194 1105 3245 condicionem
1114 3200 1220 3258 spectat,

266 3266 385 3328 posuisse
399 3272 424 3314 et
437 3265 544 3314 aliunde
557 3264 676 3312 sumsisse
690 3263 834 3313 credendus
848 3271 893 3314 est.
944 3263 971 3331 ²)
984 3264 1090 3314 initium
1104 3265 1180 3314 iuius
1194 3265 1221 3325 5i

269 3336 429 3400 reseci5
366 3351 400 3385 ea
414 3337 485 3398 589.
501 3334 574 3384 moda
588 3335 710 3400 aiteqata,
720 3337 816 3397 paucis
830 3337 933 3385 mutatis
947 3351 982 3386 esc
995 3337 1018 3398 5
1033 3334 1104 3388 661.
1120 3327 1192 3386 cod.⁴

339 3490 364 3562 5.
380 3495 421 3543 61.
448 3491 486 3554 Cf.
505 3491 545 3552 55
560 3501 595 3543 66.
609 3501 643 3543 66,
666 3491 689 3541 Ι.
708 3492 740 3542 de
758 3500 808 3542 act.
824 3492 854 3558 (4,
873 3491 905 3559 e).
940 3492 993 3543 Cic.
1012 3493 1044 3542 de
1062 3493 1131 3556 ostie
1146 3505 1219 3550 s,1t

269 3565 341 3625 §.m
363 3563 438 3611 Paul
454 3573 475 3620 6,
490 3572 510 3612 6.
525 3563 585 3622 §.e
