2672 4112
231 257 272 314 46
571 264 598 299 ιι
617 263 728 299 rvnrnvs
746 261 846 298 cronno.

231 393 328 448 tentia:
345 390 408 464 quid
425 396 468 446 est
483 391 553 446 enim
569 391 660 446 uerius
676 405 753 486 quam
769 389 903 444 neminem
918 404 979 444 esse
995 396 1124 462 oportere
1139 396 1192 446 tam

230 476 315 532 stulte
330 475 517 547 adrogantem,
538 481 569 528 ut
589 475 616 528 in
632 489 661 528 se
677 452 808 528 ratfonem
825 480 852 527 et
867 479 984 528 mentem
999 474 1100 544 putet
1092 488 1193 545 messe,

231 562 258 616 in
231 558 348 615 roaelo
371 557 526 630 mundoque
542 573 595 612 non
610 563 700 629 putet,
723 563 770 610 aut
785 565 815 610 ut
830 571 870 627 ea,
888 571 957 628 qnae
972 557 1017 611 uix
1032 572 1136 611 summa
1151 559 1192 612 in-

231 645 303 718 genii
318 635 444 720 (ratione
459 642 748 713 comprehendantur,
765 638 977 709 nullolratione
987 641 1092 696 moueri
1104 644 1192 712 putet.

231 743 310 800 quom
328 741 393 782 uero
409 733 544 781 astrorum
561 723 679 793 ordines,
695 740 775 796 quem
787 723 891 778 dierum
902 723 1077 796 noctiumque
1087 724 1192 779 uicissi-

229 810 350 882 tudines,
367 825 445 882 quem
456 825 577 863 mensum
590 808 749 880 temperatio
762 823 896 881 quemque
908 823 947 876 ea,
961 823 1028 880 quae
1040 806 1194 880 gignuntur

230 893 308 950 nobis
330 891 363 949 ad
385 891 538 964 fruendum,
561 907 616 947 non
631 899 739 965 gratum
759 907 818 946 esse
841 898 954 967 cogunt,
970 891 1042 946 huno
1056 890 1193 946 hominem

231 979 340 1034 omnino
357 977 491 1031 numerari
508 976 554 1048 qui
570 974 666 1030 decet?
689 990 825 1048 quomque
848 976 944 1044 omnia,
969 989 1037 1047 quae
1056 975 1192 1031 rationem

229 1060 337 1130 habent,
360 1067 498 1133 praestent
513 1060 557 1131 iis,
579 1075 646 1131 quae
663 1059 718 1113 sint
731 1057 844 1114 rationis
859 1059 990 1131 expertia,
1011 1056 1141 1131 nefasque
1156 1061 1193 1114 sit

229 1145 330 1215 dicere,
352 1143 433 1198 ullam
454 1159 511 1198 rem
526 1150 664 1216 praestare
679 1150 790 1197 naturae
805 1143 923 1196 omnium
938 1157 1038 1213 rerum,
1058 1144 1191 1198 rationem

229 1229 318 1284 inesse
339 1229 367 1282 in
389 1243 420 1282 ea
436 1224 617 1282 confitendum
634 1233 683 1280 est.
713 1225 786 1281 utilis
802 1241 863 1280 esse
878 1233 967 1280 autem
983 1225 1031 1280 has
1047 1227 1191 1298 opiniones
1222 1221 1226 1224 ”

230 1314 289 1384 quis
301 1319 394 1382 neget,
406 1326 488 1383 quom
501 1309 651 1382 intellegat,
664 1325 742 1382 quam
754 1307 838 1364 multa
850 1306 1057 1365 firmenturiure
1064 1309 1190 1380 iurando,

230 1403 345 1468 quantae
367 1393 448 1450 saluti
468 1395 523 1448 sint
543 1393 682 1449 foederum
703 1393 865 1464 religiones,
888 1409 967 1465 qnam
990 1392 1090 1448 multos
1105 1393 1191 1448 diuini

229 1478 344 1551 supplici
359 1484 447 1532 metus
463 1495 476 1532 a
492 1476 595 1532 scelere
609 1477 745 1532 reuocarit
760 1492 894 1549 quamque
910 1483 1001 1532 saneta
1016 1477 1052 1531 sit
1073 1479 1190 1533 societas

229 1563 329 1618 ciuium
343 1561 415 1616 inter
429 1562 505 1634 ipsos
520 1560 570 1615 diis
584 1559 786 1630 inmortalibus,
799 1553 1035 1632 'interpositisiis1
1050 1556 1108 1616 tum
1122 1560 1189 1616 iudi·

228 1644 314 1718 cibus,
334 1639 412 1717 (tum)
434 1643 557 1700 festibus.
591 1659 625 1698 en
640 1637 737 1698 lrabes²
751 1643 819 1717 legis
840 1643 1044 1716 prohoemium3
1065 1646 1105 1700 sio
1119 1645 1190 1700 enim

228 1729 295 1784 haee
309 1727 425 1802 appellat
439 1727 525 1784 Plato.

289 1823 330 1886 17.
353 1829 384 1898 Q.
407 1827 496 1884 llabeo
521 1844 599 1900 uero,
622 1827 715 1898 frater,
739 1837 767 1883 et
788 1829 815 1882 in
831 1828 883 1882 hoo
898 1827 1041 1883 admodum
1057 1828 1190 1897 delector,

228 1913 300 1986 quod
315 1914 342 1968 in
357 1912 415 1968 aliis
430 1911 511 1968 rebus
527 1913 639 1985 aliisque
654 1912 796 1967 sententiis
812 1912 928 1966 uersaris
945 1918 1025 1983 atque
1040 1912 1100 1979 ille;
1122 1913 1190 1967 nihil

228 1999 296 2052 enim
319 2004 373 2052 tam
395 1995 523 2052 dissimile
547 2013 626 2070 qnam
648 1995 692 2051 uel
716 2012 763 2064 ea,
787 2011 855 2068 quae
878 2003 939 2050 ante
954 1994 1053 2065 dixisti,
1076 1994 1120 2051 uel
1136 1997 1190 2052 hoo

227 2082 315 2152 ipsum
331 2079 364 2137 de
380 2079 438 2136 deis
453 2080 606 2136 exordium:
631 2096 712 2134 uuum
727 2078 794 2134 illud
810 2078 874 2134 mihi
889 2077 989 2134 uideris
1004 2080 1113 2151 imitari,
1129 2096 1189 2136 ora·

222 2165 308 2219 tionis
325 2179 421 2237 genus.

289 2264 330 2318 M.
347 2263 421 2318 Velle
436 2261 568 2331 fortasse;
585 2264 644 2335 quis
660 2263 731 2318 enirn
746 2262 772 2316 id
787 2269 879 2335 potest
894 2270 1074 2336 autumquam
1086 2265 1189 2336 poterit

226 2346 341 2402 imitari?
363 2360 423 2399 nam
447 2347 594 2401 sententias
617 2346 788 2418 interpretari
809 2346 937 2420 perfacile
952 2355 1006 2416 est;
1037 2347 1108 2420 quod
1130 2349 1189 2420 qui·

226 2430 286 2486 dem
308 2445 359 2500 ego
381 2427 510 2498 facerem,
534 2429 585 2483 nisi
607 2429 686 2501 plane
708 2445 767 2484 esse
788 2429 885 2485 uellem
911 2447 995 2486 meus.
1032 2431 1096 2504 quid
1117 2433 1189 2487 enim

226 2513 330 2586 negotii
347 2519 389 2567 est
404 2511 494 2567 eadem
510 2527 595 2586 prope
611 2511 700 2567 uerbis
715 2513 799 2568 isdem
815 2530 946 2570 conuersa
963 2515 1068 2571 diceret

290 2612 322 2681 Q.
338 2613 453 2668 Prorsus
469 2612 622 2681 adsentior3
638 2629 742 2684 uerum,
759 2622 789 2669 nt
800 2613 881 2670 modo
894 2622 952 2670 tute
968 2613 1067 2686 dixisti,
1085 2623 1112 2672 te
1127 2633 1189 2671 esse

226 2697 295 2753 malo
309 2705 394 2752 tuum.
421 2695 469 2752 sed
479 2698 530 2751 iam
543 2712 680 2770 exprome,
693 2699 716 2752 si
726 2697 823 2772 placet,
835 2699 901 2752 istas
913 2698 987 2772 leges
1000 2698 1033 2754 de
1044 2699 1187 2772 religione.

288 2795 332 2854 18.
356 2797 398 2852 Μ.
427 2794 584 2870 Expromam
607 2797 745 2870 equidem,
769 2805 800 2853 ut
822 2805 936 2871 potero,
959 2807 987 2854 et
1009 2801 1135 2872 quoniam
1158 2807 1188 2854 et

225 2881 301 2938 loeus
317 2889 344 2938 et
358 2896 447 2937 sermo
463 2880 598 2938 familiaris
613 2889 665 2953 est,
681 2881 756 2954 leges
770 2874 875 2952 legum³
890 2898 959 2938 uoce
973 2899 1130 2956 proponam.

288 2982 321 3051 Q.
345 2979 474 3049 Quidnam
496 2982 523 3037 id
545 2982 603 3037 est?

287 3082 328 3138 M.
351 3081 421 3138 Sunt
443 3090 514 3138 certa
529 3083 620 3156 legum
635 3081 727 3145 uerba,
750 3080 857 3148 Quinte,
880 3097 967 3156 neque
982 3084 1019 3138 ita
1035 3085 1133 3156 prisea,
1155 3091 1188 3140 ut

224 3167 252 3222 in
267 3165 406 3222 ueteribus
418 3182 463 3223 xrr
479 3167 645 3239 sacratisque
660 3165 776 3239 legibus,
795 3173 931 3236 ettamen,
950 3183 1004 3240 quo
1021 3167 1082 3241 plus
1095 3175 1187 3224 auoto-

225 3251 310 3306 ritatis
326 3249 451 3322 habeant,
466 3251 547 3324 paulo
564 3251 715 3322 antiquiora
729 3265 808 3322 quam
823 3249 868 3306 hio
883 3267 971 3306 sermo
983 3258 1040 3306 est:
1055 3268 1116 3307 eum
1128 3268 1187 3307 mo·

224 3351 281 3390 rem
296 3335 380 3407 igitur
395 3350 455 3390 oum
471 3333 614 3404 breuitate,
636 3334 659 3388 si
673 3341 800 3406 potuero,
816 3349 975 3407 consequar.
1005 3334 1081 3408 leges
1097 3343 1187 3392 autem

299 3505 481 3574 ¹)inierpositis
495 3505 551 3555 AB
562 3506 619 3554 edd.
640 3505 686 3554 sed
695 3513 787 3568 postea
800 3507 884 3568 testib;
899 3505 937 3554 his
931 3506 984 3574 (is
998 3504 1035 3572 B)
1049 3507 1100 3556 AB

226 3575 350 3643 ¹)7habes
364 3579 415 3628 AB
427 3578 500 3626 habes
515 3577 571 3625 edd.
603 3571 709 3640 l>legum
723 3575 786 3637 leges
801 3575 852 3624 AB
863 3576 902 3626 ed.
905 3559 944 3626 V.
