<?xml version="1.0" encoding="UTF-8"?>
<!DOCTYPE html PUBLIC "-//W3C//DTD XHTML 1.0 Transitional//EN"
    "http://www.w3.org/TR/xhtml1/DTD/xhtml1-transitional.dtd">
<html xmlns="http://www.w3.org/1999/xhtml" xml:lang="en" lang="en">
 <head>
  <title>
</title>
<meta http-equiv="Content-Type" content="text/html;charset=utf-8" />
  <meta name='ocr-system' content='tesseract 3.04.00' />
  <meta name='ocr-capabilities' content='ocr_page ocr_carea ocr_par ocr_line ocrx_word'/>
</head>
<body>
  <div class='ocr_page' id='page_1' title='image "./ivrisprvdentiae00huscgoog_0807.png"; bbox 0 0 2694 4110; ppageno 0'>
   <div class='ocr_carea' id='block_1_1' title="bbox 255 137 1082 206">
    <p class='ocr_par' dir='ltr' id='par_1_1' title="bbox 255 137 1082 206">
     <span class='ocr_line' id='line_1_1' title="bbox 255 137 1082 206; baseline -0.008 -7"><span class='ocrx_word' id='word_1_1' title='bbox 255 163 361 206; x_wconf 75' lang='lat' dir='ltr'><strong>QVANDO</strong></span> <span class='ocrx_word' id='word_1_2' title='bbox 374 161 495 199; x_wconf 70' lang='lat' dir='ltr'>DONATOB</span> <span class='ocrx_word' id='word_1_3' title='bbox 507 160 705 198; x_wconf 69' lang='lat' dir='ltr'><strong><em>inruunut&#39;tvu</em></strong></span> <span class='ocrx_word' id='word_1_4' title='bbox 718 159 865 198; x_wconf 70' lang='lat' dir='ltr'>BEVOOASSE</span> <span class='ocrx_word' id='word_1_5' title='bbox 878 159 973 196; x_wconf 72' lang='lat' dir='ltr'><strong>DONAT.</strong></span> <span class='ocrx_word' id='word_1_6' title='bbox 1024 137 1082 202; x_wconf 67' lang='grc'><strong><em>781</em></strong></span> 
     </span>
    </p>
   </div>
   <div class='ocr_carea' id='block_1_2' title="bbox 136 427 1087 484">
    <p class='ocr_par' dir='ltr' id='par_1_2' title="bbox 136 427 1087 484">
     <span class='ocr_line' id='line_1_2' title="bbox 136 427 1087 484; baseline -0.011 -7"><span class='ocrx_word' id='word_1_7' title='bbox 136 433 262 484; x_wconf 78' lang='lat' dir='ltr'><strong>QVANDO</strong></span> <span class='ocrx_word' id='word_1_8' title='bbox 273 431 420 473; x_wconf 83' lang='lat' dir='ltr'>DONA&#39;I&#39;OR</span> <span class='ocrx_word' id='word_1_9' title='bbox 431 429 669 473; x_wconf 72' lang='lat' dir='ltr'><strong>INTELLEGA&#39;I&#39;VR</strong></span> <span class='ocrx_word' id='word_1_10' title='bbox 680 428 858 472; x_wconf 79' lang='lat' dir='ltr'><strong><em>Ruvooassn</em></strong></span> <span class='ocrx_word' id='word_1_11' title='bbox 871 427 1087 472; x_wconf 78' lang='lat' dir='ltr'><strong>VOLVNTATEM.</strong></span> 
     </span>
    </p>
   </div>
   <div class='ocr_carea' id='block_1_3' title="bbox 199 531 1185 616">
    <p class='ocr_par' dir='ltr' id='par_1_3' title="bbox 199 531 1185 616">
     <span class='ocr_line' id='line_1_3' title="bbox 199 531 1185 616; baseline -0.008 -14"><span class='ocrx_word' id='word_1_12' title='bbox 199 542 269 602; x_wconf 78' lang='lat'>248.</span> <span class='ocrx_word' id='word_1_13' title='bbox 288 586 294 600; x_wconf 91' lang='lat'><strong>.</strong></span> <span class='ocrx_word' id='word_1_14' title='bbox 313 586 319 600; x_wconf 94' lang='lat'><em>.</em></span> <span class='ocrx_word' id='word_1_15' title='bbox 337 583 343 597; x_wconf 93' lang='lat'><strong>.</strong></span> <span class='ocrx_word' id='word_1_16' title='bbox 359 557 511 614; x_wconf 87' lang='lat' dir='ltr'><strong><em>speramus</em></strong></span> <span class='ocrx_word' id='word_1_17' title='bbox 533 545 622 616; x_wconf 86' lang='lat' dir='ltr'><strong><em>enim,</em></strong></span> <span class='ocrx_word' id='word_1_18' title='bbox 643 542 763 611; x_wconf 83' lang='lat' dir='ltr'><strong><em>liberos,</em></strong></span> <span class='ocrx_word' id='word_1_19' title='bbox 787 557 851 598; x_wconf 89' lang='lat' dir='ltr'><strong><em>cum</em></strong></span> <span class='ocrx_word' id='word_1_20' title='bbox 873 543 1009 612; x_wconf 78' lang='lat' dir='ltr'><strong><em>uiderint,</em></strong></span> <span class='ocrx_word' id='word_1_21' title='bbox 1033 559 1090 598; x_wconf 87' lang='lat' dir='ltr'><strong><em>non</em></strong></span> <span class='ocrx_word' id='word_1_22' title='bbox 1103 531 1185 611; x_wconf 49' lang='lat'><strong><em>⁶⁰3⁷·</em></strong></span> 
     </span>
    </p>
   </div>
   <div class='ocr_carea' id='block_1_4' title="bbox 16 615 1197 2288">
    <p class='ocr_par' dir='ltr' id='par_1_4' title="bbox 135 615 1177 698">
     <span class='ocr_line' id='line_1_4' title="bbox 135 615 1177 698; baseline -0.006 -10"><span class='ocrx_word' id='word_1_23' title='bbox 135 633 226 688; x_wconf 87' lang='lat' dir='ltr'><strong><em>licere</em></strong></span> <span class='ocrx_word' id='word_1_24' title='bbox 240 633 289 698; x_wconf 88' lang='lat' dir='ltr'><strong><em>iis,</em></strong></span> <span class='ocrx_word' id='word_1_25' title='bbox 313 628 362 684; x_wconf 84' lang='lat' dir='ltr'><strong><em>ubi</em></strong></span> <span class='ocrx_word' id='word_1_26' title='bbox 382 642 421 684; x_wconf 84' lang='lat' dir='ltr'><strong><em>eac</em></strong></span> <span class='ocrx_word' id='word_1_27' title='bbox 441 632 584 697; x_wconf 73' lang='lat' dir='ltr'><strong><em>pamrnae</em></strong></span> <span class='ocrx_word' id='word_1_28' title='bbox 606 628 788 681; x_wconf 76' lang='lat' dir='ltr'><strong><em>auctoritatis</em></strong></span> <span class='ocrx_word' id='word_1_29' title='bbox 807 629 870 682; x_wconf 86' lang='lat' dir='ltr'><strong><em>iare</em></strong></span> <span class='ocrx_word' id='word_1_30' title='bbox 891 627 999 682; x_wconf 76' lang='lat' dir='ltr'><strong><em>dimissi</em></strong></span> <span class='ocrx_word' id='word_1_31' title='bbox 1012 632 1089 696; x_wconf 85' lang='lat' dir='ltr'><strong><em>sunt,</em></strong></span> <span class='ocrx_word' id='word_1_32' title='bbox 1101 615 1177 654; x_wconf 49' lang='grc' dir='ltr'><strong><em>ωδε</em></strong></span> 
     </span>
    </p>

    <p class='ocr_par' dir='ltr' id='par_1_5' title="bbox 137 699 1197 796">
     <span class='ocr_line' id='line_1_5' title="bbox 137 699 1197 796; baseline -0.005 -27"><span class='ocrx_word' id='word_1_33' title='bbox 137 705 258 785; x_wconf 85' lang='lat' dir='ltr'><strong><em>inpune¹</em></strong></span> <span class='ocrx_word' id='word_1_34' title='bbox 276 704 279 788; x_wconf 85' lang='grc'>)</span> <span class='ocrx_word' id='word_1_35' title='bbox 296 713 380 784; x_wconf 80' lang='lat' dir='ltr'><strong><em>ipsam</em></strong></span> <span class='ocrx_word' id='word_1_36' title='bbox 402 707 571 765; x_wconf 87' lang='lat' dir='ltr'><strong><em>contumeliis</em></strong></span> <span class='ocrx_word' id='word_1_37' title='bbox 586 707 735 781; x_wconf 71' lang='lat' dir='ltr'><strong><em>persequi,</em></strong></span> <span class='ocrx_word' id='word_1_38' title='bbox 755 701 862 782; x_wconf 83' lang='lat' dir='ltr'><strong><em>aequo²</em></strong></span> <span class='ocrx_word' id='word_1_39' title='bbox 881 710 908 764; x_wconf 89' lang='lat' dir='ltr'><strong><em>iu</em></strong></span> <span class='ocrx_word' id='word_1_40' title='bbox 923 707 1019 764; x_wconf 80' lang='lat' dir='ltr'><strong><em>affectu</em></strong></span> <span class='ocrx_word' id='word_1_41' title='bbox 1033 699 1197 796; x_wconf 57' lang='lat' dir='ltr'><strong><em>pappule</em></strong></span> 
     </span>
    </p>

    <p class='ocr_par' dir='ltr' id='par_1_6' title="bbox 16 769 1197 1538">
     <span class='ocr_line' id='line_1_6' title="bbox 138 769 1197 867; baseline -0.007 -14"><span class='ocrx_word' id='word_1_42' title='bbox 138 798 202 853; x_wconf 88' lang='lat' dir='ltr'><strong><em>tatis</em></strong></span> <span class='ocrx_word' id='word_1_43' title='bbox 225 796 343 852; x_wconf 85' lang='lat' dir='ltr'><strong><em>monitos</em></strong></span> <span class='ocrx_word' id='word_1_44' title='bbox 364 809 445 867; x_wconf 88' lang='lat' dir='ltr'><strong><em>posse</em></strong></span> <span class='ocrx_word' id='word_1_45' title='bbox 467 793 617 850; x_wconf 79' lang='lat' dir='ltr'><strong><em>mitescere.</em></strong></span> <span class='ocrx_word' id='word_1_46' title='bbox 654 791 782 847; x_wconf 85' lang='lat' dir='ltr'><strong>Volumus</strong></span> <span class='ocrx_word' id='word_1_47' title='bbox 804 793 899 866; x_wconf 84' lang='lat' dir='ltr'><strong><em>igitur,</em></strong></span> <span class='ocrx_word' id='word_1_48' title='bbox 921 799 953 847; x_wconf 88' lang='lat' dir='ltr'><strong><em>ut</em></strong></span> <span class='ocrx_word' id='word_1_49' title='bbox 972 793 995 848; x_wconf 91' lang='lat' dir='ltr'><strong><em>si</em></strong></span> <span class='ocrx_word' id='word_1_50' title='bbox 1016 791 1089 848; x_wconf 86' lang='lat' dir='ltr'><strong><em>&#39;con</em></strong></span> <span class='ocrx_word' id='word_1_51' title='bbox 1138 769 1197 820; x_wconf 56' lang='lat'><strong>⁸⁶³³·</strong></span> 
     </span>
     <span class='ocr_line' id='line_1_7' title="bbox 138 871 1092 951; baseline -0.004 -15"><span class='ocrx_word' id='word_1_52' title='bbox 138 871 268 949; x_wconf 80' lang='lat' dir='ltr'><strong><em>stiterit,³</em></strong></span> <span class='ocrx_word' id='word_1_53' title='bbox 289 880 362 934; x_wconf 78' lang='lat' dir='ltr'><strong><em>iuxta</em></strong></span> <span class='ocrx_word' id='word_1_54' title='bbox 377 885 480 951; x_wconf 88' lang='lat' dir='ltr'><strong><em>patrem</em></strong></span> <span class='ocrx_word' id='word_1_55' title='bbox 495 875 611 942; x_wconf 89' lang='lat' dir='ltr'><strong><em>liberos,</em></strong></span> <span class='ocrx_word' id='word_1_56' title='bbox 635 882 729 931; x_wconf 89' lang='lat' dir='ltr'><strong><em>contra</em></strong></span> <span class='ocrx_word' id='word_1_57' title='bbox 745 891 822 947; x_wconf 91' lang='lat' dir='ltr'><strong><em>quam</em></strong></span> <span class='ocrx_word' id='word_1_58' title='bbox 838 875 1009 932; x_wconf 87' lang='lat' dir='ltr'><strong><em>humanitatis</em></strong></span> <span class='ocrx_word' id='word_1_59' title='bbox 1024 876 1092 932; x_wconf 84' lang='lat' dir='ltr'><strong><em>ratio</em></strong></span> 
     </span>
     <span class='ocr_line' id='line_1_8' title="bbox 138 957 1093 1037; baseline -0.004 -19"><span class='ocrx_word' id='word_1_60' title='bbox 138 963 275 1037; x_wconf 84' lang='lat' dir='ltr'><strong><em>deposcit,</em></strong></span> <span class='ocrx_word' id='word_1_61' title='bbox 291 961 407 1035; x_wconf 81' lang='lat' dir='ltr'><strong><em>superbe</em></strong></span> <span class='ocrx_word' id='word_1_62' title='bbox 421 961 628 1032; x_wconf 80' lang='lat' dir='ltr'><strong><em>crudeliterque</em></strong></span> <span class='ocrx_word' id='word_1_63' title='bbox 643 975 672 1014; x_wconf 88' lang='lat' dir='ltr'><strong><em>sc</em></strong></span> <span class='ocrx_word' id='word_1_64' title='bbox 688 957 799 1030; x_wconf 86' lang='lat' dir='ltr'><strong><em>tollere,</em></strong></span> <span class='ocrx_word' id='word_1_65' title='bbox 821 961 996 1032; x_wconf 78' lang='lat' dir='ltr'><strong><em>emancipatio</em></strong></span> <span class='ocrx_word' id='word_1_66' title='bbox 1012 958 1093 1015; x_wconf 87' lang='lat' dir='ltr'><strong><em>firmi·</em></strong></span> 
     </span>
     <span class='ocr_line' id='line_1_9' title="bbox 138 1041 1093 1116; baseline -0.004 -12"><span class='ocrx_word' id='word_1_67' title='bbox 138 1049 231 1104; x_wconf 89' lang='lat' dir='ltr'><strong><em>tudine</em></strong></span> <span class='ocrx_word' id='word_1_68' title='bbox 246 1055 408 1108; x_wconf 74' lang='lat' dir='ltr'><strong><em>succuum:</em></strong></span> <span class='ocrx_word' id='word_1_69' title='bbox 428 1043 518 1116; x_wconf 88' lang='lat' dir='ltr'><strong><em>idque,</em></strong></span> <span class='ocrx_word' id='word_1_70' title='bbox 535 1042 607 1116; x_wconf 90' lang='lat' dir='ltr'><strong><em>quod</em></strong></span> <span class='ocrx_word' id='word_1_71' title='bbox 623 1041 713 1098; x_wconf 89' lang='lat' dir='ltr'><strong><em>liberis</em></strong></span> <span class='ocrx_word' id='word_1_72' title='bbox 728 1050 804 1115; x_wconf 88' lang='lat' dir='ltr'><strong><em>pater</em></strong></span> <span class='ocrx_word' id='word_1_73' title='bbox 818 1042 1014 1100; x_wconf 82' lang='lat' dir='ltr'><strong><em>donationibus</em></strong></span> <span class='ocrx_word' id='word_1_74' title='bbox 1029 1059 1093 1100; x_wconf 88' lang='lat' dir='ltr'><strong><em>cou-</em></strong></span> 
     </span>
     <span class='ocr_line' id='line_1_10' title="bbox 139 1120 1094 1203; baseline -0.003 -16"><span class='ocrx_word' id='word_1_75' title='bbox 139 1131 212 1200; x_wconf 87' lang='lat' dir='ltr'><strong><em>tulit,</em></strong></span> <span class='ocrx_word' id='word_1_76' title='bbox 228 1131 312 1203; x_wconf 90' lang='lat' dir='ltr'><strong><em>patris</em></strong></span> <span class='ocrx_word' id='word_1_77' title='bbox 328 1129 435 1202; x_wconf 85' lang='lat' dir='ltr'><strong><em>dicioni,</em></strong></span> <span class='ocrx_word' id='word_1_78' title='bbox 460 1135 625 1199; x_wconf 85' lang='lat' dir='ltr'><strong><em>naturaeque</em></strong></span> <span class='ocrx_word' id='word_1_79' title='bbox 648 1120 731 1198; x_wconf 70' lang='lat' dir='ltr'><strong><em>’ipsil</em></strong></span> <span class='ocrx_word' id='word_1_80' title='bbox 751 1125 887 1200; x_wconf 78' lang='lat' dir='ltr'><strong><em>sulsiugati</em></strong></span> <span class='ocrx_word' id='word_1_81' title='bbox 901 1128 1003 1200; x_wconf 89' lang='lat' dir='ltr'><strong><em>patriae</em></strong></span> <span class='ocrx_word' id='word_1_82' title='bbox 1017 1126 1094 1184; x_wconf 85' lang='lat' dir='ltr'><strong><em>’reci-</em></strong></span> 
     </span>
     <span class='ocr_line' id='line_1_11' title="bbox 138 1207 1094 1283; baseline -0.002 -13"><span class='ocrx_word' id='word_1_83' title='bbox 138 1207 215 1270; x_wconf 75' lang='lat' dir='ltr'><strong><em>dant⁸</em></strong></span> <span class='ocrx_word' id='word_1_84' title='bbox 229 1213 375 1283; x_wconf 82' lang='lat' dir='ltr'><strong><em>potestati:</em></strong></span> <span class='ocrx_word' id='word_1_85' title='bbox 399 1219 427 1267; x_wconf 88' lang='lat' dir='ltr'><strong><em>et</em></strong></span> <span class='ocrx_word' id='word_1_86' title='bbox 441 1212 477 1266; x_wconf 90' lang='lat' dir='ltr'><strong><em>ita</em></strong></span> <span class='ocrx_word' id='word_1_87' title='bbox 492 1210 540 1279; x_wconf 90' lang='lat' dir='ltr'><strong><em>illi,</em></strong></span> <span class='ocrx_word' id='word_1_88' title='bbox 566 1211 612 1282; x_wconf 91' lang='lat' dir='ltr'><strong><em>qui</em></strong></span> <span class='ocrx_word' id='word_1_89' title='bbox 628 1211 711 1266; x_wconf 89' lang='lat' dir='ltr'><strong><em>sacris</em></strong></span> <span class='ocrx_word' id='word_1_90' title='bbox 727 1210 840 1280; x_wconf 86' lang='lat' dir='ltr'><strong><em>euoluti,</em></strong></span> <span class='ocrx_word' id='word_1_91' title='bbox 862 1211 1031 1268; x_wconf 85' lang='lat' dir='ltr'><strong><em>eiunctione</em></strong></span> <span class='ocrx_word' id='word_1_92' title='bbox 1047 1209 1094 1268; x_wconf 87' lang='lat' dir='ltr'><strong><em>oh·</em></strong></span> 
     </span>
     <span class='ocr_line' id='line_1_12' title="bbox 140 1288 1094 1369; baseline 0 -17"><span class='ocrx_word' id='word_1_93' title='bbox 140 1297 228 1369; x_wconf 78' lang='lat' dir='ltr'><strong><em>sequit</em></strong></span> <span class='ocrx_word' id='word_1_94' title='bbox 249 1303 436 1362; x_wconf 84' lang='lat' dir='ltr'><strong><em>recesserunt,</em></strong></span> <span class='ocrx_word' id='word_1_95' title='bbox 465 1294 635 1349; x_wconf 79' lang='lat' dir='ltr'><strong><em>necessitatis</em></strong></span> <span class='ocrx_word' id='word_1_96' title='bbox 662 1292 765 1366; x_wconf 88' lang='lat' dir='ltr'><strong><em>laqueis</em></strong></span> <span class='ocrx_word' id='word_1_97' title='bbox 788 1294 908 1351; x_wconf 88' lang='lat' dir='ltr'><strong><em>adstricti</em></strong></span> <span class='ocrx_word' id='word_1_98' title='bbox 936 1288 1094 1369; x_wconf 77' lang='lat' dir='ltr'><strong><em>&#39;tanquam⁶</em></strong></span> 
     </span>
     <span class='ocr_line' id='line_1_13' title="bbox 16 1371 1093 1451; baseline -0.004 -13"><span class='ocrx_word' id='word_1_99' title='bbox 16 1425 17 1428; x_wconf 16' lang='grc' dir='ltr'>η</span> <span class='ocrx_word' id='word_1_100' title='bbox 66 1385 130 1438; x_wconf 76' lang='grc'><strong>[687]</strong></span> <span class='ocrx_word' id='word_1_101' title='bbox 141 1377 373 1436; x_wconf 87' lang='lat' dir='ltr'><strong><em>commendatione</em></strong></span> <span class='ocrx_word' id='word_1_102' title='bbox 388 1377 507 1451; x_wconf 89' lang='lat' dir='ltr'><strong><em>pietatis,</em></strong></span> <span class='ocrx_word' id='word_1_103' title='bbox 524 1373 579 1450; x_wconf 86' lang='lat' dir='ltr'><strong><em>(eo)</em></strong></span> <span class='ocrx_word' id='word_1_104' title='bbox 596 1378 673 1432; x_wconf 88' lang='lat' dir='ltr'><strong><em>etiam</em></strong></span> <span class='ocrx_word' id='word_1_105' title='bbox 689 1377 876 1435; x_wconf 88' lang='lat' dir='ltr'><strong><em>detrectantes</em></strong></span> <span class='ocrx_word' id='word_1_106' title='bbox 892 1371 1093 1438; x_wconf 60' lang='lat' dir='ltr'><strong><em>adducantur]</em></strong></span> 
     </span>
     <span class='ocr_line' id='line_1_14' title="bbox 140 1459 1094 1538; baseline 0 -18"><span class='ocrx_word' id='word_1_107' title='bbox 140 1461 288 1521; x_wconf 82' lang='lat' dir='ltr'><strong><em>uat.xvt1.</em></strong></span> <span class='ocrx_word' id='word_1_108' title='bbox 306 1461 358 1520; x_wconf 83' lang='lat' dir='ltr'><strong><em>kal.</em></strong></span> <span class='ocrx_word' id='word_1_109' title='bbox 374 1464 444 1536; x_wconf 76' lang='lat' dir='ltr'><strong><em>Aug.</em></strong></span> <span class='ocrx_word' id='word_1_110' title='bbox 461 1459 712 1534; x_wconf 82' lang='lat' dir='ltr'><strong><em>Constantinopoli,</em></strong></span> <span class='ocrx_word' id='word_1_111' title='bbox 736 1460 870 1520; x_wconf 87' lang='lat' dir='ltr'><strong><em>Gallicano</em></strong></span> <span class='ocrx_word' id='word_1_112' title='bbox 893 1471 921 1518; x_wconf 87' lang='lat' dir='ltr'><strong><em>et</em></strong></span> <span class='ocrx_word' id='word_1_113' title='bbox 936 1463 1094 1538; x_wconf 86' lang='lat' dir='ltr'><strong><em>Symmacho</em></strong></span> 
     </span>
    </p>

    <p class='ocr_par' dir='ltr' id='par_1_7' title="bbox 141 1539 246 1604">
     <span class='ocr_line' id='line_1_15' title="bbox 141 1539 246 1604; baseline -0.029 0"><span class='ocrx_word' id='word_1_114' title='bbox 141 1539 246 1604; x_wconf 79' lang='lat' dir='ltr'><strong><em>conss.8</em></strong></span> 
     </span>
    </p>

    <p class='ocr_par' dir='ltr' id='par_1_8' title="bbox 58 1621 1098 2288">
     <span class='ocr_line' id='line_1_16' title="bbox 204 1621 1096 1705; baseline -0.001 -16"><span class='ocrx_word' id='word_1_115' title='bbox 204 1627 274 1696; x_wconf 73' lang='lat'>249.</span> <span class='ocrx_word' id='word_1_116' title='bbox 299 1623 512 1688; x_wconf 79' lang='lat' dir='ltr'><strong><em>⁹Constantinus</em></strong></span> <span class='ocrx_word' id='word_1_117' title='bbox 528 1636 555 1686; x_wconf 86' lang='lat' dir='ltr'><strong><em>et</em></strong></span> <span class='ocrx_word' id='word_1_118' title='bbox 573 1621 698 1687; x_wconf 84' lang='lat' dir='ltr'><strong><em>&#39;Caess.¹⁰</em></strong></span> <span class='ocrx_word' id='word_1_119' title='bbox 734 1621 792 1705; x_wconf 90' lang='lat'>(1.)</span> <span class='ocrx_word' id='word_1_120' title='bbox 816 1630 912 1686; x_wconf 84' lang='lat' dir='ltr'><strong><em>Multas</em></strong></span> <span class='ocrx_word' id='word_1_121' title='bbox 927 1647 1007 1704; x_wconf 87' lang='lat' dir='ltr'><strong><em>saepe</em></strong></span> <span class='ocrx_word' id='word_1_122' title='bbox 1022 1640 1096 1688; x_wconf 79' lang='lat' dir='ltr'><strong><em>statas</em></strong></span> 
     </span>
     <span class='ocr_line' id='line_1_17' title="bbox 140 1711 1095 1787; baseline -0.003 -14"><span class='ocrx_word' id='word_1_123' title='bbox 140 1731 174 1774; x_wconf 85' lang='lat' dir='ltr'><strong><em>ex</em></strong></span> <span class='ocrx_word' id='word_1_124' title='bbox 188 1715 335 1773; x_wconf 90' lang='lat' dir='ltr'><strong><em>donatione</em></strong></span> <span class='ocrx_word' id='word_1_125' title='bbox 351 1730 443 1771; x_wconf 87' lang='lat' dir='ltr'><strong><em>causas</em></strong></span> <span class='ocrx_word' id='word_1_126' title='bbox 459 1714 650 1786; x_wconf 77' lang='lat' dir='ltr'><strong><em>cognocimus,</em></strong></span> <span class='ocrx_word' id='word_1_127' title='bbox 667 1711 803 1783; x_wconf 87' lang='lat' dir='ltr'><strong><em>inquibus</em></strong></span> <span class='ocrx_word' id='word_1_128' title='bbox 820 1713 862 1768; x_wconf 88' lang='lat' dir='ltr'><strong><em>uel</em></strong></span> <span class='ocrx_word' id='word_1_129' title='bbox 876 1712 1030 1769; x_wconf 86' lang='lat' dir='ltr'><strong><em>adumbrata</em></strong></span> <span class='ocrx_word' id='word_1_130' title='bbox 1045 1731 1095 1787; x_wconf 94' lang='lat' dir='ltr'><strong><em>pro</em></strong></span> 
     </span>
     <span class='ocr_line' id='line_1_18' title="bbox 141 1795 1096 1874; baseline -0.004 -18"><span class='ocrx_word' id='word_1_131' title='bbox 141 1801 292 1874; x_wconf 79' lang='lat' dir='ltr'><strong><em>expressis,</em></strong></span> <span class='ocrx_word' id='word_1_132' title='bbox 309 1797 354 1854; x_wconf 92' lang='lat' dir='ltr'><strong><em>uel</em></strong></span> <span class='ocrx_word' id='word_1_133' title='bbox 369 1798 492 1854; x_wconf 87' lang='lat' dir='ltr'><strong><em>inchoata</em></strong></span> <span class='ocrx_word' id='word_1_134' title='bbox 509 1812 559 1869; x_wconf 92' lang='lat' dir='ltr'><strong><em>pro</em></strong></span> <span class='ocrx_word' id='word_1_135' title='bbox 570 1795 709 1868; x_wconf 83' lang='lat' dir='ltr'><strong><em>perfectis,</em></strong></span> <span class='ocrx_word' id='word_1_136' title='bbox 724 1795 769 1850; x_wconf 89' lang='lat' dir='ltr'><strong><em>uel</em></strong></span> <span class='ocrx_word' id='word_1_137' title='bbox 783 1795 897 1867; x_wconf 89' lang='lat' dir='ltr'><strong><em>plurima</em></strong></span> <span class='ocrx_word' id='word_1_138' title='bbox 909 1813 960 1868; x_wconf 88' lang='lat' dir='ltr'><strong><em>pra</em></strong></span> <span class='ocrx_word' id='word_1_139' title='bbox 973 1797 1096 1852; x_wconf 87' lang='lat' dir='ltr'><strong><em>omnihus</em></strong></span> 
     </span>
     <span class='ocr_line' id='line_1_19' title="bbox 142 1873 1098 1952; baseline -0.001 -14"><span class='ocrx_word' id='word_1_140' title='bbox 142 1883 356 1940; x_wconf 89' lang='lat' dir='ltr'><strong><em>controuersiam</em></strong></span> <span class='ocrx_word' id='word_1_141' title='bbox 379 1881 490 1949; x_wconf 89' lang='lat' dir='ltr'><strong><em>iaciant,</em></strong></span> <span class='ocrx_word' id='word_1_142' title='bbox 512 1894 572 1934; x_wconf 91' lang='lat' dir='ltr'><strong><em>cum</em></strong></span> <span class='ocrx_word' id='word_1_143' title='bbox 595 1879 732 1951; x_wconf 80' lang='lat' dir='ltr'><strong><em>agentium</em></strong></span> <span class='ocrx_word' id='word_1_144' title='bbox 747 1878 805 1934; x_wconf 90' lang='lat' dir='ltr'><strong><em>uisa</em></strong></span> <span class='ocrx_word' id='word_1_145' title='bbox 827 1873 919 1951; x_wconf 87' lang='lat' dir='ltr'><strong><em>&#39;pro¹¹</em></strong></span> <span class='ocrx_word' id='word_1_146' title='bbox 941 1881 1051 1952; x_wconf 82' lang='lat' dir='ltr'><strong><em>ingenio</em></strong></span> <span class='ocrx_word' id='word_1_147' title='bbox 1066 1897 1098 1937; x_wconf 92' lang='lat' dir='ltr'><strong><em>ac</em></strong></span> 
     </span>
     <span class='ocr_line' id='line_1_20' title="bbox 58 1960 1097 2036; baseline -0.003 -15"><span class='ocrx_word' id='word_1_148' title='bbox 58 2006 59 2009; x_wconf 17' lang='grc' dir='ltr'>η</span> <span class='ocrx_word' id='word_1_149' title='bbox 142 1965 270 2021; x_wconf 80' lang='lat' dir='ltr'><strong><em>facultate</em></strong></span> <span class='ocrx_word' id='word_1_150' title='bbox 285 1962 390 2019; x_wconf 87' lang='lat' dir='ltr'><strong><em>dicendi</em></strong></span> <span class='ocrx_word' id='word_1_151' title='bbox 405 1971 451 2018; x_wconf 88' lang='lat' dir='ltr'><strong><em>aut</em></strong></span> <span class='ocrx_word' id='word_1_152' title='bbox 466 1960 585 2036; x_wconf 80' lang='lat' dir='ltr'><strong><em>perfecta</em></strong></span> <span class='ocrx_word' id='word_1_153' title='bbox 605 1961 803 2031; x_wconf 85' lang='lat' dir='ltr'><strong><em>deformarent,</em></strong></span> <span class='ocrx_word' id='word_1_154' title='bbox 825 1970 871 2017; x_wconf 89' lang='lat' dir='ltr'><strong><em>aut</em></strong></span> <span class='ocrx_word' id='word_1_155' title='bbox 891 1963 1015 2020; x_wconf 88' lang='lat' dir='ltr'><strong><em>inchoata</em></strong></span> <span class='ocrx_word' id='word_1_156' title='bbox 1036 1979 1097 2036; x_wconf 90' lang='lat' dir='ltr'><strong><em>per·</em></strong></span> 
     </span>
     <span class='ocr_line' id='line_1_21' title="bbox 143 2044 1097 2118; baseline 0 -16"><span class='ocrx_word' id='word_1_157' title='bbox 143 2046 264 2104; x_wconf 87' lang='lat' dir='ltr'><strong><em>ficerent.</em></strong></span> <span class='ocrx_word' id='word_1_158' title='bbox 301 2045 364 2110; x_wconf 87' lang='lat' dir='ltr'><strong><em>inde</em></strong></span> <span class='ocrx_word' id='word_1_159' title='bbox 379 2047 420 2101; x_wconf 87' lang='lat' dir='ltr'><strong><em>ius</em></strong></span> <span class='ocrx_word' id='word_1_160' title='bbox 436 2061 544 2118; x_wconf 87' lang='lat' dir='ltr'><strong><em>anceps,</em></strong></span> <span class='ocrx_word' id='word_1_161' title='bbox 564 2060 594 2100; x_wconf 89' lang='lat' dir='ltr'><strong><em>ac</em></strong></span> <span class='ocrx_word' id='word_1_162' title='bbox 608 2061 658 2117; x_wconf 91' lang='lat' dir='ltr'><strong><em>pro</em></strong></span> <span class='ocrx_word' id='word_1_163' title='bbox 674 2044 819 2102; x_wconf 87' lang='lat' dir='ltr'><strong><em>dicentium</em></strong></span> <span class='ocrx_word' id='word_1_164' title='bbox 835 2046 1097 2118; x_wconf 75' lang='lat' dir='ltr'><strong><em>inpulsu-&#39;uacillat-</em></strong></span> 
     </span>
     <span class='ocr_line' id='line_1_22' title="bbox 143 2120 1097 2197; baseline 0.001 -10"><span class='ocrx_word' id='word_1_165' title='bbox 143 2123 219 2187; x_wconf 88' lang='lat' dir='ltr'><strong><em>tia¹²</em></strong></span> <span class='ocrx_word' id='word_1_166' title='bbox 240 2129 434 2186; x_wconf 88' lang='lat' dir='ltr'><strong><em>sententiarum</em></strong></span> <span class='ocrx_word' id='word_1_167' title='bbox 450 2128 557 2184; x_wconf 87' lang='lat' dir='ltr'><strong><em>decreta</em></strong></span> <span class='ocrx_word' id='word_1_168' title='bbox 571 2120 781 2197; x_wconf 80' lang='lat' dir='ltr'><strong><em>’differebant,¹³</em></strong></span> <span class='ocrx_word' id='word_1_169' title='bbox 802 2123 939 2185; x_wconf 80' lang='lat' dir='ltr'><strong><em>llanime¹⁴</em></strong></span> <span class='ocrx_word' id='word_1_170' title='bbox 959 2130 1097 2188; x_wconf 88' lang='lat' dir='ltr'><strong><em>karissime</em></strong></span> 
     </span>
     <span class='ocr_line' id='line_1_23' title="bbox 143 2205 1098 2288; baseline 0 -18"><span class='ocrx_word' id='word_1_171' title='bbox 143 2231 175 2271; x_wconf 85' lang='lat' dir='ltr'><strong><em>ac</em></strong></span> <span class='ocrx_word' id='word_1_172' title='bbox 196 2213 402 2272; x_wconf 86' lang='lat' dir='ltr'><strong><em>’iucundissime</em></strong></span> <span class='ocrx_word' id='word_1_173' title='bbox 417 2205 537 2270; x_wconf 76' lang='lat' dir='ltr'><strong><em>nobis¹⁵</em></strong></span> <span class='ocrx_word' id='word_1_174' title='bbox 572 2209 640 2268; x_wconf 89' lang='lat' dir='ltr'><strong><em>Hinc</em></strong></span> <span class='ocrx_word' id='word_1_175' title='bbox 655 2213 725 2268; x_wconf 92' lang='lat' dir='ltr'><strong><em>enim</em></strong></span> <span class='ocrx_word' id='word_1_176' title='bbox 741 2227 827 2286; x_wconf 88' lang='lat' dir='ltr'><strong><em>nuper</em></strong></span> <span class='ocrx_word' id='word_1_177' title='bbox 841 2215 959 2288; x_wconf 77' lang='lat' dir='ltr'><strong><em>exceptis</em></strong></span> <span class='ocrx_word' id='word_1_178' title='bbox 973 2216 1098 2288; x_wconf 89' lang='lat' dir='ltr'><strong><em>personis</em></strong></span> 
     </span>
    </p>
   </div>
   <div class='ocr_carea' id='block_1_5' title="bbox 144 2423 1210 2562">
    <p class='ocr_par' dir='ltr' id='par_1_9' title="bbox 144 2423 1210 2562">
     <span class='ocr_line' id='line_1_24' title="bbox 217 2423 1210 2492; baseline 0.003 -17"><span class='ocrx_word' id='word_1_179' title='bbox 217 2423 236 2491; x_wconf 84' lang='grc'><strong><em>1)</em></strong></span> <span class='ocrx_word' id='word_1_180' title='bbox 252 2425 408 2476; x_wconf 85' lang='lat' dir='ltr'><strong><em>Sententiam</em></strong></span> <span class='ocrx_word' id='word_1_181' title='bbox 425 2425 542 2488; x_wconf 81' lang='lat' dir='ltr'><strong><em>supplevi</em></strong></span> <span class='ocrx_word' id='word_1_182' title='bbox 560 2423 648 2489; x_wconf 86' lang='lat' dir='ltr'><strong><em>(aliter</em></strong></span> <span class='ocrx_word' id='word_1_183' title='bbox 667 2431 742 2490; x_wconf 84' lang='lat' dir='ltr'><strong><em>atquc</em></strong></span> <span class='ocrx_word' id='word_1_184' title='bbox 757 2425 890 2492; x_wconf 75' lang='lat' dir='ltr'><strong><em>Monens).</em></strong></span> <span class='ocrx_word' id='word_1_185' title='bbox 918 2427 957 2477; x_wconf 88' lang='lat' dir='ltr'><strong><em>Dc</em></strong></span> <span class='ocrx_word' id='word_1_186' title='bbox 971 2443 1000 2476; x_wconf 85' lang='lat' dir='ltr'><strong><em>re</em></strong></span> <span class='ocrx_word' id='word_1_187' title='bbox 1016 2429 1050 2492; x_wconf 82' lang='lat' dir='ltr'><strong><em>cf.</em></strong></span> <span class='ocrx_word' id='word_1_188' title='bbox 1065 2427 1097 2480; x_wconf 87' lang='lat' dir='ltr'><strong><em>L.</em></strong></span> <span class='ocrx_word' id='word_1_189' title='bbox 1199 2469 1210 2486; x_wconf 69' lang='grc'>,</span> 
     </span>
     <span class='ocr_line' id='line_1_25' title="bbox 144 2492 1097 2562; baseline 0.001 -15"><span class='ocrx_word' id='word_1_190' title='bbox 144 2514 186 2549; x_wconf 90' lang='lat' dir='ltr'><strong><em>un.</em></strong></span> <span class='ocrx_word' id='word_1_191' title='bbox 210 2496 254 2548; x_wconf 81' lang='lat' dir='ltr'><strong><em>Ta.</em></strong></span> <span class='ocrx_word' id='word_1_192' title='bbox 276 2497 302 2546; x_wconf 81' lang='lat'><strong><em>0.</em></strong></span> <span class='ocrx_word' id='word_1_193' title='bbox 320 2497 352 2545; x_wconf 88' lang='lat' dir='ltr'><strong><em>de</em></strong></span> <span class='ocrx_word' id='word_1_194' title='bbox 371 2497 467 2560; x_wconf 75' lang='lat' dir='ltr'><strong><em>inquot.</em></strong></span> <span class='ocrx_word' id='word_1_195' title='bbox 488 2495 529 2544; x_wconf 81' lang='lat' dir='ltr'><strong><em>tit.</em></strong></span> <span class='ocrx_word' id='word_1_196' title='bbox 549 2493 584 2560; x_wconf 84' lang='lat'><strong><em>(8,</em></strong></span> <span class='ocrx_word' id='word_1_197' title='bbox 604 2494 647 2560; x_wconf 84' lang='lat'>14).</span> <span class='ocrx_word' id='word_1_198' title='bbox 714 2492 734 2561; x_wconf 64' lang='grc' dir='ltr'><strong><em>Ξ)</em></strong></span> <span class='ocrx_word' id='word_1_199' title='bbox 753 2498 864 2560; x_wconf 86' lang='lat' dir='ltr'><strong><em>persequi</em></strong></span> <span class='ocrx_word' id='word_1_200' title='bbox 888 2497 946 2548; x_wconf 89' lang='lat' dir='ltr'><strong><em>Vot.</em></strong></span> <span class='ocrx_word' id='word_1_201' title='bbox 966 2499 1023 2550; x_wconf 89' lang='lat' dir='ltr'><strong><em>edd.</em></strong></span> <span class='ocrx_word' id='word_1_202' title='bbox 1043 2513 1097 2562; x_wconf 86' lang='lat' dir='ltr'><strong><em>per-</em></strong></span> 
     </span>
    </p>
   </div>
   <div class='ocr_carea' id='block_1_6' title="bbox 141 2571 1101 3559">
    <p class='ocr_par' dir='ltr' id='par_1_10' title="bbox 141 2571 1101 3559">
     <span class='ocr_line' id='line_1_26' title="bbox 144 2571 1098 2652; baseline 0.002 -18"><span class='ocrx_word' id='word_1_203' title='bbox 144 2600 170 2634; x_wconf 90' lang='lat' dir='ltr'><strong><em>se</em></strong></span> <span class='ocrx_word' id='word_1_204' title='bbox 182 2622 187 2634; x_wconf 94' lang='lat'><strong><em>.</em></strong></span> <span class='ocrx_word' id='word_1_205' title='bbox 200 2621 205 2633; x_wconf 95' lang='lat'>.</span> <span class='ocrx_word' id='word_1_206' title='bbox 217 2621 223 2633; x_wconf 85' lang='lat'><em>.</em></span> <span class='ocrx_word' id='word_1_207' title='bbox 235 2571 250 2650; x_wconf 72' lang='lat' dir='ltr'><strong><em>iq&#39;</em></strong></span> <span class='ocrx_word' id='word_1_208' title='bbox 264 2583 333 2649; x_wconf 87' lang='lat' dir='ltr'><strong><em>(nam</em></strong></span> <span class='ocrx_word' id='word_1_209' title='bbox 346 2585 424 2632; x_wconf 86' lang='lat' dir='ltr'><strong><em>aliter</em></strong></span> <span class='ocrx_word' id='word_1_210' title='bbox 438 2585 525 2632; x_wconf 85' lang='lat' dir='ltr'><strong><em>littera</em></strong></span> <span class='ocrx_word' id='word_1_211' title='bbox 540 2598 563 2646; x_wconf 86' lang='lat' dir='ltr'><strong><em>q,</em></strong></span> <span class='ocrx_word' id='word_1_212' title='bbox 577 2585 602 2632; x_wconf 83' lang='lat' dir='ltr'><strong><em>si</em></strong></span> <span class='ocrx_word' id='word_1_213' title='bbox 615 2591 685 2634; x_wconf 87' lang='lat' dir='ltr'><strong><em>recte</em></strong></span> <span class='ocrx_word' id='word_1_214' title='bbox 699 2599 823 2647; x_wconf 75' lang='lat' dir='ltr'><strong><em>cupressu</em></strong></span> <span class='ocrx_word' id='word_1_215' title='bbox 838 2587 893 2635; x_wconf 86' lang='lat' dir='ltr'><strong><em>eius</em></strong></span> <span class='ocrx_word' id='word_1_216' title='bbox 907 2587 1016 2652; x_wconf 75' lang='lat' dir='ltr'><strong><em>vestiqia</em></strong></span> <span class='ocrx_word' id='word_1_217' title='bbox 1030 2594 1098 2645; x_wconf 89' lang='lat' dir='ltr'><strong><em>sunt,</em></strong></span> 
     </span>
     <span class='ocr_line' id='line_1_27' title="bbox 144 2652 1099 2721; baseline 0.002 -17"><span class='ocrx_word' id='word_1_218' title='bbox 144 2662 233 2706; x_wconf 87' lang='lat' dir='ltr'><strong><em>notata</em></strong></span> <span class='ocrx_word' id='word_1_219' title='bbox 247 2669 302 2704; x_wconf 88' lang='lat' dir='ltr'><strong><em>esse</em></strong></span> <span class='ocrx_word' id='word_1_220' title='bbox 316 2670 366 2704; x_wconf 88' lang='lat' dir='ltr'><strong><em>non</em></strong></span> <span class='ocrx_word' id='word_1_221' title='bbox 377 2652 473 2718; x_wconf 84' lang='lat' dir='ltr'><strong><em>potuit)</em></strong></span> <span class='ocrx_word' id='word_1_222' title='bbox 493 2653 521 2701; x_wconf 87' lang='lat' dir='ltr'><em>V</em></span> <span class='ocrx_word' id='word_1_223' title='bbox 521 2653 540 2702; x_wconf 56' lang='grc' dir='ltr'><strong><em>ἃ.</em></strong></span> <span class='ocrx_word' id='word_1_224' title='bbox 556 2655 671 2718; x_wconf 86' lang='lat' dir='ltr'><strong><em>persequi</em></strong></span> <span class='ocrx_word' id='word_1_225' title='bbox 684 2670 764 2718; x_wconf 86' lang='lat' dir='ltr'><strong><em>neque</em></strong></span> <span class='ocrx_word' id='word_1_226' title='bbox 778 2656 818 2704; x_wconf 90' lang='lat' dir='ltr'><strong><em>ed.</em></strong></span> <span class='ocrx_word' id='word_1_227' title='bbox 834 2656 947 2706; x_wconf 77' lang='lat' dir='ltr'><strong><em>Montius.</em></strong></span> <span class='ocrx_word' id='word_1_228' title='bbox 1021 2653 1042 2721; x_wconf 80' lang='grc'><strong><em>8)</em></strong></span> <span class='ocrx_word' id='word_1_229' title='bbox 1056 2656 1099 2706; x_wconf 91' lang='lat' dir='ltr'><strong><em>Ita</em></strong></span> 
     </span>
     <span class='ocr_line' id='line_1_28' title="bbox 144 2721 1098 2788; baseline 0 -12"><span class='ocrx_word' id='word_1_230' title='bbox 144 2726 257 2776; x_wconf 90' lang='lat' dir='ltr'><strong><em>Momms.</em></strong></span> <span class='ocrx_word' id='word_1_231' title='bbox 273 2732 366 2774; x_wconf 88' lang='lat' dir='ltr'><strong><em>constet</em></strong></span> <span class='ocrx_word' id='word_1_232' title='bbox 380 2725 468 2774; x_wconf 86' lang='lat' dir='ltr'><strong><em>ceteri.</em></strong></span> <span class='ocrx_word' id='word_1_233' title='bbox 542 2721 563 2788; x_wconf 63' lang='grc'><strong><em>4)</em></strong></span> <span class='ocrx_word' id='word_1_234' title='bbox 578 2725 629 2772; x_wconf 87' lang='lat' dir='ltr'><strong><em>iuri</em></strong></span> <span class='ocrx_word' id='word_1_235' title='bbox 649 2725 779 2786; x_wconf 78' lang='lat' dir='ltr'><strong><em>subiugatis</em></strong></span> <span class='ocrx_word' id='word_1_236' title='bbox 798 2726 838 2776; x_wconf 88' lang='lat' dir='ltr'><strong><em>ed.</em></strong></span> <span class='ocrx_word' id='word_1_237' title='bbox 857 2727 951 2776; x_wconf 82' lang='lat' dir='ltr'><strong><em>Halleo.</em></strong></span> <span class='ocrx_word' id='word_1_238' title='bbox 971 2727 1021 2776; x_wconf 89' lang='lat' dir='ltr'><strong><em>iuri</em></strong></span> <span class='ocrx_word' id='word_1_239' title='bbox 1040 2728 1098 2776; x_wconf 87' lang='lat' dir='ltr'><strong><em>sub-</em></strong></span> 
     </span>
     <span class='ocr_line' id='line_1_29' title="bbox 145 2791 1098 2858; baseline 0.001 -12"><span class='ocrx_word' id='word_1_240' title='bbox 145 2797 217 2858; x_wconf 77' lang='lat' dir='ltr'><strong><em>iugati</em></strong></span> <span class='ocrx_word' id='word_1_241' title='bbox 236 2797 276 2846; x_wconf 88' lang='lat' dir='ltr'><strong><em>cd.</em></strong></span> <span class='ocrx_word' id='word_1_242' title='bbox 292 2795 406 2844; x_wconf 85' lang='lat' dir='ltr'><strong><em>Momms.</em></strong></span> <span class='ocrx_word' id='word_1_243' title='bbox 480 2791 500 2858; x_wconf 72' lang='grc'><strong><em>5)</em></strong></span> <span class='ocrx_word' id='word_1_244' title='bbox 515 2793 557 2844; x_wconf 87' lang='lat' dir='ltr'><strong><em>Ita</em></strong></span> <span class='ocrx_word' id='word_1_245' title='bbox 577 2795 604 2842; x_wconf 90' lang='lat' dir='ltr'><em>V</em></span> <span class='ocrx_word' id='word_1_246' title='bbox 606 2792 626 2842; x_wconf 54' lang='grc' dir='ltr'><strong><em>ἆ.</em></strong></span> <span class='ocrx_word' id='word_1_247' title='bbox 647 2795 758 2844; x_wconf 85' lang='lat' dir='ltr'><strong><em>reccidat</em></strong></span> <span class='ocrx_word' id='word_1_248' title='bbox 771 2796 809 2844; x_wconf 90' lang='lat' dir='ltr'><strong><em>ed.</em></strong></span> <span class='ocrx_word' id='word_1_249' title='bbox 825 2796 919 2846; x_wconf 80' lang='lat' dir='ltr'><strong><em>Hollao.</em></strong></span> <span class='ocrx_word' id='word_1_250' title='bbox 939 2797 1041 2846; x_wconf 87' lang='lat' dir='ltr'><strong><em>reddant</em></strong></span> <span class='ocrx_word' id='word_1_251' title='bbox 1059 2798 1098 2847; x_wconf 88' lang='lat' dir='ltr'><strong><em>cd.</em></strong></span> 
     </span>
     <span class='ocr_line' id='line_1_30' title="bbox 144 2863 1100 2932; baseline 0 -15"><span class='ocrx_word' id='word_1_252' title='bbox 144 2867 258 2918; x_wconf 86' lang='lat' dir='ltr'><strong><em>Momms.</em></strong></span> <span class='ocrx_word' id='word_1_253' title='bbox 333 2863 354 2932; x_wconf 75' lang='lat'><strong><em>⁸)</em></strong></span> <span class='ocrx_word' id='word_1_254' title='bbox 368 2866 452 2929; x_wconf 88' lang='lat' dir='ltr'><strong><em>inqua</em></strong></span> <span class='ocrx_word' id='word_1_255' title='bbox 472 2863 499 2912; x_wconf 90' lang='lat' dir='ltr'><em>V</em></span> <span class='ocrx_word' id='word_1_256' title='bbox 499 2863 521 2914; x_wconf 65' lang='lat'><strong><em>³.</em></strong></span> <span class='ocrx_word' id='word_1_257' title='bbox 536 2865 594 2916; x_wconf 90' lang='lat' dir='ltr'><strong><em>edd.</em></strong></span> <span class='ocrx_word' id='word_1_258' title='bbox 610 2867 633 2914; x_wconf 93' lang='lat' dir='ltr'><strong><em>in</em></strong></span> <span class='ocrx_word' id='word_1_259' title='bbox 649 2880 717 2928; x_wconf 85' lang='lat' dir='ltr'><strong><em>quam</em></strong></span> <span class='ocrx_word' id='word_1_260' title='bbox 731 2873 756 2915; x_wconf 90' lang='lat' dir='ltr'><strong><em>et</em></strong></span> <span class='ocrx_word' id='word_1_261' title='bbox 765 2873 857 2929; x_wconf 83' lang='lat' dir='ltr'><strong><em>posteo</em></strong></span> <span class='ocrx_word' id='word_1_262' title='bbox 871 2868 1100 2917; x_wconf 87' lang='lat' dir='ltr'><strong><em>commendationem</em></strong></span> 
     </span>
     <span class='ocr_line' id='line_1_31' title="bbox 144 2932 1097 3002; baseline 0.003 -16"><span class='ocrx_word' id='word_1_263' title='bbox 144 2938 184 2986; x_wconf 89' lang='lat' dir='ltr'><strong><em>cd.</em></strong></span> <span class='ocrx_word' id='word_1_264' title='bbox 205 2937 317 2986; x_wconf 87' lang='lat' dir='ltr'><strong><em>Mamms.</em></strong></span> <span class='ocrx_word' id='word_1_265' title='bbox 397 2932 417 3000; x_wconf 65' lang='lat' dir='ltr'><strong><em>l)</em></strong></span> <span class='ocrx_word' id='word_1_266' title='bbox 436 2936 564 2984; x_wconf 81' lang='lat' dir='ltr'><strong><em>aduentam</em></strong></span> <span class='ocrx_word' id='word_1_267' title='bbox 586 2935 617 2984; x_wconf 88' lang='lat' dir='ltr'><strong><em>V.</em></strong></span> <span class='ocrx_word' id='word_1_268' title='bbox 637 2937 693 2985; x_wconf 88' lang='lat' dir='ltr'><strong><em>edd.</em></strong></span> <span class='ocrx_word' id='word_1_269' title='bbox 727 2937 812 2985; x_wconf 82' lang='lat' dir='ltr'><strong><em>Antea</em></strong></span> <span class='ocrx_word' id='word_1_270' title='bbox 834 2933 888 2986; x_wconf 82' lang='lat' dir='ltr'><strong><em>‘ea’</em></strong></span> <span class='ocrx_word' id='word_1_271' title='bbox 910 2940 1040 3002; x_wconf 83' lang='lat' dir='ltr'><strong><em>supplevi:</em></strong></span> <span class='ocrx_word' id='word_1_272' title='bbox 1061 2953 1097 2989; x_wconf 89' lang='lat' dir='ltr'><strong><em>sc.</em></strong></span> 
     </span>
     <span class='ocr_line' id='line_1_32' title="bbox 143 3002 1099 3073; baseline 0.004 -19"><span class='ocrx_word' id='word_1_273' title='bbox 143 3008 277 3069; x_wconf 75' lang='lat' dir='ltr'><strong><em>functione</em></strong></span> <span class='ocrx_word' id='word_1_274' title='bbox 296 3005 418 3070; x_wconf 83' lang='lat' dir='ltr'><strong><em>obsequii.</em></strong></span> <span class='ocrx_word' id='word_1_275' title='bbox 470 3003 491 3069; x_wconf 72' lang='grc' dir='ltr'><strong><em>ὃ)</em></strong></span> <span class='ocrx_word' id='word_1_276' title='bbox 506 3023 530 3056; x_wconf 88' lang='lat' dir='ltr'><strong><em>a.</em></strong></span> <span class='ocrx_word' id='word_1_277' title='bbox 545 3017 593 3058; x_wconf 75' lang='lat'><strong><em>3³0·</em></strong></span> <span class='ocrx_word' id='word_1_278' title='bbox 644 3002 666 3072; x_wconf 77' lang='grc'><strong><em>9)</em></strong></span> <span class='ocrx_word' id='word_1_279' title='bbox 686 3006 771 3056; x_wconf 81' lang='lat' dir='ltr'><strong><em>Verba</em></strong></span> <span class='ocrx_word' id='word_1_280' title='bbox 786 3007 938 3070; x_wconf 85' lang='lat' dir='ltr'><strong><em>dispositiva</em></strong></span> <span class='ocrx_word' id='word_1_281' title='bbox 953 3009 1012 3058; x_wconf 84' lang='lat' dir='ltr'><strong><em>inde</em></strong></span> <span class='ocrx_word' id='word_1_282' title='bbox 1027 3024 1043 3056; x_wconf 87' lang='lat' dir='ltr'><strong><em>a</em></strong></span> <span class='ocrx_word' id='word_1_283' title='bbox 1057 3007 1099 3073; x_wconf 76' lang='lat' dir='ltr'><strong><em>(e.)</em></strong></span> 
     </span>
     <span class='ocr_line' id='line_1_33' title="bbox 145 3075 1098 3143; baseline 0.002 -19"><span class='ocrx_word' id='word_1_284' title='bbox 145 3082 250 3124; x_wconf 79' lang='lat' dir='ltr'><strong><em>exstant</em></strong></span> <span class='ocrx_word' id='word_1_285' title='bbox 264 3077 291 3122; x_wconf 87' lang='lat' dir='ltr'><strong><em>in</em></strong></span> <span class='ocrx_word' id='word_1_286' title='bbox 305 3075 337 3122; x_wconf 85' lang='lat' dir='ltr'><strong><em>L.</em></strong></span> <span class='ocrx_word' id='word_1_287' title='bbox 352 3089 372 3126; x_wconf 91' lang='lat'><strong><em>1.</em></strong></span> <span class='ocrx_word' id='word_1_288' title='bbox 400 3075 444 3124; x_wconf 78' lang='lat' dir='ltr'><strong><em>dn.</em></strong></span> <span class='ocrx_word' id='word_1_289' title='bbox 466 3075 491 3124; x_wconf 82' lang='lat'><strong><em>0.</em></strong></span> <span class='ocrx_word' id='word_1_290' title='bbox 506 3077 538 3125; x_wconf 90' lang='lat' dir='ltr'><strong><em>dc</em></strong></span> <span class='ocrx_word' id='word_1_291' title='bbox 556 3077 643 3126; x_wconf 87' lang='lat' dir='ltr'><strong><em>donat.</em></strong></span> <span class='ocrx_word' id='word_1_292' title='bbox 659 3075 689 3139; x_wconf 83' lang='lat' dir='ltr'><strong><em>(s,</em></strong></span> <span class='ocrx_word' id='word_1_293' title='bbox 704 3077 740 3143; x_wconf 77' lang='lat'><strong><em>12)</em></strong></span> <span class='ocrx_word' id='word_1_294' title='bbox 755 3093 784 3141; x_wconf 82' lang='lat' dir='ltr'><strong><em>p.</em></strong></span> <span class='ocrx_word' id='word_1_295' title='bbox 800 3089 846 3129; x_wconf 75' lang='lat' dir='ltr'><strong><em>tue.</em></strong></span> <span class='ocrx_word' id='word_1_296' title='bbox 870 3078 954 3127; x_wconf 85' lang='lat' dir='ltr'><strong><em>Haeo.</em></strong></span> <span class='ocrx_word' id='word_1_297' title='bbox 970 3101 1003 3120; x_wconf 90' lang='lat'><em>=</em></span> <span class='ocrx_word' id='word_1_298' title='bbox 1018 3079 1050 3126; x_wconf 87' lang='lat' dir='ltr'><strong><em>L.</em></strong></span> <span class='ocrx_word' id='word_1_299' title='bbox 1065 3088 1098 3129; x_wconf 77' lang='lat'><strong><em>25.</em></strong></span> 
     </span>
     <span class='ocr_line' id='line_1_34' title="bbox 148 3142 1101 3212; baseline 0.002 -18"><span class='ocrx_word' id='word_1_300' title='bbox 148 3145 174 3194; x_wconf 86' lang='lat' dir='ltr'><strong><em>C.</em></strong></span> <span class='ocrx_word' id='word_1_301' title='bbox 190 3145 245 3196; x_wconf 89' lang='lat' dir='ltr'><strong><em>eod.</em></strong></span> <span class='ocrx_word' id='word_1_302' title='bbox 261 3144 293 3208; x_wconf 79' lang='lat'><strong><em>(8,</em></strong></span> <span class='ocrx_word' id='word_1_303' title='bbox 307 3142 344 3208; x_wconf 79' lang='lat'><strong><em>54)</em></strong></span> <span class='ocrx_word' id='word_1_304' title='bbox 359 3145 401 3194; x_wconf 79' lang='lat' dir='ltr'><strong><em>dic</em></strong></span> <span class='ocrx_word' id='word_1_305' title='bbox 422 3147 478 3194; x_wconf 86' lang='lat' dir='ltr'><strong><em>illic</em></strong></span> <span class='ocrx_word' id='word_1_306' title='bbox 497 3153 601 3196; x_wconf 85' lang='lat' dir='ltr'><strong><em>mutata.</em></strong></span> <span class='ocrx_word' id='word_1_307' title='bbox 668 3144 699 3212; x_wconf 84' lang='grc'><strong><em>10)</em></strong></span> <span class='ocrx_word' id='word_1_308' title='bbox 714 3149 731 3200; x_wconf 83' lang='lat' dir='ltr'><strong><em>t&#39;.</em></strong></span> <span class='ocrx_word' id='word_1_309' title='bbox 746 3163 768 3197; x_wconf 89' lang='lat' dir='ltr'><strong><em>e.</em></strong></span> <span class='ocrx_word' id='word_1_310' title='bbox 782 3148 912 3206; x_wconf 84' lang='lat' dir='ltr'><strong><em>Licinius,</em></strong></span> <span class='ocrx_word' id='word_1_311' title='bbox 926 3150 950 3196; x_wconf 85' lang='lat' dir='ltr'><strong><em>si</em></strong></span> <span class='ocrx_word' id='word_1_312' title='bbox 960 3151 1061 3210; x_wconf 88' lang='lat' dir='ltr'><strong><em>placet,</em></strong></span> <span class='ocrx_word' id='word_1_313' title='bbox 1075 3154 1101 3196; x_wconf 94' lang='lat' dir='ltr'><strong><em>et</em></strong></span> 
     </span>
     <span class='ocr_line' id='line_1_35' title="bbox 146 3213 1099 3279; baseline 0 -14"><span class='ocrx_word' id='word_1_314' title='bbox 146 3215 337 3272; x_wconf 82' lang='lat' dir='ltr'><strong><em>Martinianus,</em></strong></span> <span class='ocrx_word' id='word_1_315' title='bbox 357 3213 389 3263; x_wconf 81' lang='lat' dir='ltr'><strong><em>ab</em></strong></span> <span class='ocrx_word' id='word_1_316' title='bbox 407 3215 452 3264; x_wconf 87' lang='lat' dir='ltr'><strong><em>itta</em></strong></span> <span class='ocrx_word' id='word_1_317' title='bbox 471 3230 495 3266; x_wconf 86' lang='lat' dir='ltr'><strong><em>u.</em></strong></span> <span class='ocrx_word' id='word_1_318' title='bbox 511 3217 660 3279; x_wconf 71' lang='lat' dir='ltr'><strong><em>masuetus</em></strong></span> <span class='ocrx_word' id='word_1_319' title='bbox 676 3217 779 3266; x_wconf 79' lang='lat' dir='ltr'><strong><em>Caesar.</em></strong></span> <span class='ocrx_word' id='word_1_320' title='bbox 813 3217 872 3266; x_wconf 85' lang='lat' dir='ltr'><strong><em>Vid.</em></strong></span> <span class='ocrx_word' id='word_1_321' title='bbox 888 3224 969 3266; x_wconf 85' lang='lat' dir='ltr'><strong><em>tomen</em></strong></span> <span class='ocrx_word' id='word_1_322' title='bbox 985 3217 1099 3266; x_wconf 86' lang='lat' dir='ltr'><strong><em>Momms.</em></strong></span> 
     </span>
     <span class='ocr_line' id='line_1_36' title="bbox 141 3281 1099 3352; baseline -0.003 -15"><span class='ocrx_word' id='word_1_323' title='bbox 141 3303 168 3350; x_wconf 85' lang='lat' dir='ltr'><strong><em>p.</em></strong></span> <span class='ocrx_word' id='word_1_324' title='bbox 181 3295 231 3338; x_wconf 72' lang='lat'><strong>40⁶.</strong></span> <span class='ocrx_word' id='word_1_325' title='bbox 302 3281 336 3349; x_wconf 77' lang='grc'><strong><em>11)</em></strong></span> <span class='ocrx_word' id='word_1_326' title='bbox 350 3283 393 3333; x_wconf 93' lang='lat' dir='ltr'><strong><em>Ita</em></strong></span> <span class='ocrx_word' id='word_1_327' title='bbox 412 3284 439 3332; x_wconf 92' lang='lat' dir='ltr'><em>V</em></span> <span class='ocrx_word' id='word_1_328' title='bbox 440 3282 460 3333; x_wconf 67' lang='lat'><strong><em>⁶.</em></strong></span> <span class='ocrx_word' id='word_1_329' title='bbox 480 3285 520 3334; x_wconf 87' lang='lat' dir='ltr'><strong><em>ed.</em></strong></span> <span class='ocrx_word' id='word_1_330' title='bbox 540 3286 654 3336; x_wconf 87' lang='lat' dir='ltr'><strong><em>Momms.</em></strong></span> <span class='ocrx_word' id='word_1_331' title='bbox 725 3283 758 3352; x_wconf 74' lang='lat'><strong><em>¹⁹)</em></strong></span> <span class='ocrx_word' id='word_1_332' title='bbox 774 3287 908 3336; x_wconf 89' lang='lat' dir='ltr'><strong><em>uaccillanti</em></strong></span> <span class='ocrx_word' id='word_1_333' title='bbox 932 3287 992 3336; x_wconf 86' lang='lat' dir='ltr'><strong><em>Vct.</em></strong></span> <span class='ocrx_word' id='word_1_334' title='bbox 1011 3287 1099 3334; x_wconf 88' lang='lat' dir='ltr'><strong><em>uaccil·</em></strong></span> 
     </span>
     <span class='ocr_line' id='line_1_37' title="bbox 145 3352 1101 3420; baseline 0.001 -16"><span class='ocrx_word' id='word_1_335' title='bbox 145 3357 215 3405; x_wconf 86' lang='lat' dir='ltr'><strong><em>lautis</em></strong></span> <span class='ocrx_word' id='word_1_336' title='bbox 235 3354 263 3404; x_wconf 90' lang='lat' dir='ltr'><em>V</em></span> <span class='ocrx_word' id='word_1_337' title='bbox 263 3353 282 3407; x_wconf 56' lang='grc' dir='ltr'><strong><em>ἀ.</em></strong></span> <span class='ocrx_word' id='word_1_338' title='bbox 301 3355 430 3404; x_wconf 89' lang='lat' dir='ltr'><strong><em>uaccillans</em></strong></span> <span class='ocrx_word' id='word_1_339' title='bbox 445 3355 476 3403; x_wconf 88' lang='lat' dir='ltr'><strong><em>dc</em></strong></span> <span class='ocrx_word' id='word_1_340' title='bbox 490 3354 588 3406; x_wconf 81' lang='lat' dir='ltr'><strong><em>Bucldt.</em></strong></span> <span class='ocrx_word' id='word_1_341' title='bbox 604 3359 636 3419; x_wconf 84' lang='lat' dir='ltr'><strong><em>cj.</em></strong></span> <span class='ocrx_word' id='word_1_342' title='bbox 651 3357 691 3405; x_wconf 88' lang='lat' dir='ltr'><strong><em>ed.</em></strong></span> <span class='ocrx_word' id='word_1_343' title='bbox 706 3356 799 3406; x_wconf 87' lang='lat' dir='ltr'><strong><em>Hollw.</em></strong></span> <span class='ocrx_word' id='word_1_344' title='bbox 867 3352 900 3420; x_wconf 77' lang='grc'><strong><em>18)</em></strong></span> <span class='ocrx_word' id='word_1_345' title='bbox 916 3355 960 3405; x_wconf 80' lang='lat' dir='ltr'><strong><em>En</em></strong></span> <span class='ocrx_word' id='word_1_346' title='bbox 974 3356 1101 3405; x_wconf 83' lang='lat' dir='ltr'><strong><em>Barkouii</em></strong></span> 
     </span>
     <span class='ocr_line' id='line_1_38' title="bbox 146 3421 1101 3492; baseline 0.002 -18"><span class='ocrx_word' id='word_1_347' title='bbox 146 3428 179 3488; x_wconf 80' lang='lat' dir='ltr'><strong><em>cj.</em></strong></span> <span class='ocrx_word' id='word_1_348' title='bbox 195 3425 321 3474; x_wconf 79' lang='lat' dir='ltr'><strong><em>differebat</em></strong></span> <span class='ocrx_word' id='word_1_349' title='bbox 344 3424 402 3474; x_wconf 89' lang='lat' dir='ltr'><strong><em>Vat.</em></strong></span> <span class='ocrx_word' id='word_1_350' title='bbox 418 3425 476 3474; x_wconf 90' lang='lat' dir='ltr'><strong><em>edd.</em></strong></span> <span class='ocrx_word' id='word_1_351' title='bbox 552 3421 584 3491; x_wconf 68' lang='grc'><strong><em>14)</em></strong></span> <span class='ocrx_word' id='word_1_352' title='bbox 601 3427 755 3488; x_wconf 79' lang='lat' dir='ltr'><strong><em>Praefectus</em></strong></span> <span class='ocrx_word' id='word_1_353' title='bbox 769 3424 828 3475; x_wconf 86' lang='lat' dir='ltr'><strong><em>urbi</em></strong></span> <span class='ocrx_word' id='word_1_354' title='bbox 847 3441 871 3475; x_wconf 88' lang='lat' dir='ltr'><strong><em>a.</em></strong></span> <span class='ocrx_word' id='word_1_355' title='bbox 886 3437 933 3478; x_wconf 74' lang='lat' dir='ltr'><strong><em>tete.</em></strong></span> <span class='ocrx_word' id='word_1_356' title='bbox 1010 3423 1041 3492; x_wconf 80' lang='lat'><strong><em>¹⁵)</em></strong></span> <span class='ocrx_word' id='word_1_357' title='bbox 1056 3425 1101 3476; x_wconf 79' lang='lat' dir='ltr'><strong><em>Ea</em></strong></span> 
     </span>
     <span class='ocr_line' id='line_1_39' title="bbox 146 3494 689 3559; baseline 0.004 -15"><span class='ocrx_word' id='word_1_358' title='bbox 146 3495 259 3544; x_wconf 79' lang='lat' dir='ltr'><strong><em>Mamaos.</em></strong></span> <span class='ocrx_word' id='word_1_359' title='bbox 275 3498 308 3559; x_wconf 76' lang='lat' dir='ltr'><strong><em>ci.</em></strong></span> <span class='ocrx_word' id='word_1_360' title='bbox 323 3494 493 3544; x_wconf 84' lang='lat' dir='ltr'><strong><em>iucundissime</em></strong></span> <span class='ocrx_word' id='word_1_361' title='bbox 508 3496 565 3545; x_wconf 89' lang='lat' dir='ltr'><strong><em>edd.</em></strong></span> <span class='ocrx_word' id='word_1_362' title='bbox 581 3503 689 3546; x_wconf 86' lang='lat' dir='ltr'><strong><em>ceterae.</em></strong></span> 
     </span>
    </p>
   </div>
   <div class='ocr_carea' id='block_1_7' title="bbox 0 0 1366 4110">
    <p class='ocr_par' dir='ltr' id='par_1_11' title="bbox 0 0 1366 4110">
     <span class='ocr_line' id='line_1_40' title="bbox 0 0 1366 4110; baseline 0 0"><span class='ocrx_word' id='word_1_363' title='bbox 0 0 1366 4110; x_wconf 95' lang='lat' dir='ltr'><strong><em> </em></strong></span> 
     </span>
    </p>
   </div>
  </div>
 </body>
</html>
