2680 4112
459 257 485 290 aa.
504 255 642 292 ennrsmvs
659 255 751 294 meo.
1023 251 1086 310 113

121 385 177 451 sit;
200 384 266 438 item
289 398 359 457 quae
382 383 438 454 ipsa
461 391 506 438 aut
528 384 604 440 cuius
626 390 702 455 pater
717 385 898 456 emancipatus
914 385 961 453 sit,
983 387 1086 444 etiamsi

125 467 190 522 uiuo
213 473 291 540 patre
313 467 340 522 in
362 467 405 520 aui
413 474 553 540 potestate
568 467 619 534 sit3
638 467 702 522 item
717 470 793 522 cuius
808 475 933 540 parentes
949 467 1018 524 alter
1032 487 1086 526 am·

124 550 196 606 boue
217 551 380 606 seruitutem
396 551 550 606 seruieruut
564 558 610 605 aut
624 551 652 606 in
667 551 785 622 negotiis
801 551 916 608 sordidis
933 560 1085 610 uer-santur.

125 633 179 690 Sed
194 649 261 704 earn,
279 634 355 690 cuius
370 649 450 690 soror
465 633 497 688 ad
512 633 539 690 id
549 633 728 690 sacerdotium
737 633 806 690 lecta
816 643 868 705 est,
884 638 1085 694 excusationem

125 719 225 773 mereri
247 719 338 785 aiunt3
359 719 424 772 item
446 719 522 774 cuius
544 725 620 791 pater
641 716 736 772 llameu
752 727 797 773 aut
813 735 900 790 augur
914 728 959 774 aut
975 720 1086 793 quinde-

126 803 269 856 cimuirum
285 805 369 856 sacris
384 801 514 856 [abundis
526 809 572 856 aut
582 802 777 874 septemuirum
789 801 935 874 epulonum
947 811 993 858 aut
1004 804 1085 859 salius

126 893 179 941 est.
216 885 338 958 Sponsae
367 901 476 958 quoque
504 883 638 958 pontilicis
662 891 689 940 et
712 882 836 942 tubicinis
858 902 994 944 sacrorum
1016 885 1085 943 filiae

76 976 121 1037 [cs]
129 971 236 1026 uacatio
248 968 423 1025 asacerdotio
435 969 488 1024 isto
501 967 582 1024 tribui
593 961 691 1026 solet.1
703 997 744 1009 -
754 968 822 1026 Gell.
832 968 859 1040 1,
874 969 921 1024 12.
935 970 981 1042 33.
995 970 1085 1030 1-7.

189 1064 239 1126 22.
262 1069 293 1124 ln
314 1067 384 1124 libro
400 1067 481 1124 Laelii
495 1069 591 1124 Felicis
613 1068 647 1124 ad
662 1067 694 1135 Q.
711 1068 826 1124 llucium
848 1070 934 1142 primo
957 1072 1086 1142 scriptum

126 1161 179 1222 est,
194 1151 348 1210 Labeonem
363 1151 491 1222 scribere,
509 1152 593 1208 calata
607 1154 714 1209 comitia
729 1169 797 1222 esse,
821 1169 889 1225 quae
905 1169 954 1226 pro
970 1153 1086 1228 collegio

126 1235 288 1311 pontificum
309 1235 443 1292 habentur
465 1245 510 1292 aut
532 1237 605 1309 regis
627 1243 674 1292 aut
689 1235 824 1292 llaminum
839 1236 1087 1310 inaugurandorum

127 1337 220 1377 causa.
249 1318 346 1375 Eorum
362 1329 451 1376 autem
467 1320 516 1376 alia
531 1335 590 1376 esse
606 1322 718 1390 curiata,
730 1321 781 1377 alia
796 1323 957 1377 centuriata.
981 1320 1086 1376 Curiata

129 1419 181 1478 per
201 1404 323 1459 lictorem
338 1404 470 1460 curiatum
487 1403 578 1475 calari,
599 1403 625 1458 id
642 1411 683 1459 est
698 1407 851 1476 conuocari,
874 1405 1024 1462 centuriata
1038 1421 1087 1479 per

131 1488 305 1544 cornicinem.
321 1517 360 1528 -
376 1486 445 1544 Gell.
463 1487 511 1555 15,
528 1487 577 1544 27.
595 1487 643 1560 88.
662 1488 688 1543 1.
705 1487 734 1545 2.

400 1654 448 1710 Ad
470 1655 649 1712 duodecim
672 1655 816 1714 tabulas.

192 1769 242 1831 23.
264 1771 351 1828 Labeo
375 1773 402 1828 in
423 1771 492 1828 libro
515 1773 548 1828 de
569 1767 710 1829 duodecim
726 1773 823 1829 tabulis
838 1773 958 1830 secundo
973 1776 1042 1830 acria
1060 1783 1087 1830 et

127 1875 226 1915 reuera
239 1857 338 1912 iudicis
353 1855 385 1912 de
400 1856 479 1912 lurtis
494 1856 583 1912 habita
599 1873 657 1912 esse
670 1857 740 1929 apud
752 1865 859 1912 ueteres
872 1858 991 1929 scripsit,
1007 1858 1088 1930 idque

127 1943 243 1998 Brutum
253 1941 364 1996 solitum
375 1939 474 2010 dicere,
490 1948 516 1996 et
531 1940 596 1996 lorti
612 1941 783 2012 dampnatum
799 1956 868 2010 esse,
885 1941 930 2011 qui
941 1942 1089 1995 iumentum

132 2025 263 2082 aliorsum
278 2025 399 2096 duxerat,
416 2039 494 2097 quam
510 2041 564 2097 quo
581 2024 710 2080 utendum
726 2031 872 2095 acceperat,
889 2024 952 2078 item
969 2024 1015 2095 qui
1030 2023 1088 2078 lon-

129 2111 190 2181 gius
206 2108 383 2182 produxerat,
399 2123 478 2180 quam
493 2110 520 2164 in
536 2125 615 2181 quem
631 2109 719 2164 locum
734 2108 857 2180 petierat.
871 2135 908 2146 -·
926 2105 993 2162 Gell.
1009 2103 1087 2180 6(7),

130 2192 180 2250 15.
197 2193 226 2264 s.
245 2193 273 2248 1.

191 2280 242 2341 24.
266 2284 407 2340 Praeterea
421 2285 449 2340 in
461 2285 658 2341 commentariis
671 2283 810 2348 Labeonis,
828 2299 896 2356 quae
906 2281 938 2336 ad
950 2281 1090 2337 duodecim

129 2369 235 2426 tabulas
258 2371 422 2441 composuit,
444 2369 480 2423 ita
503 2369 632 2440 scriptum
655 2377 712 2423 est:
751 2365 846 2440 ‘Virgo
864 2366 976 2421 Vestalis
1000 2382 1088 2438 neque

128 2455 210 2509 heres
233 2459 276 2508 est
297 2455 421 2523 cuiquam
442 2453 570 2507 intestato
593 2467 680 2525 neque
702 2453 843 2506 intestatae
866 2451 1018 2523 quisquam,
1042 2449 1089 2504 sed

129 2535 204 2592 bona
225 2537 281 2591 eius
302 2537 331 2590 in
352 2535 488 2608 publicum
511 2535 598 2608 redigi
620 2536 703 2592 aiunt.
736 2535 764 2590 ld
787 2551 841 2610 quo
857 2536 915 2589 iure
932 2531 986 2596 liat,
1009 2549 1089 2608 quae·

130 2616 224 2676 ntur.
239 2650 280 2672 -.
296 2619 363 2674 neri.
382 2619 410 2691 1,
429 2619 475 2676 12.
490 2619 519 2691 §-
537 2619 585 2678 18.

194 2715 243 2776 25,
267 2719 359 2792 ltaque
375 2735 435 2774 curu
451 2735 507 2774 eam
523 2719 611 2792 legem
626 2719 713 2776 Labeo
730 2736 839 2794 quoque
856 2727 948 2774 uester
961 2721 989 2774 in
1005 2719 1090 2788 libris,

129 2819 202 2878 quos
224 2803 258 2858 ad
280 2803 422 2858 duodecim
445 2803 548 2859 tabulas
564 2805 733 2878 consempsit,
757 2820 811 2858 non
827 2803 966 2876 probaret,
982 2797 1089 2868 ‘tum',²
1173 2817 1181 2830 ·

127 2889 230 2961 inquit,
255 2885 295 2941 ‘L
313 2885 434 2942 Veratius
449 2888 501 2942 luit
516 2889 625 2960 egregie
637 2888 717 2942 homo
734 2887 871 2962 improbus
888 2895 969 2959 atque
984 2887 1091 2960 immani

127 2969 268 3028 uecordia.
291 2969 315 3024 ls
330 2987 381 3044 pro
394 2971 589 3028 delectamento
600 2969 724 3042 habebat,
741 2987 771 3026 os
783 2972 898 3028 hominis
910 2971 987 3026 liberi
997 2987 1090 3026 manus

126 3071 193 3112 suae
217 3053 305 3128 palma
328 3053 479 3114 uerberare.
513 3055 579 3109 Eum
601 3069 697 3110 seruus
720 3053 893 3128 sequebatur,
917 3055 1007 3110 lerens
1030 3072 1091 3112 cru·

126 3155 234 3194 menam
258 3138 363 3211 plenam
385 3141 499 3208 assium3
523 3146 552 3193 ut
574 3151 707 3212 quemque
723 3138 932 3212 depalmauerat,
955 3139 1090 3195 inumerari

204 3358 223 3424 ι)
236 3359 313 3410 Haec
327 3362 411 3410 omnio
422 3359 509 3412 Labeo
523 3363 561 3412 iio
574 3361 675 3410 dimisse
689 3361 798 3420 videtur,
814 3368 841 3410 ut
855 3363 977 3424 cuiusque
990 3367 1090 3408 senien-

125 3433 179 3482 tiae
194 3432 358 3494 antiquiores
366 3439 487 3482 auctores
495 3432 617 3494 afferret:
631 3431 698 3480 unde
711 3431 807 3480 Gellius
821 3447 876 3480 eom
885 3433 966 3479 solum
980 3445 996 3478 o
1010 3443 1037 3477 se
1051 3431 1090 3477 in·

23 3497 25 3508 ’
124 3509 241 3564 spectum
252 3502 361 3550 omnium
371 3502 565 3567 diligentissime
575 3501 666 3550 deltae
676 3503 851 3564 rescripsisse
861 3501 938 3548 diarii.
956 3496 977 3565 ²)
988 3497 1091 3561 Scripsi

127 3569 236 3620 ‘Gaius'
250 3587 278 3634 p.
294 3583 341 3623 tat.
362 3571 437 3634 legem
452 3587 505 3622 cum
519 3573 632 3622 Labeo..
645 3607 650 3620 .
663 3609 669 3620 .
680 3580 773 3636 posteo
787 3573 878 3621 ornimo
894 3578 943 3618 tum
957 3569 1014 3618 edd.

180 3666 287 3697 narsen.
301 3666 382 3697 cucur.
396 3667 449 3696 eun.
477 3667 516 3696 nn.
540 3667 564 3697 v.
845 3659 860 3705 8
907 3695 909 3700 .
