<?xml version="1.0" encoding="UTF-8"?>
<!DOCTYPE html PUBLIC "-//W3C//DTD XHTML 1.0 Transitional//EN"
    "http://www.w3.org/TR/xhtml1/DTD/xhtml1-transitional.dtd">
<html xmlns="http://www.w3.org/1999/xhtml" xml:lang="en" lang="en">
 <head>
  <title>
</title>
<meta http-equiv="Content-Type" content="text/html;charset=utf-8" />
  <meta name='ocr-system' content='tesseract 3.04.00' />
  <meta name='ocr-capabilities' content='ocr_page ocr_carea ocr_par ocr_line ocrx_word'/>
</head>
<body>
  <div class='ocr_page' id='page_1' title='image "./ivrisprvdentiae00huscgoog_0448.png"; bbox 0 0 2684 4112; ppageno 0'>
   <div class='ocr_carea' id='block_1_1' title="bbox 365 611 1028 827">
    <p class='ocr_par' dir='ltr' id='par_1_1' title="bbox 365 611 1028 827">
     <span class='ocr_line' id='line_1_1' title="bbox 365 611 969 687; baseline 0.003 -19"><span class='ocrx_word' id='word_1_1' title='bbox 365 679 367 687; x_wconf 45' lang='grc'>,</span> <span class='ocrx_word' id='word_1_2' title='bbox 481 612 761 670; x_wconf 78' lang='lat' dir='ltr'>ivarseonsvuur</span> <span class='ocrx_word' id='word_1_3' title='bbox 781 611 969 670; x_wconf 79' lang='lat' dir='ltr'>cvrvsnau</span> 
     </span>
     <span class='ocr_line' id='line_1_2' title="bbox 415 740 1028 827; baseline -0.003 -11"><span class='ocrx_word' id='word_1_4' title='bbox 415 741 659 816; x_wconf 81' lang='lat' dir='ltr'>OERVIDII</span> <span class='ocrx_word' id='word_1_5' title='bbox 695 740 1028 827; x_wconf 79' lang='lat' dir='ltr'>SOAEVOLAE,</span> 
     </span>
    </p>
   </div>
   <div class='ocr_carea' id='block_1_2' title="bbox 238 913 1205 1080">
    <p class='ocr_par' dir='ltr' id='par_1_2' title="bbox 238 913 1205 1080">
     <span class='ocr_line' id='line_1_3' title="bbox 238 913 1205 973; baseline -0.005 -13"><span class='ocrx_word' id='word_1_6' title='bbox 238 919 282 960; x_wconf 79' lang='lat' dir='ltr'>V&#39;l&#39;</span> <span class='ocrx_word' id='word_1_7' title='bbox 308 918 463 973; x_wconf 74' lang='lat' dir='ltr'>vlnarva,</span> <span class='ocrx_word' id='word_1_8' title='bbox 490 917 530 956; x_wconf 75' lang='lat' dir='ltr'>EX</span> <span class='ocrx_word' id='word_1_9' title='bbox 558 915 749 958; x_wconf 77' lang='lat' dir='ltr'>RRGVLARVM</span> <span class='ocrx_word' id='word_1_10' title='bbox 781 915 876 957; x_wconf 73' lang='lat' dir='ltr'>alnao</span> <span class='ocrx_word' id='word_1_11' title='bbox 907 915 1005 956; x_wconf 75' lang='lat' dir='ltr'>PRIMO</span> <span class='ocrx_word' id='word_1_12' title='bbox 1038 913 1205 956; x_wconf 73' lang='lat' dir='ltr'>Dusvnrra</span> 
     </span>
     <span class='ocr_line' id='line_1_4' title="bbox 477 1025 970 1080; baseline -0.004 -12"><span class='ocrx_word' id='word_1_13' title='bbox 477 1027 569 1080; x_wconf 79' lang='lat' dir='ltr'>PARS,</span> <span class='ocrx_word' id='word_1_14' title='bbox 594 1027 613 1066; x_wconf 77' lang='grc' dir='ltr'><strong>Α</strong></span> <span class='ocrx_word' id='word_1_15' title='bbox 637 1025 796 1068; x_wconf 78' lang='lat' dir='ltr'><strong>DOSITHEO</strong></span> <span class='ocrx_word' id='word_1_16' title='bbox 820 1025 970 1067; x_wconf 66' lang='lat' dir='ltr'>suavem.</span> 
     </span>
    </p>
   </div>
   <div class='ocr_carea' id='block_1_3' title="bbox 238 1134 1278 3164">
    <p class='ocr_par' dir='ltr' id='par_1_3' title="bbox 238 1134 1278 3164">
     <span class='ocr_line' id='line_1_5' title="bbox 307 1134 1278 1207; baseline -0.002 -15"><span class='ocrx_word' id='word_1_17' title='bbox 307 1137 460 1192; x_wconf 89' lang='lat' dir='ltr'>Dositheus</span> <span class='ocrx_word' id='word_1_18' title='bbox 486 1137 687 1207; x_wconf 85' lang='lat' dir='ltr'>grammaticus</span> <span class='ocrx_word' id='word_1_19' title='bbox 714 1136 761 1190; x_wconf 84' lang='lat' dir='ltr'>vel</span> <span class='ocrx_word' id='word_1_20' title='bbox 787 1135 997 1206; x_wconf 77' lang='lat' dir='ltr'>ludimagister,</span> <span class='ocrx_word' id='word_1_21' title='bbox 1025 1134 1075 1204; x_wconf 90' lang='lat' dir='ltr'>qui</span> <span class='ocrx_word' id='word_1_22' title='bbox 1097 1135 1203 1190; x_wconf 81' lang='lat' dir='ltr'>Romae</span> <span class='ocrx_word' id='word_1_23' title='bbox 1221 1137 1278 1190; x_wconf 75' lang='lat'><strong>1⁸⁴¹]</strong></span> 
     </span>
     <span class='ocr_line' id='line_1_6' title="bbox 260 1201 1200 1281; baseline -0.005 -21"><span class='ocrx_word' id='word_1_24' title='bbox 260 1205 416 1260; x_wconf 88' lang='lat' dir='ltr'>otissimum</span> <span class='ocrx_word' id='word_1_25' title='bbox 439 1204 564 1260; x_wconf 83' lang='lat' dir='ltr'>Graecae</span> <span class='ocrx_word' id='word_1_26' title='bbox 588 1204 730 1258; x_wconf 85' lang='lat' dir='ltr'>iuventuti</span> <span class='ocrx_word' id='word_1_27' title='bbox 758 1203 857 1258; x_wconf 88' lang='lat' dir='ltr'>Latine</span> <span class='ocrx_word' id='word_1_28' title='bbox 884 1201 1056 1258; x_wconf 87' lang='lat' dir='ltr'>erudiendae</span> <span class='ocrx_word' id='word_1_29' title='bbox 1085 1217 1200 1281; x_wconf 78' lang='lat' dir='ltr'>operam</span> 
     </span>
     <span class='ocr_line' id='line_1_7' title="bbox 238 1224 1201 1341; baseline -0.005 -14"><span class='ocrx_word' id='word_1_30' title='bbox 238 1224 349 1328; x_wconf 70' lang='lat' dir='ltr'>dedisse</span> <span class='ocrx_word' id='word_1_31' title='bbox 366 1272 488 1336; x_wconf 84' lang='lat' dir='ltr'>videtur,</span> <span class='ocrx_word' id='word_1_32' title='bbox 506 1272 711 1341; x_wconf 78' lang='lat' dir='ltr'><strong>imperantibus</strong></span> <span class='ocrx_word' id='word_1_33' title='bbox 730 1271 867 1340; x_wconf 85' lang='lat' dir='ltr'>Septimio</span> <span class='ocrx_word' id='word_1_34' title='bbox 886 1271 990 1326; x_wconf 86' lang='lat' dir='ltr'>Severo</span> <span class='ocrx_word' id='word_1_35' title='bbox 1018 1272 1048 1326; x_wconf 90' lang='lat' dir='ltr'>et</span> <span class='ocrx_word' id='word_1_36' title='bbox 1065 1269 1124 1324; x_wconf 88' lang='lat' dir='ltr'>fiho</span> <span class='ocrx_word' id='word_1_37' title='bbox 1142 1286 1201 1324; x_wconf 84' lang='lat' dir='ltr'>erus</span> 
     </span>
     <span class='ocr_line' id='line_1_8' title="bbox 239 1336 1201 1408; baseline -0.003 -14"><span class='ocrx_word' id='word_1_38' title='bbox 239 1339 381 1394; x_wconf 84' lang='lat' dir='ltr'>Antonino</span> <span class='ocrx_word' id='word_1_39' title='bbox 400 1343 476 1406; x_wconf 82' lang='lat' dir='ltr'>(nam</span> <span class='ocrx_word' id='word_1_40' title='bbox 498 1341 558 1408; x_wconf 88' lang='lat' dir='ltr'>ipse</span> <span class='ocrx_word' id='word_1_41' title='bbox 577 1339 702 1394; x_wconf 81' lang='lat' dir='ltr'>Maximo</span> <span class='ocrx_word' id='word_1_42' title='bbox 720 1341 750 1394; x_wconf 86' lang='lat' dir='ltr'>et</span> <span class='ocrx_word' id='word_1_43' title='bbox 768 1342 845 1408; x_wconf 85' lang='lat' dir='ltr'>Apro</span> <span class='ocrx_word' id='word_1_44' title='bbox 869 1354 937 1396; x_wconf 86' lang='lat' dir='ltr'>coss.</span> <span class='ocrx_word' id='word_1_45' title='bbox 955 1337 983 1392; x_wconf 89' lang='lat' dir='ltr'>h.</span> <span class='ocrx_word' id='word_1_46' title='bbox 1002 1355 1026 1394; x_wconf 92' lang='lat' dir='ltr'>e.</span> <span class='ocrx_word' id='word_1_47' title='bbox 1066 1379 1072 1392; x_wconf 89' lang='lat'><strong>.</strong></span> <span class='ocrx_word' id='word_1_48' title='bbox 1092 1336 1156 1392; x_wconf 84' lang='lat' dir='ltr'>chr.</span> <span class='ocrx_word' id='word_1_49' title='bbox 1173 1355 1201 1391; x_wconf 91' lang='lat' dir='ltr'>n.</span> 
     </span>
     <span class='ocr_line' id='line_1_9' title="bbox 240 1405 1204 1485; baseline -0.002 -23"><span class='ocrx_word' id='word_1_50' title='bbox 240 1423 265 1462; x_wconf 91' lang='lat' dir='ltr'>a.</span> <span class='ocrx_word' id='word_1_51' title='bbox 284 1413 341 1462; x_wconf 82' lang='lat'><strong>207.</strong></span> <span class='ocrx_word' id='word_1_52' title='bbox 360 1423 392 1484; x_wconf 76' lang='lat' dir='ltr'>se</span> <span class='ocrx_word' id='word_1_53' title='bbox 408 1406 550 1485; x_wconf 77' lang='lat' dir='ltr'>scripsisse</span> <span class='ocrx_word' id='word_1_54' title='bbox 569 1406 721 1484; x_wconf 81' lang='lat' dir='ltr'>significat)</span> <span class='ocrx_word' id='word_1_55' title='bbox 739 1407 898 1485; x_wconf 85' lang='lat' dir='ltr'>composuit</span> <span class='ocrx_word' id='word_1_56' title='bbox 920 1423 1049 1485; x_wconf 79' lang='lat' dir='ltr'>gramma</span> <span class='ocrx_word' id='word_1_57' title='bbox 1064 1405 1135 1460; x_wconf 86' lang='lat' dir='ltr'>&#39;cam</span> <span class='ocrx_word' id='word_1_58' title='bbox 1152 1405 1204 1460; x_wconf 90' lang='lat' dir='ltr'>liu·</span> 
     </span>
     <span class='ocr_line' id='line_1_10' title="bbox 240 1473 1204 1620; baseline -0.004 -22"><span class='ocrx_word' id='word_1_59' title='bbox 240 1473 1204 1620; x_wconf 46' lang='lat' dir='ltr'>{liliataastrigitanae:,titlallsfttcllt</span> 
     </span>
     <span class='ocr_line' id='line_1_11' title="bbox 239 1609 1205 1690; baseline -0.002 -28"><span class='ocrx_word' id='word_1_60' title='bbox 239 1610 337 1688; x_wconf 80' lang='lat' dir='ltr'>menta</span> <span class='ocrx_word' id='word_1_61' title='bbox 353 1610 529 1688; x_wconf 72' lang='lat' dir='ltr'>mserursset,</span> <span class='ocrx_word' id='word_1_62' title='bbox 541 1677 546 1690; x_wconf 92' lang='lat'>.</span> <span class='ocrx_word' id='word_1_63' title='bbox 557 1609 659 1678; x_wconf 89' lang='lat' dir='ltr'>qu1bus</span> <span class='ocrx_word' id='word_1_64' title='bbox 677 1609 777 1665; x_wconf 89' lang='lat' dir='ltr'>Latine</span> <span class='ocrx_word' id='word_1_65' title='bbox 800 1611 939 1688; x_wconf 84' lang='lat' dir='ltr'>discentes</span> <span class='ocrx_word' id='word_1_66' title='bbox 958 1609 1071 1664; x_wconf 83' lang='lat' dir='ltr'>Graecrs</span> <span class='ocrx_word' id='word_1_67' title='bbox 1088 1624 1205 1678; x_wconf 91' lang='lat' dir='ltr'>respon·</span> 
     </span>
     <span class='ocr_line' id='line_1_12' title="bbox 240 1675 1204 1745; baseline -0.001 -15"><span class='ocrx_word' id='word_1_68' title='bbox 240 1675 444 1732; x_wconf 82' lang='lat' dir='ltr'>dentraLatrna</span> <span class='ocrx_word' id='word_1_69' title='bbox 452 1693 579 1732; x_wconf 82' lang='lat' dir='ltr'>invenrre</span> <span class='ocrx_word' id='word_1_70' title='bbox 590 1676 766 1740; x_wconf 76' lang='lat' dir='ltr'>docerentur,</span> <span class='ocrx_word' id='word_1_71' title='bbox 777 1693 874 1732; x_wconf 90' lang='lat' dir='ltr'>eorum</span> <span class='ocrx_word' id='word_1_72' title='bbox 884 1677 1204 1745; x_wconf 89' lang='lat' dir='ltr'>mterpretamentornm</span> 
     </span>
     <span class='ocr_line' id='line_1_13' title="bbox 239 1740 1204 1814; baseline 0 -17"><span class='ocrx_word' id='word_1_73' title='bbox 239 1743 312 1798; x_wconf 88' lang='lat' dir='ltr'>libro</span> <span class='ocrx_word' id='word_1_74' title='bbox 326 1743 413 1798; x_wconf 76' lang='lat' dir='ltr'>tertio</span> <span class='ocrx_word' id='word_1_75' title='bbox 426 1745 477 1798; x_wconf 83' lang='lat' dir='ltr'>sub</span> <span class='ocrx_word' id='word_1_76' title='bbox 489 1745 573 1800; x_wconf 79' lang='lat' dir='ltr'>titulo</span> <span class='ocrx_word' id='word_1_77' title='bbox 588 1741 835 1814; x_wconf 62' lang='grc' dir='ltr'><em>*συγγραμμάτιον</em></span> <span class='ocrx_word' id='word_1_78' title='bbox 853 1740 975 1811; x_wconf 79' lang='grc' dir='ltr'>νομικὸν</span> <span class='ocrx_word' id='word_1_79' title='bbox 993 1741 1118 1812; x_wconf 75' lang='grc' dir='ltr'><em>μάλιστα</em></span> <span class='ocrx_word' id='word_1_80' title='bbox 1137 1744 1204 1808; x_wconf 76' lang='grc' dir='ltr'>περὶ</span> 
     </span>
     <span class='ocr_line' id='line_1_14' title="bbox 240 1808 1203 1881; baseline -0.003 -14"><span class='ocrx_word' id='word_1_81' title='bbox 240 1808 508 1878; x_wconf 73' lang='grc' dir='ltr'><strong><em>ἐλευθερώσεων,-</em></strong></span> <span class='ocrx_word' id='word_1_82' title='bbox 526 1819 672 1881; x_wconf 74' lang='lat' dir='ltr'><em>Disputatio</em></span> <span class='ocrx_word' id='word_1_83' title='bbox 688 1818 803 1880; x_wconf 75' lang='lat' dir='ltr'>furareris</span> <span class='ocrx_word' id='word_1_84' title='bbox 819 1819 928 1868; x_wconf 80' lang='lat' dir='ltr'>manime</span> <span class='ocrx_word' id='word_1_85' title='bbox 950 1818 982 1866; x_wconf 84' lang='lat' dir='ltr'>de</span> <span class='ocrx_word' id='word_1_86' title='bbox 1004 1816 1203 1865; x_wconf 68' lang='lat' dir='ltr'>manummeicai·</span> 
     </span>
     <span class='ocr_line' id='line_1_15' title="bbox 239 1877 1204 1950; baseline -0.002 -17"><span class='ocrx_word' id='word_1_87' title='bbox 239 1883 295 1933; x_wconf 83' lang='lat' dir='ltr'>bus’</span> <span class='ocrx_word' id='word_1_88' title='bbox 324 1879 406 1932; x_wconf 88' lang='lat' dir='ltr'>nobis</span> <span class='ocrx_word' id='word_1_89' title='bbox 437 1881 562 1934; x_wconf 88' lang='lat' dir='ltr'>servavit</span> <span class='ocrx_word' id='word_1_90' title='bbox 590 1880 662 1933; x_wconf 87' lang='lat' dir='ltr'>hanc</span> <span class='ocrx_word' id='word_1_91' title='bbox 690 1880 833 1948; x_wconf 78' lang='lat' dir='ltr'><strong>quantivis</strong></span> <span class='ocrx_word' id='word_1_92' title='bbox 862 1881 948 1950; x_wconf 87' lang='lat' dir='ltr'>pretii</span> <span class='ocrx_word' id='word_1_93' title='bbox 973 1877 1142 1949; x_wconf 74' lang='lat' dir='ltr'>particulam</span> <span class='ocrx_word' id='word_1_94' title='bbox 1169 1894 1204 1932; x_wconf 87' lang='lat' dir='ltr'>ex</span> 
     </span>
     <span class='ocr_line' id='line_1_16' title="bbox 239 1945 1204 2016; baseline 0 -16"><span class='ocrx_word' id='word_1_95' title='bbox 239 1946 431 2002; x_wconf 85' lang='lat' dir='ltr'>iurisconsulti</span> <span class='ocrx_word' id='word_1_96' title='bbox 453 1947 598 2002; x_wconf 90' lang='lat' dir='ltr'>cuiusdam</span> <span class='ocrx_word' id='word_1_97' title='bbox 621 1948 796 2016; x_wconf 78' lang='lat' dir='ltr'>Regularum</span> <span class='ocrx_word' id='word_1_98' title='bbox 819 1947 892 2002; x_wconf 89' lang='lat' dir='ltr'>libro</span> <span class='ocrx_word' id='word_1_99' title='bbox 916 1947 1114 2016; x_wconf 80' lang='lat' dir='ltr'>desumptam.¹</span> <span class='ocrx_word' id='word_1_100' title='bbox 1151 1945 1204 2000; x_wconf 86' lang='lat' dir='ltr'>Re-</span> 
     </span>
     <span class='ocr_line' id='line_1_17' title="bbox 279 2013 1203 2084; baseline 0 -16"><span class='ocrx_word' id='word_1_101' title='bbox 279 2015 320 2070; x_wconf 88' lang='lat' dir='ltr'>las</span> <span class='ocrx_word' id='word_1_102' title='bbox 344 2014 419 2068; x_wconf 89' lang='lat' dir='ltr'>enim</span> <span class='ocrx_word' id='word_1_103' title='bbox 440 2015 491 2070; x_wconf 86' lang='lat' dir='ltr'>has</span> <span class='ocrx_word' id='word_1_104' title='bbox 514 2015 614 2081; x_wconf 87' lang='lat' dir='ltr'>fuisse,</span> <span class='ocrx_word' id='word_1_105' title='bbox 637 2015 698 2084; x_wconf 82' lang='lat' dir='ltr'>ipse</span> <span class='ocrx_word' id='word_1_106' title='bbox 723 2031 819 2070; x_wconf 89' lang='lat' dir='ltr'>earum</span> <span class='ocrx_word' id='word_1_107' title='bbox 848 2017 946 2070; x_wconf 80' lang='lat' dir='ltr'>auctor</span> <span class='ocrx_word' id='word_1_108' title='bbox 968 2019 993 2079; x_wconf 72' lang='grc' dir='ltr'>ς.</span> <span class='ocrx_word' id='word_1_109' title='bbox 1016 2021 1040 2069; x_wconf 84' lang='grc'>3.</span> <span class='ocrx_word' id='word_1_110' title='bbox 1068 2013 1203 2068; x_wconf 82' lang='lat' dir='ltr'>declarat.</span> 
     </span>
     <span class='ocr_line' id='line_1_18' title="bbox 240 2032 1204 2201; baseline -0.002 -65"><span class='ocrx_word' id='word_1_111' title='bbox 240 2032 429 2147; x_wconf 49' lang='lat' dir='ltr'>{iunonem</span> <span class='ocrx_word' id='word_1_112' title='bbox 447 2082 469 2136; x_wconf 92' lang='lat' dir='ltr'>si</span> <span class='ocrx_word' id='word_1_113' title='bbox 487 2083 549 2151; x_wconf 85' lang='lat' dir='ltr'>quis</span> <span class='ocrx_word' id='word_1_114' title='bbox 567 2083 641 2137; x_wconf 89' lang='lat' dir='ltr'>hunc</span> <span class='ocrx_word' id='word_1_115' title='bbox 660 2082 763 2137; x_wconf 85' lang='lat' dir='ltr'>Gaium</span> <span class='ocrx_word' id='word_1_116' title='bbox 781 2081 867 2137; x_wconf 85' lang='lat' dir='ltr'>fuisse</span> <span class='ocrx_word' id='word_1_117' title='bbox 882 2083 998 2150; x_wconf 89' lang='lat' dir='ltr'>statuat,</span> <span class='ocrx_word' id='word_1_118' title='bbox 1018 2081 1094 2150; x_wconf 90' lang='lat' dir='ltr'>quod</span> <span class='ocrx_word' id='word_1_119' title='bbox 1112 2097 1204 2201; x_wconf 53' lang='lat' dir='ltr'>nuper</span> 
     </span>
     <span class='ocr_line' id='line_1_19' title="bbox 238 2149 1204 2219; baseline -0.002 -16"><span class='ocrx_word' id='word_1_120' title='bbox 238 2149 392 2205; x_wconf 79' lang='lat' dir='ltr'>Dirlrssnus</span> <span class='ocrx_word' id='word_1_121' title='bbox 402 2150 531 2219; x_wconf 84' lang='lat' dir='ltr'>probare</span> <span class='ocrx_word' id='word_1_122' title='bbox 549 2152 666 2205; x_wconf 89' lang='lat' dir='ltr'>conatus</span> <span class='ocrx_word' id='word_1_123' title='bbox 689 2152 744 2216; x_wconf 89' lang='lat' dir='ltr'>est,</span> <span class='ocrx_word' id='word_1_124' title='bbox 768 2153 922 2204; x_wconf 83' lang='lat' dir='ltr'>cartonen</span> <span class='ocrx_word' id='word_1_125' title='bbox 941 2149 1046 2204; x_wconf 84' lang='lat' dir='ltr'>Rerum</span> <span class='ocrx_word' id='word_1_126' title='bbox 1064 2151 1144 2218; x_wconf 80' lang='lat' dir='ltr'>quoa</span> <span class='ocrx_word' id='word_1_127' title='bbox 1164 2164 1204 2202; x_wconf 83' lang='lat' dir='ltr'>ra·</span> 
     </span>
     <span class='ocr_line' id='line_1_20' title="bbox 239 2215 1204 2288; baseline -0.002 -16"><span class='ocrx_word' id='word_1_128' title='bbox 239 2233 347 2281; x_wconf 89' lang='lat' dir='ltr'>narum,</span> <span class='ocrx_word' id='word_1_129' title='bbox 367 2219 400 2270; x_wconf 84' lang='lat' dir='ltr'>ut</span> <span class='ocrx_word' id='word_1_130' title='bbox 416 2217 465 2272; x_wconf 89' lang='lat' dir='ltr'>ille</span> <span class='ocrx_word' id='word_1_131' title='bbox 484 2218 616 2286; x_wconf 88' lang='lat' dir='ltr'>opinatus</span> <span class='ocrx_word' id='word_1_132' title='bbox 634 2219 691 2282; x_wconf 86' lang='lat' dir='ltr'>cst,</span> <span class='ocrx_word' id='word_1_133' title='bbox 710 2218 759 2272; x_wconf 91' lang='lat' dir='ltr'>sed</span> <span class='ocrx_word' id='word_1_134' title='bbox 777 2218 952 2288; x_wconf 80' lang='lat' dir='ltr'>Regularum</span> <span class='ocrx_word' id='word_1_135' title='bbox 970 2217 1048 2271; x_wconf 87' lang='lat' dir='ltr'>libris</span> <span class='ocrx_word' id='word_1_136' title='bbox 1066 2216 1114 2272; x_wconf 86' lang='lat' dir='ltr'>vel</span> <span class='ocrx_word' id='word_1_137' title='bbox 1130 2215 1204 2270; x_wconf 92' lang='lat' dir='ltr'>libro</span> 
     </span>
     <span class='ocr_line' id='line_1_21' title="bbox 239 2281 1202 2406; baseline -0.002 -66"><span class='ocrx_word' id='word_1_138' title='bbox 239 2284 375 2364; x_wconf 74' lang='lat' dir='ltr'>singulari</span> <span class='ocrx_word' id='word_1_139' title='bbox 402 2284 610 2406; x_wconf 49' lang='lat' dir='ltr'>(Jlffimpffaium</span> <span class='ocrx_word' id='word_1_140' title='bbox 640 2281 829 2355; x_wconf 77' lang='lat' dir='ltr'>composuisse</span> <span class='ocrx_word' id='word_1_141' title='bbox 862 2301 897 2340; x_wconf 84' lang='lat' dir='ltr'>ex</span> <span class='ocrx_word' id='word_1_142' title='bbox 924 2284 1049 2355; x_wconf 85' lang='lat' dir='ltr'>Digestis</span> <span class='ocrx_word' id='word_1_143' title='bbox 1081 2285 1202 2349; x_wconf 84' lang='lat' dir='ltr'>constat)</span> 
     </span>
     <span class='ocr_line' id='line_1_22' title="bbox 240 2368 529 2408; baseline 0 -2"><span class='ocrx_word' id='word_1_144' title='bbox 240 2368 385 2408; x_wconf 87' lang='lat' dir='ltr'>ass1nare</span> <span class='ocrx_word' id='word_1_145' title='bbox 425 2369 529 2406; x_wconf 82' lang='lat' dir='ltr'>ser.</span> 
     </span>
     <span class='ocr_line' id='line_1_23' title="bbox 337 2417 1204 2489; baseline 0.001 -18"><span class='ocrx_word' id='word_1_146' title='bbox 337 2420 376 2473; x_wconf 91' lang='lat' dir='ltr'>ihi</span> <span class='ocrx_word' id='word_1_147' title='bbox 388 2421 485 2473; x_wconf 85' lang='lat' dir='ltr'>tamen</span> <span class='ocrx_word' id='word_1_148' title='bbox 496 2435 532 2472; x_wconf 91' lang='lat' dir='ltr'>ne</span> <span class='ocrx_word' id='word_1_149' title='bbox 554 2435 589 2473; x_wconf 91' lang='lat' dir='ltr'>ue</span> <span class='ocrx_word' id='word_1_150' title='bbox 603 2418 698 2485; x_wconf 83' lang='lat' dir='ltr'>Gaius,</span> <span class='ocrx_word' id='word_1_151' title='bbox 717 2420 747 2473; x_wconf 91' lang='lat' dir='ltr'>id</span> <span class='ocrx_word' id='word_1_152' title='bbox 759 2419 836 2489; x_wconf 91' lang='lat' dir='ltr'>quod</span> <span class='ocrx_word' id='word_1_153' title='bbox 849 2420 956 2475; x_wconf 84' lang='lat' dir='ltr'>multae</span> <span class='ocrx_word' id='word_1_154' title='bbox 971 2420 1096 2475; x_wconf 87' lang='lat' dir='ltr'>rationes</span> <span class='ocrx_word' id='word_1_155' title='bbox 1108 2417 1204 2474; x_wconf 88' lang='lat' dir='ltr'>redar-</span> 
     </span>
     <span class='ocr_line' id='line_1_24' title="bbox 239 2437 1202 2564; baseline 0.003 -26"><span class='ocrx_word' id='word_1_156' title='bbox 239 2489 341 2556; x_wconf 85' lang='lat' dir='ltr'>guunt,</span> <span class='ocrx_word' id='word_1_157' title='bbox 364 2502 457 2564; x_wconf 78' lang='lat' dir='ltr'>neque</span> <span class='ocrx_word' id='word_1_158' title='bbox 475 2437 598 2564; x_wconf 59' lang='lat' dir='ltr'>Paullus,</span> <span class='ocrx_word' id='word_1_159' title='bbox 618 2502 653 2540; x_wconf 88' lang='lat' dir='ltr'>ex</span> <span class='ocrx_word' id='word_1_160' title='bbox 670 2487 843 2541; x_wconf 86' lang='lat' dir='ltr'>Lachmanni</span> <span class='ocrx_word' id='word_1_161' title='bbox 861 2489 891 2541; x_wconf 91' lang='lat' dir='ltr'>et</span> <span class='ocrx_word' id='word_1_162' title='bbox 908 2486 1036 2541; x_wconf 89' lang='lat' dir='ltr'>Rudorfii</span> <span class='ocrx_word' id='word_1_163' title='bbox 1052 2487 1202 2554; x_wconf 85' lang='lat' dir='ltr'>sententia,</span> 
     </span>
     <span class='ocr_line' id='line_1_25' title="bbox 239 2553 1202 2631; baseline 0.002 -25"><span class='ocrx_word' id='word_1_164' title='bbox 239 2569 325 2622; x_wconf 90' lang='lat' dir='ltr'>quam</span> <span class='ocrx_word' id='word_1_165' title='bbox 343 2553 472 2631; x_wconf 68' lang='lat' dir='ltr'>Yorgtrus</span> <span class='ocrx_word' id='word_1_166' title='bbox 490 2553 606 2630; x_wconf 81' lang='lat' dir='ltr'>refellit,</span> <span class='ocrx_word' id='word_1_167' title='bbox 630 2569 723 2622; x_wconf 85' lang='lat' dir='ltr'>neque</span> <span class='ocrx_word' id='word_1_168' title='bbox 741 2555 928 2624; x_wconf 87' lang='lat' dir='ltr'>Pomponius,</span> <span class='ocrx_word' id='word_1_169' title='bbox 951 2554 987 2609; x_wconf 86' lang='lat' dir='ltr'>do</span> <span class='ocrx_word' id='word_1_170' title='bbox 1005 2570 1060 2624; x_wconf 91' lang='lat' dir='ltr'>quo</span> <span class='ocrx_word' id='word_1_171' title='bbox 1077 2553 1139 2624; x_wconf 87' lang='lat' dir='ltr'>ipso</span> <span class='ocrx_word' id='word_1_172' title='bbox 1156 2555 1202 2608; x_wconf 90' lang='lat' dir='ltr'>hic</span> 
     </span>
     <span class='ocr_line' id='line_1_26' title="bbox 240 2620 1202 2692; baseline 0.002 -18"><span class='ocrx_word' id='word_1_173' title='bbox 240 2621 384 2688; x_wconf 80' lang='lat' dir='ltr'>cogitavit,</span> <span class='ocrx_word' id='word_1_174' title='bbox 402 2620 452 2673; x_wconf 87' lang='lat' dir='ltr'>sed</span> <span class='ocrx_word' id='word_1_175' title='bbox 470 2637 519 2689; x_wconf 83' lang='lat' dir='ltr'>qur</span> <span class='ocrx_word' id='word_1_176' title='bbox 536 2620 580 2674; x_wconf 87' lang='lat' dir='ltr'>his</span> <span class='ocrx_word' id='word_1_177' title='bbox 599 2620 737 2676; x_wconf 77' lang='lat' dir='ltr'>submotis</span> <span class='ocrx_word' id='word_1_178' title='bbox 754 2623 813 2677; x_wconf 81' lang='lat' dir='ltr'>fere</span> <span class='ocrx_word' id='word_1_179' title='bbox 831 2640 903 2676; x_wconf 91' lang='lat' dir='ltr'>unus</span> <span class='ocrx_word' id='word_1_180' title='bbox 920 2621 1091 2692; x_wconf 86' lang='lat' dir='ltr'>relinquitur</span> <span class='ocrx_word' id='word_1_181' title='bbox 1108 2621 1202 2692; x_wconf 88' lang='lat' dir='ltr'>Regu·</span> 
     </span>
     <span class='ocr_line' id='line_1_27' title="bbox 239 2687 1201 2756; baseline 0.001 -16"><span class='ocrx_word' id='word_1_182' title='bbox 239 2687 331 2742; x_wconf 87' lang='lat' dir='ltr'>larum</span> <span class='ocrx_word' id='word_1_183' title='bbox 349 2687 490 2755; x_wconf 88' lang='lat' dir='ltr'>antiquior</span> <span class='ocrx_word' id='word_1_184' title='bbox 509 2689 538 2742; x_wconf 91' lang='lat' dir='ltr'>et</span> <span class='ocrx_word' id='word_1_185' title='bbox 560 2688 662 2742; x_wconf 90' lang='lat' dir='ltr'>clarior</span> <span class='ocrx_word' id='word_1_186' title='bbox 685 2692 796 2756; x_wconf 87' lang='lat' dir='ltr'>auctor,</span> <span class='ocrx_word' id='word_1_187' title='bbox 819 2689 963 2745; x_wconf 83' lang='lat' dir='ltr'>Cervidius</span> <span class='ocrx_word' id='word_1_188' title='bbox 980 2689 1118 2745; x_wconf 84' lang='lat' dir='ltr'>Scaevola</span> <span class='ocrx_word' id='word_1_189' title='bbox 1134 2689 1201 2742; x_wconf 88' lang='lat' dir='ltr'>scri·</span> 
     </span>
     <span class='ocr_line' id='line_1_28' title="bbox 238 2754 1202 2823; baseline 0.002 -15"><span class='ocrx_word' id='word_1_190' title='bbox 238 2755 326 2823; x_wconf 77' lang='lat' dir='ltr'>puisse</span> <span class='ocrx_word' id='word_1_191' title='bbox 353 2754 423 2808; x_wconf 87' lang='lat' dir='ltr'>haec</span> <span class='ocrx_word' id='word_1_192' title='bbox 450 2754 572 2810; x_wconf 87' lang='lat' dir='ltr'>videtur.</span> <span class='ocrx_word' id='word_1_193' title='bbox 615 2756 697 2812; x_wconf 89' lang='lat' dir='ltr'>Hune</span> <span class='ocrx_word' id='word_1_194' title='bbox 723 2757 833 2822; x_wconf 78' lang='lat' dir='ltr'>Ictum,</span> <span class='ocrx_word' id='word_1_195' title='bbox 866 2757 992 2812; x_wconf 90' lang='lat' dir='ltr'>omnium</span> <span class='ocrx_word' id='word_1_196' title='bbox 1021 2759 1089 2812; x_wconf 87' lang='lat' dir='ltr'>tunc</span> <span class='ocrx_word' id='word_1_197' title='bbox 1117 2755 1202 2810; x_wconf 87' lang='lat' dir='ltr'>facile</span> 
     </span>
     <span class='ocr_line' id='line_1_29' title="bbox 238 2823 1202 2894; baseline 0.001 -19"><span class='ocrx_word' id='word_1_198' title='bbox 238 2823 467 2888; x_wconf 85' lang='lat' dir='ltr'>celeberrimum,</span> <span class='ocrx_word' id='word_1_199' title='bbox 490 2823 540 2890; x_wconf 91' lang='lat' dir='ltr'>qui</span> <span class='ocrx_word' id='word_1_200' title='bbox 560 2824 618 2878; x_wconf 88' lang='lat' dir='ltr'>ianr</span> <span class='ocrx_word' id='word_1_201' title='bbox 640 2825 692 2878; x_wconf 85' lang='lat' dir='ltr'>sub</span> <span class='ocrx_word' id='word_1_202' title='bbox 710 2825 861 2879; x_wconf 82' lang='lat' dir='ltr'>Antoninis</span> <span class='ocrx_word' id='word_1_203' title='bbox 882 2825 1066 2889; x_wconf 88' lang='lat' dir='ltr'>inclaruerat,</span> <span class='ocrx_word' id='word_1_204' title='bbox 1087 2823 1202 2894; x_wconf 89' lang='lat' dir='ltr'>praeter</span> 
     </span>
     <span class='ocr_line' id='line_1_30' title="bbox 238 2889 1202 2962; baseline 0.002 -20"><span class='ocrx_word' id='word_1_205' title='bbox 238 2889 311 2943; x_wconf 88' lang='lat' dir='ltr'>hanc</span> <span class='ocrx_word' id='word_1_206' title='bbox 328 2889 449 2944; x_wconf 91' lang='lat' dir='ltr'>nominis</span> <span class='ocrx_word' id='word_1_207' title='bbox 461 2894 574 2958; x_wconf 81' lang='lat' dir='ltr'>famam,</span> <span class='ocrx_word' id='word_1_208' title='bbox 594 2907 649 2960; x_wconf 90' lang='lat' dir='ltr'>qua</span> <span class='ocrx_word' id='word_1_209' title='bbox 665 2890 803 2946; x_wconf 89' lang='lat' dir='ltr'>Licinium</span> <span class='ocrx_word' id='word_1_210' title='bbox 814 2891 947 2946; x_wconf 89' lang='lat' dir='ltr'>Rufinum</span> <span class='ocrx_word' id='word_1_211' title='bbox 959 2893 1108 2962; x_wconf 87' lang='lat' dir='ltr'>aequalem</span> <span class='ocrx_word' id='word_1_212' title='bbox 1119 2891 1202 2945; x_wconf 86' lang='lat' dir='ltr'>item·</span> 
     </span>
     <span class='ocr_line' id='line_1_31' title="bbox 259 2957 1202 3030; baseline 0.004 -20"><span class='ocrx_word' id='word_1_213' title='bbox 259 2973 294 3011; x_wconf 88' lang='lat' dir='ltr'>ue</span> <span class='ocrx_word' id='word_1_214' title='bbox 307 2957 482 3025; x_wconf 80' lang='lat' dir='ltr'>Regularum</span> <span class='ocrx_word' id='word_1_215' title='bbox 494 2959 661 3030; x_wconf 85' lang='lat' dir='ltr'>scriptorem</span> <span class='ocrx_word' id='word_1_216' title='bbox 673 2959 757 3028; x_wconf 89' lang='lat' dir='ltr'>longe</span> <span class='ocrx_word' id='word_1_217' title='bbox 776 2960 936 3029; x_wconf 87' lang='lat' dir='ltr'>superabat,</span> <span class='ocrx_word' id='word_1_218' title='bbox 949 2961 1036 3014; x_wconf 84' lang='lat' dir='ltr'>etiarn</span> <span class='ocrx_word' id='word_1_219' title='bbox 1049 2959 1120 3013; x_wconf 88' lang='lat' dir='ltr'>illud</span> <span class='ocrx_word' id='word_1_220' title='bbox 1132 2974 1202 3028; x_wconf 89' lang='lat' dir='ltr'>prae</span> 
     </span>
     <span class='ocr_line' id='line_1_32' title="bbox 238 2973 1201 3097; baseline 0.002 -19"><span class='ocrx_word' id='word_1_221' title='bbox 238 2973 301 3078; x_wconf 64' lang='lat' dir='ltr'>diis</span> <span class='ocrx_word' id='word_1_222' title='bbox 327 3024 441 3080; x_wconf 82' lang='lat' dir='ltr'>Graccis</span> <span class='ocrx_word' id='word_1_223' title='bbox 468 3027 631 3097; x_wconf 85' lang='lat' dir='ltr'>cumprimis</span> <span class='ocrx_word' id='word_1_224' title='bbox 657 3027 848 3095; x_wconf 85' lang='lat' dir='ltr'>grammaticis</span> <span class='ocrx_word' id='word_1_225' title='bbox 873 3027 1072 3082; x_wconf 86' lang='lat' dir='ltr'>commendare</span> <span class='ocrx_word' id='word_1_226' title='bbox 1100 3028 1130 3080; x_wconf 88' lang='lat' dir='ltr'>et</span> <span class='ocrx_word' id='word_1_227' title='bbox 1155 3041 1201 3080; x_wconf 89' lang='lat' dir='ltr'>ae·</span> 
     </span>
     <span class='ocr_line' id='line_1_33' title="bbox 239 3093 1202 3164; baseline 0.004 -20"><span class='ocrx_word' id='word_1_228' title='bbox 239 3093 354 3160; x_wconf 88' lang='lat' dir='ltr'>ceptum</span> <span class='ocrx_word' id='word_1_229' title='bbox 371 3095 464 3149; x_wconf 85' lang='lat' dir='ltr'>facere</span> <span class='ocrx_word' id='word_1_230' title='bbox 483 3094 595 3159; x_wconf 86' lang='lat' dir='ltr'>debuit,</span> <span class='ocrx_word' id='word_1_231' title='bbox 620 3093 737 3160; x_wconf 85' lang='lat' dir='ltr'>quodie</span> <span class='ocrx_word' id='word_1_232' title='bbox 755 3094 877 3164; x_wconf 88' lang='lat' dir='ltr'>primus,</span> <span class='ocrx_word' id='word_1_233' title='bbox 896 3096 929 3150; x_wconf 90' lang='lat' dir='ltr'>ut</span> <span class='ocrx_word' id='word_1_234' title='bbox 945 3094 1073 3163; x_wconf 87' lang='lat' dir='ltr'>videtur,</span> <span class='ocrx_word' id='word_1_235' title='bbox 1094 3094 1202 3149; x_wconf 79' lang='lat' dir='ltr'>Graece</span> 
     </span>
    </p>
   </div>
   <div class='ocr_carea' id='block_1_4' title="bbox 237 3215 1204 3634">
    <p class='ocr_par' dir='ltr' id='par_1_4' title="bbox 237 3215 1204 3634">
     <span class='ocr_line' id='line_1_34' title="bbox 313 3215 1203 3285; baseline -0.001 -17"><span class='ocrx_word' id='word_1_236' title='bbox 313 3215 333 3285; x_wconf 89' lang='lat'>¹)</span> <span class='ocrx_word' id='word_1_237' title='bbox 347 3219 373 3269; x_wconf 91' lang='lat' dir='ltr'>ln</span> <span class='ocrx_word' id='word_1_238' title='bbox 392 3235 483 3270; x_wconf 88' lang='lat' dir='ltr'>summa</span> <span class='ocrx_word' id='word_1_239' title='bbox 503 3225 584 3268; x_wconf 82' lang='lat' dir='ltr'>nostra</span> <span class='ocrx_word' id='word_1_240' title='bbox 603 3233 651 3267; x_wconf 89' lang='lat' dir='ltr'>non</span> <span class='ocrx_word' id='word_1_241' title='bbox 670 3219 768 3268; x_wconf 79' lang='lat' dir='ltr'>multum</span> <span class='ocrx_word' id='word_1_242' title='bbox 788 3221 902 3279; x_wconf 83' lang='lat' dir='ltr'>interest,</span> <span class='ocrx_word' id='word_1_243' title='bbox 924 3221 988 3284; x_wconf 87' lang='lat' dir='ltr'>quod</span> <span class='ocrx_word' id='word_1_244' title='bbox 1007 3235 1097 3270; x_wconf 89' lang='lat' dir='ltr'>nuuca</span> <span class='ocrx_word' id='word_1_245' title='bbox 1116 3219 1203 3282; x_wconf 83' lang='lat' dir='ltr'>peritis</span> 
     </span>
     <span class='ocr_line' id='line_1_35' title="bbox 238 3289 1203 3354; baseline 0 -16"><span class='ocrx_word' id='word_1_246' title='bbox 238 3291 329 3340; x_wconf 82' lang='lat' dir='ltr'>rectius</span> <span class='ocrx_word' id='word_1_247' title='bbox 343 3291 437 3340; x_wconf 80' lang='lat' dir='ltr'>ridetur</span> <span class='ocrx_word' id='word_1_248' title='bbox 451 3291 532 3351; x_wconf 82' lang='lat' dir='ltr'>statui,</span> <span class='ocrx_word' id='word_1_249' title='bbox 546 3290 605 3339; x_wconf 86' lang='lat' dir='ltr'>haee</span> <span class='ocrx_word' id='word_1_250' title='bbox 620 3289 830 3354; x_wconf 78' lang='lat' dir='ltr'>interpretamenta</span> <span class='ocrx_word' id='word_1_251' title='bbox 845 3292 932 3340; x_wconf 81' lang='lat' dir='ltr'>incerti</span> <span class='ocrx_word' id='word_1_252' title='bbox 940 3291 1046 3340; x_wconf 87' lang='lat' dir='ltr'>auctori</span> <span class='ocrx_word' id='word_1_253' title='bbox 1056 3291 1137 3354; x_wconf 84' lang='lat' dir='ltr'>potius</span> <span class='ocrx_word' id='word_1_254' title='bbox 1147 3304 1203 3339; x_wconf 88' lang='lat' dir='ltr'>cum</span> 
     </span>
     <span class='ocr_line' id='line_1_36' title="bbox 238 3360 1202 3425; baseline 0 -16"><span class='ocrx_word' id='word_1_255' title='bbox 238 3360 345 3412; x_wconf 79' lang='lat' dir='ltr'>llosiihei</span> <span class='ocrx_word' id='word_1_256' title='bbox 356 3368 406 3410; x_wconf 83' lang='lat' dir='ltr'>arte</span> <span class='ocrx_word' id='word_1_257' title='bbox 416 3360 570 3423; x_wconf 77' lang='lat' dir='ltr'>grammatica</span> <span class='ocrx_word' id='word_1_258' title='bbox 581 3374 650 3423; x_wconf 87' lang='lat' dir='ltr'>quam</span> <span class='ocrx_word' id='word_1_259' title='bbox 661 3361 691 3409; x_wconf 90' lang='lat' dir='ltr'>ab</span> <span class='ocrx_word' id='word_1_260' title='bbox 702 3376 730 3410; x_wconf 86' lang='lat' dir='ltr'>eo</span> <span class='ocrx_word' id='word_1_261' title='bbox 741 3363 810 3411; x_wconf 88' lang='lat' dir='ltr'>uobis</span> <span class='ocrx_word' id='word_1_262' title='bbox 823 3377 877 3411; x_wconf 85' lang='lat' dir='ltr'>esse</span> <span class='ocrx_word' id='word_1_263' title='bbox 887 3369 989 3411; x_wconf 83' lang='lat' dir='ltr'>servata.</span> <span class='ocrx_word' id='word_1_264' title='bbox 1015 3362 1054 3425; x_wconf 78' lang='lat' dir='ltr'>Cf.</span> <span class='ocrx_word' id='word_1_265' title='bbox 1063 3361 1097 3410; x_wconf 80' lang='lat' dir='ltr'>K.</span> <span class='ocrx_word' id='word_1_266' title='bbox 1106 3360 1202 3411; x_wconf 83' lang='lat' dir='ltr'>Kram-</span> 
     </span>
     <span class='ocr_line' id='line_1_37' title="bbox 238 3429 1204 3495; baseline -0.001 -15"><span class='ocrx_word' id='word_1_267' title='bbox 238 3430 333 3482; x_wconf 69' lang='lat' dir='ltr'>sacar</span> <span class='ocrx_word' id='word_1_268' title='bbox 343 3433 374 3482; x_wconf 85' lang='lat' dir='ltr'>de</span> <span class='ocrx_word' id='word_1_269' title='bbox 385 3430 517 3481; x_wconf 81' lang='lat' dir='ltr'>codicibus</span> <span class='ocrx_word' id='word_1_270' title='bbox 525 3429 855 3495; x_wconf 79' lang='lat' dir='ltr'>quibuslnterpretameata</span> <span class='ocrx_word' id='word_1_271' title='bbox 862 3432 1120 3483; x_wconf 80' lang='lat' dir='ltr'>Pseudodositlleana</span> <span class='ocrx_word' id='word_1_272' title='bbox 1129 3430 1204 3482; x_wconf 81' lang='lat' dir='ltr'>nodis</span> 
     </span>
     <span class='ocr_line' id='line_1_38' title="bbox 238 3500 1200 3567; baseline 0.003 -18"><span class='ocrx_word' id='word_1_273' title='bbox 238 3502 338 3552; x_wconf 79' lang='lat' dir='ltr'>tradita</span> <span class='ocrx_word' id='word_1_274' title='bbox 349 3508 417 3550; x_wconf 83' lang='lat' dir='ltr'>eunt.</span> <span class='ocrx_word' id='word_1_275' title='bbox 433 3500 550 3553; x_wconf 85' lang='lat' dir='ltr'>llcnachii</span> <span class='ocrx_word' id='word_1_276' title='bbox 560 3511 620 3552; x_wconf 77' lang='lat'>188³.</span> <span class='ocrx_word' id='word_1_277' title='bbox 641 3501 733 3552; x_wconf 71' lang='lat' dir='ltr'>Klein.</span> <span class='ocrx_word' id='word_1_278' title='bbox 743 3503 859 3553; x_wconf 79' lang='lat' dir='ltr'>Muscam</span> <span class='ocrx_word' id='word_1_279' title='bbox 866 3504 889 3567; x_wconf 80' lang='lat' dir='ltr'>s.</span> <span class='ocrx_word' id='word_1_280' title='bbox 901 3503 996 3554; x_wconf 73' lang='lat' dir='ltr'>Paitoi.</span> <span class='ocrx_word' id='word_1_281' title='bbox 1014 3503 1045 3552; x_wconf 87' lang='lat' dir='ltr'>N.</span> <span class='ocrx_word' id='word_1_282' title='bbox 1058 3502 1086 3551; x_wconf 84' lang='lat' dir='ltr'>F.</span> <span class='ocrx_word' id='word_1_283' title='bbox 1106 3502 1157 3551; x_wconf 88' lang='lat' dir='ltr'>Vol.</span> <span class='ocrx_word' id='word_1_284' title='bbox 1167 3511 1200 3552; x_wconf 76' lang='lat' dir='ltr'>ee·</span> 
     </span>
     <span class='ocr_line' id='line_1_39' title="bbox 237 3581 869 3634; baseline -0.003 -11"><span class='ocrx_word' id='word_1_285' title='bbox 237 3586 261 3634; x_wconf 84' lang='lat' dir='ltr'>p.</span> <span class='ocrx_word' id='word_1_286' title='bbox 274 3583 314 3623; x_wconf 82' lang='lat' dir='ltr'>sss</span> <span class='ocrx_word' id='word_1_287' title='bbox 328 3586 378 3634; x_wconf 87' lang='lat' dir='ltr'>ssq.</span> <span class='ocrx_word' id='word_1_288' title='bbox 394 3581 453 3621; x_wconf 79' lang='lat' dir='ltr'>ress.</span> <span class='ocrx_word' id='word_1_289' title='bbox 868 3603 869 3606; x_wconf 17' lang='grc' dir='ltr'>η</span> 
     </span>
    </p>
   </div>
   <div class='ocr_carea' id='block_1_5' title="bbox 0 0 1346 4112">
    <p class='ocr_par' dir='ltr' id='par_1_5' title="bbox 0 0 1346 4112">
     <span class='ocr_line' id='line_1_40' title="bbox 0 0 1346 4112; baseline 0 0"><span class='ocrx_word' id='word_1_290' title='bbox 0 0 1346 4112; x_wconf 95' lang='lat' dir='ltr'> </span> 
     </span>
    </p>
   </div>
  </div>
 </body>
</html>
