2696 4120
224 201 289 264 372
556 212 615 249 om
631 213 734 248 tuom.
752 194 801 248 IV.
821 201 862 249 73.

223 357 352 432 peculiari
373 357 512 414 ’cuiusuis
531 357 614 429 pretii
621 348 632 388 ¹
653 370 742 411 meree
757 355 860 411 sciente
877 361 954 427 patro
975 353 1122 410 dominoue
1142 371 1191 411 ne-

225 443 363 517 gotietur;
392 457 453 496 nom
475 441 499 496 si
527 439 591 513 quid
615 443 676 496 eius
698 443 744 495 rei
770 440 940 513 gratiarum
964 453 996 494 eo
1020 446 1191 496 contractum

156 525 216 577 215.
226 526 320 598 luerit,
335 528 372 582 ito
384 525 550 599 praetorius
562 523 636 594 dieii,
654 531 683 578 ut
695 522 826 597 quidquid
837 525 864 578 in
875 523 921 580 lois
931 519 1065 578 mercibus
1079 517 1083 600 l
1097 516 1109 556 ²
1125 527 1190 596 erit,

165 593 211 632 ‘⁸'
226 612 358 686 quodque
372 611 440 667 iude
456 615 604 681 receptum
620 609 686 678 erit,
698 609 728 664 ici
737 611 814 664 iuter
826 600 973 683 (patrem)
980 604 1190 683 domiuum(ue)‚

225 700 252 754 si
270 697 340 770 quid
350 698 377 752 ei
387 693 544 763 debebitur,
562 700 589 750 et
606 699 720 749 ceteros
730 693 892 749 creditores
905 709 961 764 pro
977 699 1045 748 rata
1057 696 1192 764 portione

225 782 419 838 distribuatur
424 803 434 844 ,·
450 785 477 834 et
492 782 560 852 quia
575 781 634 849 ipsi
647 769 758 855 (patri)
773 769 951 854 domino(ue)
967 778 1192 834 distributionem

225 868 381 938 permittit,
396 865 423 920 si
437 865 502 935 quis
516 877 556 919 ere
571 863 763 918 oreditoribus
778 867 937 932 queratur,
958 865 1044 934 quasi
1058 863 1152 918 minus
1167 866 1194 919 ei
1263 855 1269 868 ’

226 950 362 1006 tributum
377 951 427 1021 sit,
450 964 537 1019 quam
552 949 723 1019 oportuerit,
738 947 816 1002 iano
832 949 859 1001 ei
873 949 1016 1002 actionem
1031 947 1188 1004 adcommo-

225 1035 286 1104 elat,
307 1048 383 1107 quoe
403 1032 557 1089 tributaria
573 1033 750 1102 appellatur.
788 1025 833 1087 78.
848 1030 1011 1086 Praeterea
1026 1033 1192 1088 introducta

227 1125 270 1176 est
291 1121 365 1176 aetio
387 1119 422 1174 de
439 1117 554 1189 peculio
574 1117 666 1188 deque
682 1131 730 1184 eo,
753 1116 832 1187 quod
844 1118 874 1170 in
889 1131 950 1172 rem
965 1108 1089 1195 (patris)
1105 1117 1191 1173 domi·

226 1193 321 1280 uiue)
344 1217 461 1258 uersum
477 1202 547 1272 erit,
568 1207 600 1257 ut
615 1203 748 1273 quamuis
762 1203 825 1256 siue
839 1201 989 1256 uoluntate
1005 1193 1128 1272 (patris)
1144 1202 1193 1258 do·

225 1279 357 1364 mittiue)
372 1289 515 1359 neootium
529 1291 639 1358 aestum
654 1288 719 1354 erit,
741 1290 837 1341 tamen
851 1287 914 1340 siue
928 1285 998 1357 quid
1010 1284 1040 1340 iu
1055 1301 1116 1342 rem
1132 1287 1193 1341 eius

226 1386 343 1430 uersum
355 1370 460 1442 fuerit,
475 1371 506 1426 id
520 1375 606 1428 totum
617 1374 778 1440 praestare
793 1369 907 1440 debeat,
924 1371 987 1425 siue
1001 1371 1072 1442 quid
1086 1387 1142 1426 non
1157 1372 1193 1426 sit

226 1459 256 1512 ire
272 1469 331 1510 rem
348 1457 409 1511 eius
424 1469 551 1524 uersum,
566 1455 597 1510 id
610 1460 732 1510 eotenus
744 1459 901 1525 proestare
916 1452 1027 1526 debeat,
1049 1459 1193 1528 quatenus

225 1541 371 1612 peculium
392 1541 523 1609 patitur:
551 1533 592 1612 [iu
615 1553 677 1594 rem
700 1545 796 1595 autem
817 1540 923 1595 domini
943 1553 1061 1596 uersum
1082 1541 1191 1596 intelle·

225 1627 314 1698 otior,
334 1623 473 1696 quidquid
491 1625 657 1680 necessario
679 1626 709 1679 in
730 1638 791 1680 rem
813 1626 875 1679 eius
893 1623 1058 1694 inpenderit
1077 1638 1192 1694 seruus,
1204 1640 1259 1694 [eoo]

227 1710 319 1766 ueluti
332 1711 359 1764 si
371 1712 519 1764 mutuatus
532 1709 687 1779 peouuiom
702 1707 895 1765 oreditoribus
910 1710 972 1764 eius
990 1710 1116 1771 soluerit,
1141 1714 1193 1764 aut

228 1794 363 1864 aedificia
384 1795 499 1849 ruentia
517 1792 647 1864 fulserit,
669 1797 720 1848 aui
738 1791 872 1864 familiae
888 1792 1066 1864 frumentum
1081 1795 1191 1860 emerit,

228 1879 275 1934 uel
295 1881 380 1934 etiam
397 1877 523 1950 fundum
544 1883 595 1932 aut
615 1876 771 1949 quamlibet
797 1878 884 1932 aliam
910 1891 970 1931 rem
993 1880 1192 1932 neeessariam

228 1968 375 2019 mercatus
390 1966 445 2019 erit
453 1951 471 2041 r]
494 1965 591 2035 itaque
612 1964 638 2017 si
652 1976 692 2018 eu
707 1961 805 2017 decem
819 1967 924 2032 utputo
939 1962 1096 2032 sestertiis,
1117 1974 1193 2034 quae

228 2063 332 2104 seruus
352 2053 457 2104 tuusa
482 2047 553 2102 Titio
574 2053 673 2102 mutua
694 2049 823 2118 aceepit,
846 2047 984 2102 creditori
1004 2051 1051 2101 tuo
1067 2049 1192 2119 quinque

227 2135 361 2188 sestertia
376 2134 506 2203 soluerit,
521 2132 635 2203 reliqua
650 2146 722 2188 uero
743 2133 869 2202 quinque
889 2131 1014 2201 quolibet
1028 2131 1110 2187 mocio
1125 2147 1194 2187 eon·

228 2219 397 2289 sumpserit,
418 2233 474 2288 pro
490 2219 615 2288 quinque
630 2217 742 2288 atridem
762 2215 927 2271 insolidum
946 2215 1084 2270 damnari
1100 2215 1193 2284 debes,

225 2318 281 2372 pro
300 2304 405 2358 ceteris
422 2315 493 2356 uero
510 2303 634 2372 quinque
652 2307 787 2366 eotenus,
810 2305 955 2372 quatenus
969 2302 999 2355 iu
1010 2302 1128 2370 peculio
1143 2303 1194 2356 sit.-

301 2411 321 2478 1)
335 2403 417 2478 dontio
433 2414 482 2479 (uel
497 2412 521 2480 e)
541 2409 594 2474 Vn,
608 2415 655 2464 sed
667 2422 697 2464 ut
710 2417 786 2464 etiam
800 2415 835 2478 pti
850 2416 954 2464 litterae
965 2415 1025 2478 fere
1035 2422 1123 2465 certae
1132 2417 1192 2465 siut.

233 2485 335 2534 Vitiosa
349 2499 412 2534 sone
425 2487 573 2548 scripturo,
588 2485 636 2535 sed
648 2486 722 2544 inde,
737 2492 765 2534 ut
775 2493 853 2549 puto,
871 2492 962 2544 enata,
977 2487 1046 2550 quod
1059 2487 1087 2535 iu
1101 2487 1192 2536 arole·

227 2563 289 2621 typo
308 2556 377 2619 quod
395 2563 465 2614 erat,
485 2556 532 2605 oui'
551 2565 567 2605 u
585 2563 718 2620 ueoeptum
731 2563 770 2606 est
788 2557 867 2620 quiet
885 2563 999 2606 notatum
1010 2548 1041 2620 q',
1055 2556 1193 2607 abeuntetl

228 2628 256 2676 iu
275 2640 297 2675 o.
330 2626 370 2674 De
387 2641 417 2676 re
436 2627 503 2676 idem
523 2625 605 2676 Gaius
622 2627 664 2676 itis
682 2626 768 2677 uerbis
785 2628 862 2686 dioit,
882 2627 952 2691 quod
969 2627 1024 2691 Uip.
1044 2627 1076 2677 L.
1093 2640 1113 2678 1.
1133 2629 1157 2690 ξ.
1172 2639 1192 2678 1.

227 2697 260 2749 Ι).
275 2697 307 2746 de
320 2696 409 2746 tribui.
424 2703 474 2746 aot.
491 2695 536 2763 (ιι,
548 2695 583 2761 4),
597 2699 691 2748 merois
705 2699 916 2761 appeliationem,
933 2699 995 2748 lieet
1008 2701 1145 2764 angustior
1158 2700 1194 2748 sit

227 2766 356 2833 (pertinet
373 2768 439 2816 euim
454 2769 566 2832 proprie
581 2769 617 2818 ad
630 2783 673 2818 res
692 2783 757 2832 quoe
772 2773 891 2835 μερικῶς
904 2770 1010 2818 minutis
1022 2770 1192 2833 pretiisoeu·

227 2839 339 2896 duntur,
357 2838 425 2888 unde
444 2840 521 2888 etiam
539 2839 611 2889 diota
629 2836 689 2904 est),
709 2840 737 2887 iu
755 2839 805 2889 itae
828 2847 911 2889 tamen
930 2841 1032 2890 actione
1054 2839 1090 2888 ad
1107 2854 1193 2890 omues

227 2910 305 2959 etiam
319 2909 427 2959 motoris
437 2911 522 2973 pretii
530 2925 573 2960 res
587 2912 656 2959 uelut
665 2925 761 2968 servos,
776 2917 858 2976 toque,
873 2912 901 2960 in
911 2909 1003 2974 quibus
1013 2912 1071 2974 quis
1080 2913 1193 2976 ueyotie-

227 2986 281 3038 tur,
291 2980 480 3045 porriyendam
495 2995 557 3031 esse.
579 2981 695 3031 Ceterum
705 2982 793 3031 uitium
804 2983 855 3030 iam
865 2983 892 3030 ιἰι
906 2980 1040 3044 Theophili
1049 2983 1194 3046 eaeemplari

227 3052 346 3100 restitisse
359 3052 474 3111 uidetur,
493 3053 560 3102 unde
577 3051 641 3102 haee
655 3051 734 3102 rerba
748 3054 775 3101 io
790 3051 903 3102 Institut.
918 3053 1010 3103 omisit.
1084 3049 1106 3118 ¹)
1124 3051 1195 3113 Quae

227 3128 378 3186 sequuntur,
394 3138 450 3172 oum
464 3124 492 3172 iu
508 3123 533 3172 0.
540 3139 568 3187 p.
577 3133 707 3186 etopoene
718 3124 784 3173 nitu
793 3125 977 3188 leyipotuerit,
990 3122 1023 3172 ab
1032 3124 1090 3173 edd.
1098 3125 1194 3186 paueis

228 3195 377 3243 neeessario
391 3194 490 3243 additis
504 3196 543 3243 oet
552 3195 657 3244 mutatis
671 3209 706 3243 em
718 3193 783 3244 Iust.
797 3195 916 3258 suppleto
930 3195 1032 3244 omnino
1047 3201 1115 3253 sunt,
1129 3197 1195 3244 sotis

228 3269 292 3325 tuto,
307 3271 334 3314 ut
349 3266 451 3314 litterae
466 3265 592 3330 quaedam
606 3280 622 3314 a
636 3263 707 3316 Sido
726 3267 808 3314 leotoe
823 3266 983 3328 confirmant.
1008 3265 1104 3314 Verum
1118 3267 1195 3315 etiam

229 3335 332 3386 brevius
346 3337 471 3400 quaedam
483 3335 574 3385 Gaium
584 3337 744 3399 expressisse
754 3337 835 3400 spatii
843 3337 912 3386 ratio
925 3336 1007 3386 docet.
1027 3336 1119 3401 Itaque
1129 3351 1195 3402 quae

230 3407 258 3455 in
272 3406 357 3457 Instit.
372 3408 464 3458 addita
478 3421 533 3456 esse
547 3407 676 3464 uidentur,
692 3403 724 3475 []
740 3408 845 3457 inclusi.
871 3406 985 3458 Possunt
994 3414 1078 3458 tomen
1092 3408 1195 3458 ethaeo

233 3476 295 3527 Gaii
308 3493 363 3528 esse
378 3485 403 3527 et
417 3477 524 3527 librarii
537 3480 614 3542 eulpa
628 3479 730 3528 omissa.

300 3579 324 3651 ξ.
340 3587 381 3635 73.
398 3606 431 3626 =
446 3585 469 3646 §-
484 3595 505 3637 ι.
525 3584 547 3634 I.
563 3584 596 3635 ib.
618 3583 657 3648 cf.
673 3584 749 3634 Paul.
765 3596 786 3649 o,
800 3595 821 3637 s.
