2672 4112
10 1281 26 1325 Γ

478 1006 756 1082 PRAEFATIO.

199 1253 280 1320 Cum
301 1256 377 1320 ante
392 1253 453 1318 hoc
467 1253 632 1320 biennium
648 1257 680 1318 et
693 1254 778 1339 quod
793 1254 926 1338 excedit,
949 1256 1092 1322 abiblio·

137 1337 214 1420 pola
235 1339 274 1402 de
290 1339 377 1402 omni
392 1358 509 1422 genere
525 1339 681 1402 bonarum
696 1339 877 1404 litterarum
891 1341 1093 1405 meritissimo

136 1441 279 1504 rogarer,
302 1425 337 1486 ut
358 1423 392 1484 in
414 1421 537 1486 edenda
558 1443 642 1486 nova
664 1423 868 1506 reliquiarum
890 1417 967 1488 iu'ris
990 1424 1092 1490 civilis

131 1505 378 1568 -anteiustiniani
389 1505 587 1587 collectione,
599 1527 680 1589 quae
692 1507 800 1570 usibus
817 1507 943 1589 quidem
956 1509 1092 1573 maxime

137 1587 324 1652 academicis
358 1589 613 1670 accommodata,
649 1591 704 1654 red
737 1592 832 1654 etiam
865 1590 990 1656 dotibus
1025 1594 1092 1656 suis

135 1675 247 1736 nostro
274 1675 416 1755 tempore
448 1694 516 1736 non
544 1673 677 1756 indigna
704 1677 800 1756 esset,
834 1675 965 1738 consilio
997 1679 1092 1758 atque

137 1777 235 1838 opera
257 1777 330 1820 mea
351 1777 423 1820 eum
445 1756 636 1840 adiuvarem,
659 1757 803 1822 intellexi
825 1759 952 1841 quidem
967 1779 1045 1842 opus
1061 1763 1093 1823 et

137 1839 367 1904 informatione
390 1843 422 1904 et
442 1840 639 1923 perfectione
662 1840 795 1905 arduum
811 1863 830 1904 a
844 1863 893 1906 rne
909 1843 1091 1911 desiderari.

136 1921 290 2007 Cogitans
313 1927 421 1988 tamen
443 1944 594 2008 magnam
615 1925 661 1988 rei
683 1925 855 1989 utilitatem
870 1930 902 1988 et
917 1925 1092 1989 studiorum

136 2028 275 2071 meorum
297 2027 366 2071 non
388 2008 524 2072 alienam
546 2029 565 2071 a
586 2008 644 2071 tali
666 2028 760 2089 opere
782 2008 956 2088 rationem,
985 2009 1092 2073 deesse

139 2091 298 2155 desideriis
321 2091 538 2155 honestissimi
562 2091 621 2155 viri
644 2091 732 2154 nolui
747 2095 780 2154 et
794 2090 891 2155 alacri
906 2092 1010 2155 studio
1024 2114 1092 2156 rem

45 2204 50 2213 ·
140 2195 304 2258 aggressus
328 2197 408 2242 sum.
452 2175 519 2238 Iam
541 2175 581 2242 ad
602 2175 699 2238 finem
720 2174 872 2257 perducto
893 2195 987 2257 opere
1002 2176 1092 2240 video

137 2257 198 2322 hoc
220 2258 289 2322 loco
313 2260 492 2341 exspectari
514 2280 533 2323 a
555 2279 616 2341 me,
639 2259 683 2340 ut,
706 2258 790 2341 quod
806 2258 840 2321 in
856 2277 892 2322 eo
908 2259 1092 2324 adornando

137 2343 305 2406 consilium
327 2345 453 2406 secutus
476 2343 545 2424 sim,
568 2343 735 2424 exponam.

200 2425 287 2500 Quae
320 2425 476 2507 expositio
508 2427 543 2490 in
571 2429 636 2490 tres
666 2429 771 2509 partes
801 2425 964 2490 commode
991 2426 1092 2508 dispe-

139 2513 250 2574 scetur.
295 2508 438 2573 Primum
466 2510 551 2574 enim
577 2510 753 2593 quaeritur,
783 2529 863 2592 quae
892 2509 1092 2592 antiquitatis

137 2595 343 2658 monumenta
364 2593 425 2658 hac
448 2593 633 2658 collectione
649 2593 832 2675 receperim,
857 2593 971 2656 deinde
986 2614 1092 2676 quem·

136 2675 307 2740 admodum
329 2697 367 2740 ea
390 2677 635 2759 composuerim,
663 2680 825 2760 postremo
851 2677 1007 2760 quomodo
1029 2678 1092 2740 sin·
1144 2691 1145 2695 ’

136 2761 213 2843 gula
235 2760 452 2824 instruxerim.

196 2843 250 2908 Ad
277 2844 414 2926 primam
442 2843 658 2927 quaestionem
685 2843 767 2926 quod
796 2843 928 2924 attinet,
960 2864 1032 2907 cum
1060 2847 1093 2908 et

135 2927 328 3010 bibliopolae
356 2932 388 2992 et
416 2947 487 2994 meo
515 2927 649 2991 consilio
679 2927 789 2990 adius
812 2927 903 2990 civile
927 2927 1092 2991 anteiusti·

134 3011 268 3075 nianum
290 3031 328 3076 eo
351 3032 446 3076 sensu
461 3011 583 3094 sylloge
596 3011 707 3074 nostra
722 3014 889 3093 spectaret,
912 3031 974 3093 quo
990 3012 1091 3074 solum

134 3094 182 3157 ius
205 3093 411 3178 prudentium
434 3095 624 3159 auctoritate
654 3096 862 3158 constitutum
883 3094 1092 3178 intellegitur,

135 3179 378 3243 constitutiones
413 3178 594 3261 principum
631 3177 671 3241 ab
708 3198 745 3242 ea
781 3177 892 3260 procul
925 3178 1093 3244 habendae

135 3264 235 3344 erant,
258 3264 290 3326 et
303 3283 345 3325 ne
360 3262 421 3326 hoc
436 3263 470 3326 in
485 3261 614 3326 dubium
629 3261 753 3325 veniret
761 3261 980 3408 {meminimus
997 3262 1091 3343 enim,

135 3347 165 3407 et
187 3345 368 3410 Gustavum
389 3345 561 3429 Hugonem
590 3348 622 3408 et
644 3343 738 3410 IOtos
790 3365 949 3410 onnenses
977 3344 1091 3408 latiore

136 3447 229 3493 sensu
264 3429 343 3493 iuris
380 3430 481 3494 civilis
517 3429 712 3494 mentionem
749 3430 815 3492 suis
851 3427 1092 3494 collectionibus

136 3513 228 3578 etiam
241 3512 373 3579 ¹Codices
386 3513 648 3578 constitutionum
661 3512 943 3595 complectentibus
956 3509 1092 3592 inscrip-
