2678 4116
422 243 482 279 exn
501 245 600 284 xnsrxr.
619 228 640 282 Ι.
661 236 801 286 135-136.
1029 235 1091 302 207

120 385 272 459 praesidem
295 387 453 458 prouinciae
480 386 571 442 solent
597 385 664 444 fieri.
709 385 773 448 135.
798 389 849 458 Qui
872 409 903 447 ex
927 389 983 448 filio
1007 395 1091 450 semei

119 473 257 526 iterumue
272 471 426 543 mancipato
442 478 591 544 conceptus
608 481 660 543 est,
676 473 742 530 licet
755 484 818 548 post
834 477 940 532 tertiam
957 479 1090 551 mancipa-

121 557 222 610 tionem
238 555 325 627 patris
340 555 383 610 sui
398 562 537 626 nascatur,
552 561 683 612 tamenin
700 561 744 614 aui
759 568 894 632 potestate
909 569 961 632 est,
986 570 1014 617 et
1028 562 1089 618 ideo

119 639 151 694 ab
175 656 209 695 eo
232 647 261 694 et
276 639 440 713 emancipari
456 648 484 695 et
498 641 525 695 in
541 639 715 714 adoptionem
731 643 787 698 dari
798 653 910 732 potest.
945 653 972 701 at
986 647 1020 718 is,
1043 649 1090 719 qui

119 741 152 779 ex
168 739 201 779 co
218 721 275 780 filio
292 731 442 797 conceptus
458 732 510 795 est,
527 725 574 798 qui
594 726 622 780 in
644 728 723 782 tertia
743 729 940 801 mancipatione
961 738 1013 802 est,
1034 747 1090 786 nou

55 813 101 868 [¹³41
118 809 242 864 nascitur
258 809 286 863 in
306 809 349 864 aui
371 815 521 881 potestate:
544 816 586 866 set
606 825 667 864 euni
682 810 771 868 Labeo
790 813 897 886 quidem
913 815 1089 870 existimatio

118 892 241 948 ciusdem
257 893 391 966 mancipio
407 909 482 964 esse,
506 893 583 950 ouius
599 901 627 948 et
641 905 719 969 pater
735 899 784 954 sit:
807 898 910 953 utimur
925 907 1018 954 autem
1037 901 1090 955 hoc

117 979 191 1048 iure,
208 986 239 1032 nt
254 977 382 1049 quamdiu
397 985 475 1050 pater
491 979 549 1035 eius
564 979 591 1036 iu
606 981 745 1053 mancipio·
756 981 800 1052 sit,
822 981 940 1055 pendeat
956 983 999 1038 ius
1015 984 1089 1050 eius3

118 1070 147 1119 et
170 1063 193 1116 si
221 1061 331 1134 quidem
359 1070 438 1134 pater
460 1062 520 1118 eius
543 1079 575 1118 cx
598 1066 796 1138 mancipatione
824 1067 1007 1123 manumissus
1029 1069 1089 1134 erit,

115 1138 222 1202 ’cador
240 1148 269 1202 in
285 1151 343 1202 eius
359 1154 541 1219 potestatem3
565 1148 587 1202 si
604 1164 671 1204 uero
694 1151 727 1221 is,
750 1149 814 1206 dum
837 1152 865 1206 in
888 1151 1021 1224 mancipio
1044 1153 1090 1222 sit,

118 1223 287 1310 deicesserit,
307 1233 350 1286 sui
373 1231 440 1286 iuris
463 1229 519 1291 fiat.
551 1227 629 1288 1³5⁸.
651 1231 748 1289 Eadem
770 1233 882 1290 scilicet’
897 1235 1091 1308 intellepemus
1100 1239 1139 1289 38.

116 1321 149 1373 in
166 1323 280 1387 nepote,
296 1333 360 1372 cum
376 1319 464 1372 semel
479 1317 500 1371 is
515 1311 704 1388 'noncupatus
726 1317 824 1391 inerit,
846 1336 882 1374 aa
902 1323 931 1376 in
950 1322 1020 1392 filio,
1042 1325 1092 1394 qui

117 1404 255 1458 intortio
269 1401 477 1473 mancipatione
494 1408 545 1461 est.
575 1395 649 1456 nam²
671 1409 701 1458 ut
717 1420 799 1476 supra
821 1404 946 1474 diximus,
968 1405 1041 1478 quod
1062 1407 1090 1459 in

120 1483 183 1538 filio
207 1483 306 1546 iaciunt
327 1492 384 1540 tres
407 1485 637 1557 mancipationes,
659 1486 713 1542 boc
734 1487 800 1544 iacit
817 1504 869 1544 uua
884 1490 1046 1563 mancipatio
1062 1491 1089 1544 iu

118 1575 235 1640 nepote.
277 1563 339 1626 136.
364 1569 482 1626 'Mulier
499 1561 503 1646 i
520 1585 563 1642 eo,
580 1573 656 1642 quod
674 1575 703 1627 in
728 1589 842 1630 manum
862 1578 1009 1646 conuenit,
1032 1591 1089 1632 aon

117 1669 247 1726 semper,
268 1657 324 1710 nisi
336 1655 540 1728 coemptionem
560 1654 666 1728 iecerit,
683 1661 828 1728 porcariis
844 1665 991 1728 potestate
1006 1660 1090 1716 bodie

117 1740 279 1802 liberatam,-
301 1756 368 1794 nam
389 1740 425 1794 de
443 1741 588 1812 flaminica
609 1741 690 1796 Diali
710 1743 779 1815 ietye
801 1745 897 1798 Asinio
913 1744 1030 1797 Antistia
1051 1757 1090 1798 ex

118 1827 298 1880 auctoritate
325 1823 450 1880 Cornelii
472 1823 575 1880 Maximi
599 1833 627 1879 et
643 1828 647 1890 i
665 1824 815 1880 Tuberonis
839 1833 946 1881 cautum
970 1818 1038 1896 est,³
1062 1833 1090 1880 ut

118 1909 189 1963 haec
204 1908 277 1980 quod
294 1907 326 1962 ad
342 1924 417 1964 sacra
437 1915 544 1965 tautum
560 1907 685 1964 uideatur
704 1910 731 1964 in
750 1926 830 1965 manu
846 1925 916 1979 esse,
933 1909 1007 1981 quod
1022 1925 1089 1964 uero

118 1992 155 2048 ad
180 2000 284 2046 ceteras
306 2008 400 2048 causas
423 1993 535 2064 perinde
550 1991 698 2063 habeatur,
722 2000 803 2065 atque
826 1993 849 2048 si
869 1995 896 2048 iu
912 2009 1018 2048 manum
1034 2009 1090 2048 non

118 2077 306 2132 conuenisset.
343 2077 405 2132 ’eae
421 2079 425 2146 Ι
443 2092 514 2132 uero
535 2081 681 2147 multaret,
704 2093 779 2150 quae
799 2081 829 2133 in
849 2094 965 2134 mortum
986 2093 1088 2134 conue-

42 2182 47 2194 ·
117 2165 205 2216 aiunt
224 2177 281 2231 per
303 2155 542 2234 ceempitionem‚4
563 2169 701 2235 potestate
718 2163 837 2234 parentis
852 2159 1016 2231 liberantur;
1039 2179 1091 2216 ncc

118 2247 253 2316 interest,
277 2261 310 2298 an
333 2247 360 2300 in
383 2247 435 2300 uiri
458 2246 499 2300 sui
516 2263 596 2300 manu
612 2247 668 2301 sint
684 2265 722 2302 an
745 2247 877 2312 extranei,
902 2249 1024 2319 quamuis
1040 2247 1091 2302 hae

119 2329 197 2384 solae
212 2328 274 2384 ioco
291 2328 406 2386 filiarum
422 2329 586 2402 habeantur,
603 2347 672 2404 quae
688 2333 715 2386 iu
733 2332 782 2386 uiri
798 2334 886 2398 malou
901 2339 975 2388 sunt.

198 2461 217 2530 1)
231 2465 276 2513 Ex
285 2464 333 2530 Bp.
345 2466 384 2514 ed.
396 2475 416 2515 5.
432 2465 497 2514 cadit
510 2466 549 2514 ed.
560 2481 615 2515 mea
625 2468 712 2528 prior.
766 2462 786 2530 ⁹)
801 2463 1007 2529 Supplementnm
1022 2482 1090 2515 nuno

119 2537 159 2586 ad
167 2534 259 2586 Soteri.
276 2537 429 2586 accuratius
443 2537 640 2586 accommodavi.
689 2533 709 2596 8)
724 2536 768 2585 En
782 2537 823 2586 bis
837 2537 894 2586 edd.
907 2543 1004 2586 tantam
1010 2552 1089 2600 prae-

118 2614 194 2658 stant
212 2608 299 2656 iecerit
317 2615 342 2656 et
360 2607 453 2656 Maximi
473 2615 497 2655 et
515 2607 656 2656 Tuberonis.
689 2607 721 2656 In
747 2609 910 2658 restitutione
932 2609 968 2656 ad
990 2623 1091 2657 sensum

119 2680 185 2728 licet
198 2680 274 2727 etiarn
289 2679 325 2727 ad
338 2679 432 2727 ductae
445 2678 538 2728 Sebed.
551 2679 626 2741 facta
640 2681 751 2728 maxime
770 2681 896 2728 rationem
911 2678 991 2727 habui
1008 2678 1090 2727 Tacit.

118 2749 154 2798 A.
174 2750 351 2811 4,1o.ada.
372 2759 411 2811 14,
431 2751 506 2799 cuins
524 2764 588 2799 coar.
606 2751 716 2813 fueruat
737 2749 762 2798 0.
784 2749 893 2798 Asinius
913 2749 998 2799 Pollio
1020 2757 1044 2798 et
1065 2748 1090 2797 G.

119 2821 254 2870 Antistius
268 2819 296 2868 V
292 2827 355 2869 etue.
375 2821 414 2868 De
424 2836 461 2878 re,
472 2836 507 2869 aa
517 2822 554 2869 ita
564 2823 645 2869 salvis
654 2818 824 2886 reiipioaibns
835 2823 889 2884 iope
899 2822 1091 2883 caoeripooset

119 2895 173 2957 iam
195 2891 310 2956 Augusti
328 2897 412 2940 aetate
431 2892 534 2940 videtur
552 2898 691 2941 tractatum
710 2907 765 2940 cose
785 2892 829 2955 (cf.
853 2890 935 2940 Tacit.
951 2893 967 2940 l.
983 2907 1005 2940 e.
1020 2889 1090 2939 Suet.

123 2961 179 3013 Oct.
194 2974 228 3014 11.
249 2963 300 3011 Dio
314 2973 348 3024 54,
368 2959 424 3028 nit.)
440 2969 464 3011 et
482 2970 534 3011 tum
552 2961 622 3012 letis
643 2963 761 3012 Cornelio
779 2961 896 3012 Maximo
916 2969 941 3011 et
962 2961 1092 3011 Tuberoni

120 3032 164 3099 (L.
179 3045 200 3084 1.
220 3035 261 3095 ἐξ.
275 3043 309 3083 45.
324 3045 359 3083 46.
379 3033 411 3081 D.
428 3035 460 3082 de
474 3035 540 3098 erip.
556 3035 607 3082 ior.
623 3047 643 3096 1,
659 3046 678 3084 a.
699 3033 731 3082 L.
742 3045 775 3084 16.
791 3035 814 3094 ξ.
826 3045 846 3083 1.
869 3033 901 3082 D.
913 3033 944 3081 de
955 3035 1030 3082 iactr.
1042 3035 1090 3096 lep.

118 3117 155 3166 tta,
171 3103 195 3170 t)
210 3119 242 3153 eo
256 3105 384 3153 sententia
393 3106 535 3168 placuisse,
550 3120 585 3153 em
599 3121 649 3168 qua
663 3103 761 3153 Tiberii
770 3105 868 3153 demum
880 3111 964 3154 aetate
979 3107 1023 3154 tem
1037 3105 1092 3152 iata

119 3183 166 3225 eat.
197 3175 367 3224 Lachmanno
382 3176 414 3223 de
428 3174 495 3224 sero
510 3191 544 3224 cac
558 3177 714 3225 auctoritate
728 3190 793 3224 coss.
809 3191 833 3224 a.
849 3187 896 3228 tte.
921 3176 1001 3224 Pauli
1016 3173 1092 3224 Fabii

120 3247 239 3296 Maximi
253 3254 277 3295 et
295 3245 322 3306 Q.
339 3245 410 3294 Aetia·
427 3246 570 3296 Tuberonis
586 3247 660 3309 facto
675 3247 802 3311 cogitanti
816 3249 894 3296 muita
909 3248 1091 3302 adversantur,

119 3320 149 3366 in
165 3317 258 3381 quidue
267 3325 377 3381 praeter
395 3317 481 3367 Taciti
494 3319 674 3383 auctoritatem
685 3319 761 3366 etiam
773 3318 830 3376 boc,
845 3319 913 3383 quod
923 3319 963 3366 itti
973 3317 1091 3366 consules

119 3391 227 3438 inverso
243 3389 335 3438 ordine
347 3388 464 3450 fuerunt.
531 3383 552 3453 ⁴)
566 3387 692 3438 Similiter
707 3390 818 3438 restitui.

118 3488 336 3496 *—--——-

195 3524 220 3598 ξ.
233 3531 292 3580 135.
305 3529 343 3592 Of.
355 3531 378 3592 ξ.
389 3543 410 3582 9.
430 3529 498 3579 Lib.
508 3546 589 3594 supro
599 3532 638 3594 ξς.
650 3541 697 3581 131.
707 3542 741 3581 89.
801 3525 917 3598 §.135't
934 3527 971 3589 Cf.
988 3527 1027 3588 ἐξ.
1043 3535 1090 3576 111.

120 3613 169 3652 154.
235 3596 260 3668 ξ.
278 3603 337 3652 136.
352 3598 476 3668 quamuis]
495 3601 532 3664 Cf.
548 3603 588 3663 ἐξ.
604 3614 650 3652 111.
666 3613 713 3652 111.
729 3593 792 3652 neb.
812 3661 814 3663 ,
