<?xml version="1.0" encoding="UTF-8"?>
<!DOCTYPE html PUBLIC "-//W3C//DTD XHTML 1.0 Transitional//EN"
    "http://www.w3.org/TR/xhtml1/DTD/xhtml1-transitional.dtd">
<html xmlns="http://www.w3.org/1999/xhtml" xml:lang="en" lang="en">
 <head>
  <title>
</title>
<meta http-equiv="Content-Type" content="text/html;charset=utf-8" />
  <meta name='ocr-system' content='tesseract 3.04.00' />
  <meta name='ocr-capabilities' content='ocr_page ocr_carea ocr_par ocr_line ocrx_word'/>
</head>
<body>
  <div class='ocr_page' id='page_1' title='image "./ivrisprvdentiae00huscgoog_0356.png"; bbox 0 0 2696 4120; ppageno 0'>
   <div class='ocr_carea' id='block_1_1' title="bbox 248 207 936 277">
    <p class='ocr_par' dir='ltr' id='par_1_1' title="bbox 248 207 936 277">
     <span class='ocr_line' id='line_1_1' title="bbox 248 207 936 277; baseline -0.012 -6"><span class='ocrx_word' id='word_1_1' title='bbox 248 209 312 277; x_wconf 81' lang='grc'><strong>332</strong></span> <span class='ocrx_word' id='word_1_2' title='bbox 528 224 589 264; x_wconf 73' lang='lat' dir='ltr'><strong>ean</strong></span> <span class='ocrx_word' id='word_1_3' title='bbox 607 226 709 262; x_wconf 76' lang='lat' dir='ltr'><strong>nesam.</strong></span> <span class='ocrx_word' id='word_1_4' title='bbox 728 207 776 267; x_wconf 90' lang='grc' dir='ltr'><strong>ΙΙΙ.</strong></span> <span class='ocrx_word' id='word_1_5' title='bbox 797 211 936 264; x_wconf 72' lang='lat' dir='ltr'><strong>tae-tat.</strong></span> 
     </span>
    </p>
   </div>
   <div class='ocr_carea' id='block_1_2' title="bbox 179 365 1284 2640">
    <p class='ocr_par' dir='ltr' id='par_1_2' title="bbox 179 365 1284 2640">
     <span class='ocr_line' id='line_1_2' title="bbox 249 365 1214 444; baseline 0.002 -18"><span class='ocrx_word' id='word_1_6' title='bbox 249 371 342 427; x_wconf 89' lang='lat' dir='ltr'><strong>uerius</strong></span> <span class='ocrx_word' id='word_1_7' title='bbox 365 368 491 439; x_wconf 85' lang='lat' dir='ltr'><strong>uidetur,</strong></span> <span class='ocrx_word' id='word_1_8' title='bbox 519 369 590 425; x_wconf 89' lang='lat' dir='ltr'><strong>siout</strong></span> <span class='ocrx_word' id='word_1_9' title='bbox 612 369 727 426; x_wconf 87' lang='lat' dir='ltr'><strong>inierius</strong></span> <span class='ocrx_word' id='word_1_10' title='bbox 750 369 899 444; x_wconf 77' lang='lat' dir='ltr'><strong>apparebit.</strong></span> <span class='ocrx_word' id='word_1_11' title='bbox 942 365 1009 426; x_wconf 83' lang='grc'><strong>184.</strong></span> <span class='ocrx_word' id='word_1_12' title='bbox 1032 367 1214 442; x_wconf 73' lang='lat' dir='ltr'><strong><em>Manifestum</em></strong></span> 
     </span>
     <span class='ocr_line' id='line_1_3' title="bbox 249 451 1213 528; baseline 0 -18"><span class='ocrx_word' id='word_1_13' title='bbox 249 454 356 511; x_wconf 83' lang='lat' dir='ltr'><strong>lurtum</strong></span> <span class='ocrx_word' id='word_1_14' title='bbox 373 453 482 528; x_wconf 90' lang='lat' dir='ltr'><strong>quidam</strong></span> <span class='ocrx_word' id='word_1_15' title='bbox 496 452 523 509; x_wconf 89' lang='lat' dir='ltr'><strong>id</strong></span> <span class='ocrx_word' id='word_1_16' title='bbox 539 470 599 510; x_wconf 89' lang='lat' dir='ltr'><strong>esse</strong></span> <span class='ocrx_word' id='word_1_17' title='bbox 615 453 751 526; x_wconf 80' lang='lat' dir='ltr'><strong>dixerunt,</strong></span> <span class='ocrx_word' id='word_1_18' title='bbox 767 455 843 528; x_wconf 89' lang='lat' dir='ltr'><strong>quod</strong></span> <span class='ocrx_word' id='word_1_19' title='bbox 853 453 917 508; x_wconf 92' lang='lat' dir='ltr'><strong>dum</strong></span> <span class='ocrx_word' id='word_1_20' title='bbox 929 451 968 523; x_wconf 90' lang='lat' dir='ltr'><strong>fit,</strong></span> <span class='ocrx_word' id='word_1_21' title='bbox 986 453 1213 526; x_wconf 78' lang='lat' dir='ltr'>deprehenditur:</span> 
     </span>
     <span class='ocr_line' id='line_1_4' title="bbox 197 535 1215 614; baseline 0 -19"><span class='ocrx_word' id='word_1_22' title='bbox 197 604 199 609; x_wconf 23' lang='lat'><strong>¹</strong></span> <span class='ocrx_word' id='word_1_23' title='bbox 250 538 297 595; x_wconf 77' lang='lat' dir='ltr'><strong>alia·</strong></span> <span class='ocrx_word' id='word_1_24' title='bbox 311 555 378 594; x_wconf 92' lang='lat' dir='ltr'><strong>uero</strong></span> <span class='ocrx_word' id='word_1_25' title='bbox 394 537 520 613; x_wconf 87' lang='lat' dir='ltr'><strong>ulterius,</strong></span> <span class='ocrx_word' id='word_1_26' title='bbox 542 538 615 611; x_wconf 91' lang='lat' dir='ltr'><strong>quod</strong></span> <span class='ocrx_word' id='word_1_27' title='bbox 631 553 664 594; x_wconf 91' lang='lat' dir='ltr'><strong>eo</strong></span> <span class='ocrx_word' id='word_1_28' title='bbox 684 538 745 595; x_wconf 86' lang='lat' dir='ltr'><strong>loto</strong></span> <span class='ocrx_word' id='word_1_29' title='bbox 766 537 994 614; x_wconf 84' lang='lat' dir='ltr'><strong>deprehenditur,</strong></span> <span class='ocrx_word' id='word_1_30' title='bbox 1011 536 1056 592; x_wconf 92' lang='lat' dir='ltr'><strong>ubi</strong></span> <span class='ocrx_word' id='word_1_31' title='bbox 1073 535 1119 610; x_wconf 87' lang='lat' dir='ltr'><strong>fit,</strong></span> <span class='ocrx_word' id='word_1_32' title='bbox 1138 539 1215 595; x_wconf 91' lang='lat' dir='ltr'><strong>uelut</strong></span> 
     </span>
     <span class='ocr_line' id='line_1_5' title="bbox 249 621 1213 694; baseline -0.001 -15"><span class='ocrx_word' id='word_1_33' title='bbox 249 626 272 680; x_wconf 93' lang='lat' dir='ltr'><strong>si</strong></span> <span class='ocrx_word' id='word_1_34' title='bbox 288 625 315 680; x_wconf 90' lang='lat' dir='ltr'><strong>in</strong></span> <span class='ocrx_word' id='word_1_35' title='bbox 331 623 436 680; x_wconf 87' lang='lat' dir='ltr'><strong>olineto</strong></span> <span class='ocrx_word' id='word_1_36' title='bbox 452 621 601 692; x_wconf 85' lang='lat' dir='ltr'><strong>oliuarum,</strong></span> <span class='ocrx_word' id='word_1_37' title='bbox 625 624 652 678; x_wconf 92' lang='lat' dir='ltr'><strong>in</strong></span> <span class='ocrx_word' id='word_1_38' title='bbox 674 624 766 680; x_wconf 89' lang='lat' dir='ltr'><strong>uineto</strong></span> <span class='ocrx_word' id='word_1_39' title='bbox 782 638 895 680; x_wconf 87' lang='lat' dir='ltr'><strong>uuarum</strong></span> <span class='ocrx_word' id='word_1_40' title='bbox 919 623 1022 678; x_wconf 88' lang='lat' dir='ltr'><strong>lurtum</strong></span> <span class='ocrx_word' id='word_1_41' title='bbox 1043 621 1143 680; x_wconf 86' lang='lat' dir='ltr'><strong>laetum</strong></span> <span class='ocrx_word' id='word_1_42' title='bbox 1162 633 1213 694; x_wconf 90' lang='lat' dir='ltr'><strong>est,</strong></span> 
     </span>
     <span class='ocr_line' id='line_1_6' title="bbox 250 701 1213 782; baseline 0.001 -19"><span class='ocrx_word' id='word_1_43' title='bbox 250 707 378 782; x_wconf 80' lang='lat' dir='ltr'><strong>quamdiu</strong></span> <span class='ocrx_word' id='word_1_44' title='bbox 399 709 426 762; x_wconf 92' lang='lat' dir='ltr'><strong>iu</strong></span> <span class='ocrx_word' id='word_1_45' title='bbox 446 723 479 762; x_wconf 91' lang='lat' dir='ltr'><strong>eo</strong></span> <span class='ocrx_word' id='word_1_46' title='bbox 501 705 605 762; x_wconf 83' lang='lat' dir='ltr'><strong>olineto</strong></span> <span class='ocrx_word' id='word_1_47' title='bbox 628 717 675 764; x_wconf 90' lang='lat' dir='ltr'><strong>aut</strong></span> <span class='ocrx_word' id='word_1_48' title='bbox 698 709 790 764; x_wconf 91' lang='lat' dir='ltr'><strong>uineto</strong></span> <span class='ocrx_word' id='word_1_49' title='bbox 811 708 857 764; x_wconf 87' lang='lat' dir='ltr'><strong>iur</strong></span> <span class='ocrx_word' id='word_1_50' title='bbox 877 708 927 776; x_wconf 84' lang='lat' dir='ltr'><strong>sit3</strong></span> <span class='ocrx_word' id='word_1_51' title='bbox 952 715 997 762; x_wconf 85' lang='lat' dir='ltr'><strong>aut</strong></span> <span class='ocrx_word' id='word_1_52' title='bbox 1013 707 1034 762; x_wconf 90' lang='lat' dir='ltr'><strong>si</strong></span> <span class='ocrx_word' id='word_1_53' title='bbox 1057 701 1162 764; x_wconf 84' lang='lat' dir='ltr'><strong>’strati¹</strong></span> <span class='ocrx_word' id='word_1_54' title='bbox 1187 710 1213 764; x_wconf 91' lang='lat' dir='ltr'><strong>in</strong></span> 
     </span>
     <span class='ocr_line' id='line_1_7' title="bbox 250 790 1214 865; baseline 0.001 -18"><span class='ocrx_word' id='word_1_55' title='bbox 250 792 331 849; x_wconf 91' lang='lat' dir='ltr'><strong>domo</strong></span> <span class='ocrx_word' id='word_1_56' title='bbox 348 791 450 847; x_wconf 89' lang='lat' dir='ltr'><strong>lurtum</strong></span> <span class='ocrx_word' id='word_1_57' title='bbox 466 790 565 847; x_wconf 84' lang='lat' dir='ltr'><strong>lactum</strong></span> <span class='ocrx_word' id='word_1_58' title='bbox 581 793 626 862; x_wconf 89' lang='lat' dir='ltr'><strong>sit,</strong></span> <span class='ocrx_word' id='word_1_59' title='bbox 642 792 769 865; x_wconf 80' lang='lat' dir='ltr'>quamdiu</span> <span class='ocrx_word' id='word_1_60' title='bbox 785 794 812 848; x_wconf 88' lang='lat' dir='ltr'><strong>in</strong></span> <span class='ocrx_word' id='word_1_61' title='bbox 828 807 858 848; x_wconf 92' lang='lat' dir='ltr'><strong>ea</strong></span> <span class='ocrx_word' id='word_1_62' title='bbox 874 791 955 847; x_wconf 91' lang='lat' dir='ltr'><strong>domo</strong></span> <span class='ocrx_word' id='word_1_63' title='bbox 978 791 1021 846; x_wconf 91' lang='lat' dir='ltr'><strong>iur</strong></span> <span class='ocrx_word' id='word_1_64' title='bbox 1036 791 1086 847; x_wconf 91' lang='lat' dir='ltr'><strong>sit:</strong></span> <span class='ocrx_word' id='word_1_65' title='bbox 1110 791 1155 848; x_wconf 88' lang='lat' dir='ltr'><strong>alii</strong></span> <span class='ocrx_word' id='word_1_66' title='bbox 1169 791 1214 848; x_wconf 92' lang='lat' dir='ltr'><strong>ad·</strong></span> 
     </span>
     <span class='ocr_line' id='line_1_8' title="bbox 249 869 1212 947; baseline -0.001 -14"><span class='ocrx_word' id='word_1_67' title='bbox 249 875 303 933; x_wconf 89' lang='lat' dir='ltr'><strong>huo</strong></span> <span class='ocrx_word' id='word_1_68' title='bbox 318 876 435 933; x_wconf 89' lang='lat' dir='ltr'><strong>ulterius</strong></span> <span class='ocrx_word' id='word_1_69' title='bbox 450 874 598 947; x_wconf 79' lang='lat' dir='ltr'><strong>’cuiusque</strong></span> <span class='ocrx_word' id='word_1_70' title='bbox 613 869 684 938; x_wconf 84' lang='lat' dir='ltr'><strong>reti²</strong></span> <span class='ocrx_word' id='word_1_71' title='bbox 698 877 870 934; x_wconf 77' lang='lat' dir='ltr'><strong>manifestum</strong></span> <span class='ocrx_word' id='word_1_72' title='bbox 885 875 989 932; x_wconf 89' lang='lat' dir='ltr'><strong>iurtum</strong></span> <span class='ocrx_word' id='word_1_73' title='bbox 1001 891 1062 931; x_wconf 87' lang='lat' dir='ltr'><strong>esse</strong></span> <span class='ocrx_word' id='word_1_74' title='bbox 1077 875 1212 947; x_wconf 86' lang='lat' dir='ltr'><strong>dixerunt,</strong></span> 
     </span>
     <span class='ocr_line' id='line_1_9' title="bbox 249 951 1214 1034; baseline -0.001 -18"><span class='ocrx_word' id='word_1_75' title='bbox 249 960 336 1018; x_wconf 87' lang='lat' dir='ltr'><strong>doneo</strong></span> <span class='ocrx_word' id='word_1_76' title='bbox 356 951 558 1034; x_wconf 70' lang='lat' dir='ltr'><strong>’perferreturi</strong></span> <span class='ocrx_word' id='word_1_77' title='bbox 573 975 616 1032; x_wconf 87' lang='lat' dir='ltr'><strong>eo,</strong></span> <span class='ocrx_word' id='word_1_78' title='bbox 639 970 694 1034; x_wconf 93' lang='lat' dir='ltr'><strong>quo</strong></span> <span class='ocrx_word' id='word_1_79' title='bbox 710 961 831 1034; x_wconf 90' lang='lat' dir='ltr'><strong>perierre</strong></span> <span class='ocrx_word' id='word_1_80' title='bbox 854 960 897 1016; x_wconf 89' lang='lat' dir='ltr'><strong>iur</strong></span> <span class='ocrx_word' id='word_1_81' title='bbox 912 960 1089 1016; x_wconf 77' lang='lat' dir='ltr'><strong>destinasset:</strong></span> <span class='ocrx_word' id='word_1_82' title='bbox 1111 961 1154 1017; x_wconf 90' lang='lat' dir='ltr'><strong>alii</strong></span> <span class='ocrx_word' id='word_1_83' title='bbox 1169 960 1214 1016; x_wconf 91' lang='lat' dir='ltr'><strong>ad-</strong></span> 
     </span>
     <span class='ocr_line' id='line_1_10' title="bbox 231 1043 1214 1120; baseline 0 -20"><span class='ocrx_word' id='word_1_84' title='bbox 231 1063 236 1074; x_wconf 90' lang='lat'><strong>·</strong></span> <span class='ocrx_word' id='word_1_85' title='bbox 248 1044 302 1101; x_wconf 88' lang='lat' dir='ltr'><strong>hue</strong></span> <span class='ocrx_word' id='word_1_86' title='bbox 311 1044 444 1120; x_wconf 78' lang='lat' dir='ltr'><strong>ulterius,</strong></span> <span class='ocrx_word' id='word_1_87' title='bbox 462 1043 626 1118; x_wconf 82' lang='lat' dir='ltr'>quandoque</span> <span class='ocrx_word' id='word_1_88' title='bbox 639 1061 696 1100; x_wconf 90' lang='lat' dir='ltr'><strong>eam</strong></span> <span class='ocrx_word' id='word_1_89' title='bbox 708 1061 765 1101; x_wconf 91' lang='lat' dir='ltr'><strong>rem</strong></span> <span class='ocrx_word' id='word_1_90' title='bbox 779 1045 823 1101; x_wconf 87' lang='lat' dir='ltr'><strong>sur</strong></span> <span class='ocrx_word' id='word_1_91' title='bbox 835 1055 932 1102; x_wconf 82' lang='lat' dir='ltr'><strong>tenens</strong></span> <span class='ocrx_word' id='word_1_92' title='bbox 944 1045 1019 1100; x_wconf 88' lang='lat' dir='ltr'><strong>uisus</strong></span> <span class='ocrx_word' id='word_1_93' title='bbox 1030 1043 1128 1118; x_wconf 77' lang='lat' dir='ltr'><strong>fuerit3</strong></span> <span class='ocrx_word' id='word_1_94' title='bbox 1146 1061 1214 1118; x_wconf 89' lang='lat' dir='ltr'><strong>quae</strong></span> 
     </span>
     <span class='ocr_line' id='line_1_11' title="bbox 248 1129 1215 1202; baseline -0.001 -17"><span class='ocrx_word' id='word_1_95' title='bbox 248 1130 383 1185; x_wconf 83' lang='lat' dir='ltr'><strong>sententia</strong></span> <span class='ocrx_word' id='word_1_96' title='bbox 399 1145 454 1184; x_wconf 91' lang='lat' dir='ltr'><strong>non</strong></span> <span class='ocrx_word' id='word_1_97' title='bbox 473 1129 605 1202; x_wconf 86' lang='lat' dir='ltr'><strong>optinuit:</strong></span> <span class='ocrx_word' id='word_1_98' title='bbox 628 1137 671 1185; x_wconf 87' lang='lat' dir='ltr'><strong>set</strong></span> <span class='ocrx_word' id='word_1_99' title='bbox 686 1137 714 1186; x_wconf 88' lang='lat' dir='ltr'><strong>et</strong></span> <span class='ocrx_word' id='word_1_100' title='bbox 729 1129 837 1186; x_wconf 92' lang='lat' dir='ltr'><strong>illorum</strong></span> <span class='ocrx_word' id='word_1_101' title='bbox 854 1131 999 1199; x_wconf 87' lang='lat' dir='ltr'><strong>sententie,</strong></span> <span class='ocrx_word' id='word_1_102' title='bbox 1018 1130 1064 1202; x_wconf 92' lang='lat' dir='ltr'><strong>qui</strong></span> <span class='ocrx_word' id='word_1_103' title='bbox 1079 1131 1215 1184; x_wconf 82' lang='lat' dir='ltr'><strong>existime-</strong></span> 
     </span>
     <span class='ocr_line' id='line_1_12' title="bbox 249 1207 1214 1288; baseline 0 -20"><span class='ocrx_word' id='word_1_104' title='bbox 249 1221 366 1284; x_wconf 88' lang='lat' dir='ltr'><strong>uerunt‚</strong></span> <span class='ocrx_word' id='word_1_105' title='bbox 390 1212 477 1269; x_wconf 88' lang='lat' dir='ltr'><strong>donee</strong></span> <span class='ocrx_word' id='word_1_106' title='bbox 498 1207 700 1286; x_wconf 78' lang='lat' dir='ltr'><strong>’perferretur³</strong></span> <span class='ocrx_word' id='word_1_107' title='bbox 715 1231 764 1286; x_wconf 89' lang='lat' dir='ltr'><strong>eo,</strong></span> <span class='ocrx_word' id='word_1_108' title='bbox 787 1232 841 1288; x_wconf 97' lang='lat' dir='ltr'><strong>quo</strong></span> <span class='ocrx_word' id='word_1_109' title='bbox 858 1213 903 1269; x_wconf 90' lang='lat' dir='ltr'><strong>lur</strong></span> <span class='ocrx_word' id='word_1_110' title='bbox 917 1213 1096 1284; x_wconf 81' lang='lat' dir='ltr'><strong>destinasset,</strong></span> <span class='ocrx_word' id='word_1_111' title='bbox 1118 1213 1214 1286; x_wconf 86' lang='lat' dir='ltr'><strong>depre-</strong></span> 
     </span>
     <span class='ocr_line' id='line_1_13' title="bbox 252 1295 1212 1370; baseline 0.001 -19"><span class='ocrx_word' id='word_1_112' title='bbox 252 1297 367 1352; x_wconf 85' lang='lat' dir='ltr'><strong>hensum</strong></span> <span class='ocrx_word' id='word_1_113' title='bbox 384 1296 487 1352; x_wconf 88' lang='lat' dir='ltr'><strong>lurtum</strong></span> <span class='ocrx_word' id='word_1_114' title='bbox 504 1297 676 1353; x_wconf 81' lang='lat' dir='ltr'><strong>manifestum</strong></span> <span class='ocrx_word' id='word_1_115' title='bbox 692 1315 767 1368; x_wconf 89' lang='lat' dir='ltr'><strong>esse,</strong></span> <span class='ocrx_word' id='word_1_116' title='bbox 790 1299 851 1356; x_wconf 88' lang='lat' dir='ltr'><strong>ideo</strong></span> <span class='ocrx_word' id='word_1_117' title='bbox 869 1314 923 1354; x_wconf 90' lang='lat' dir='ltr'><strong>non</strong></span> <span class='ocrx_word' id='word_1_118' title='bbox 941 1305 945 1360; x_wconf 92' lang='grc' dir='ltr'>Ι</span> <span class='ocrx_word' id='word_1_119' title='bbox 962 1296 1071 1353; x_wconf 89' lang='lat' dir='ltr'><strong>uidetur</strong></span> <span class='ocrx_word' id='word_1_120' title='bbox 1092 1295 1212 1370; x_wconf 81' lang='lat' dir='ltr'><strong>probari,</strong></span> 
     </span>
     <span class='ocr_line' id='line_1_14' title="bbox 179 1375 1215 1456; baseline 0.005 -25"><span class='ocrx_word' id='word_1_121' title='bbox 179 1382 237 1432; x_wconf 77' lang='grc'><strong>177.</strong></span> <span class='ocrx_word' id='word_1_122' title='bbox 252 1380 326 1452; x_wconf 92' lang='lat' dir='ltr'><strong>quod</strong></span> <span class='ocrx_word' id='word_1_123' title='bbox 349 1397 473 1454; x_wconf 79' lang='lat' dir='ltr'><strong>maguam</strong></span> <span class='ocrx_word' id='word_1_124' title='bbox 496 1383 591 1454; x_wconf 85' lang='lat' dir='ltr'><strong>recipit</strong></span> <span class='ocrx_word' id='word_1_125' title='bbox 614 1381 826 1455; x_wconf 81' lang='lat' dir='ltr'><strong>dubitationem,</strong></span> <span class='ocrx_word' id='word_1_126' title='bbox 855 1376 966 1439; x_wconf 82' lang='lat' dir='ltr'><strong>utrum⁴</strong></span> <span class='ocrx_word' id='word_1_127' title='bbox 982 1375 987 1456; x_wconf 91' lang='grc' dir='ltr'>Ι</span> <span class='ocrx_word' id='word_1_128' title='bbox 1003 1381 1083 1437; x_wconf 85' lang='lat' dir='ltr'><strong>buius</strong></span> <span class='ocrx_word' id='word_1_129' title='bbox 1106 1381 1159 1437; x_wconf 89' lang='lat' dir='ltr'><strong>diei</strong></span> <span class='ocrx_word' id='word_1_130' title='bbox 1181 1397 1215 1436; x_wconf 89' lang='lat' dir='ltr'><strong>an</strong></span> 
     </span>
     <span class='ocr_line' id='line_1_15' title="bbox 251 1464 1214 1540; baseline 0.001 -20"><span class='ocrx_word' id='word_1_131' title='bbox 251 1465 332 1520; x_wconf 85' lang='lat' dir='ltr'><strong>etiam</strong></span> <span class='ocrx_word' id='word_1_132' title='bbox 355 1464 474 1538; x_wconf 91' lang='lat' dir='ltr'><strong>plurium</strong></span> <span class='ocrx_word' id='word_1_133' title='bbox 497 1465 600 1521; x_wconf 92' lang='lat' dir='ltr'><strong>dierum</strong></span> <span class='ocrx_word' id='word_1_134' title='bbox 623 1468 712 1540; x_wconf 89' lang='lat' dir='ltr'><strong>spatio</strong></span> <span class='ocrx_word' id='word_1_135' title='bbox 734 1467 762 1522; x_wconf 89' lang='lat' dir='ltr'><strong>id</strong></span> <span class='ocrx_word' id='word_1_136' title='bbox 784 1466 981 1523; x_wconf 86' lang='lat' dir='ltr'><strong>terminandum</strong></span> <span class='ocrx_word' id='word_1_137' title='bbox 1004 1468 1056 1534; x_wconf 83' lang='lat' dir='ltr'><strong>sit3</strong></span> <span class='ocrx_word' id='word_1_138' title='bbox 1085 1465 1159 1540; x_wconf 91' lang='lat' dir='ltr'><strong>quod</strong></span> <span class='ocrx_word' id='word_1_139' title='bbox 1181 1483 1214 1521; x_wconf 92' lang='lat' dir='ltr'><strong>eo</strong></span> 
     </span>
     <span class='ocr_line' id='line_1_16' title="bbox 249 1547 1214 1625; baseline 0.002 -21"><span class='ocrx_word' id='word_1_140' title='bbox 249 1549 384 1621; x_wconf 83' lang='lat' dir='ltr'><strong>pertinet,</strong></span> <span class='ocrx_word' id='word_1_141' title='bbox 407 1550 468 1621; x_wconf 90' lang='lat' dir='ltr'><strong>quia</strong></span> <span class='ocrx_word' id='word_1_142' title='bbox 490 1565 570 1623; x_wconf 88' lang='lat' dir='ltr'><strong>saepe</strong></span> <span class='ocrx_word' id='word_1_143' title='bbox 585 1551 613 1606; x_wconf 89' lang='lat' dir='ltr'><strong>in</strong></span> <span class='ocrx_word' id='word_1_144' title='bbox 628 1551 686 1606; x_wconf 88' lang='lat' dir='ltr'><strong>aliis</strong></span> <span class='ocrx_word' id='word_1_145' title='bbox 702 1551 857 1608; x_wconf 84' lang='lat' dir='ltr'><strong>ciuitatibus</strong></span> <span class='ocrx_word' id='word_1_146' title='bbox 872 1560 1021 1625; x_wconf 83' lang='lat' dir='ltr'><strong>surreptas</strong></span> <span class='ocrx_word' id='word_1_147' title='bbox 1035 1567 1080 1606; x_wconf 88' lang='lat' dir='ltr'><strong>res</strong></span> <span class='ocrx_word' id='word_1_148' title='bbox 1100 1553 1129 1606; x_wconf 92' lang='lat' dir='ltr'><strong>in</strong></span> <span class='ocrx_word' id='word_1_149' title='bbox 1149 1547 1214 1606; x_wconf 85' lang='lat' dir='ltr'><strong>alias</strong></span> 
     </span>
     <span class='ocr_line' id='line_1_17' title="bbox 250 1632 1214 1708; baseline 0.003 -20"><span class='ocrx_word' id='word_1_150' title='bbox 250 1633 375 1689; x_wconf 86' lang='lat' dir='ltr'><strong>ciuitates</strong></span> <span class='ocrx_word' id='word_1_151' title='bbox 392 1632 436 1688; x_wconf 90' lang='lat' dir='ltr'><strong>uel</strong></span> <span class='ocrx_word' id='word_1_152' title='bbox 458 1634 487 1688; x_wconf 90' lang='lat' dir='ltr'><strong>in</strong></span> <span class='ocrx_word' id='word_1_153' title='bbox 510 1633 574 1689; x_wconf 87' lang='lat' dir='ltr'><strong>alias</strong></span> <span class='ocrx_word' id='word_1_154' title='bbox 597 1637 753 1708; x_wconf 84' lang='lat' dir='ltr'><strong>prouincias</strong></span> <span class='ocrx_word' id='word_1_155' title='bbox 775 1637 912 1692; x_wconf 89' lang='lat' dir='ltr'><strong>destinant</strong></span> <span class='ocrx_word' id='word_1_156' title='bbox 934 1635 1009 1691; x_wconf 88' lang='lat' dir='ltr'><strong>iures</strong></span> <span class='ocrx_word' id='word_1_157' title='bbox 1025 1634 1159 1708; x_wconf 83' lang='lat' dir='ltr'><strong>perferre:</strong></span> <span class='ocrx_word' id='word_1_158' title='bbox 1182 1651 1214 1691; x_wconf 77' lang='lat' dir='ltr'><strong>ex</strong></span> 
     </span>
     <span class='ocr_line' id='line_1_18' title="bbox 248 1715 1214 1794; baseline 0.002 -22"><span class='ocrx_word' id='word_1_159' title='bbox 248 1715 352 1774; x_wconf 91' lang='lat' dir='ltr'><strong>duabus</strong></span> <span class='ocrx_word' id='word_1_160' title='bbox 374 1719 467 1791; x_wconf 81' lang='lat' dir='ltr'><strong>iraque</strong></span> <span class='ocrx_word' id='word_1_161' title='bbox 482 1718 669 1792; x_wconf 91' lang='lat' dir='ltr'><strong>superioribus</strong></span> <span class='ocrx_word' id='word_1_162' title='bbox 692 1719 864 1794; x_wconf 87' lang='lat' dir='ltr'><strong>opinionibus</strong></span> <span class='ocrx_word' id='word_1_163' title='bbox 881 1720 1010 1776; x_wconf 78' lang='lat' dir='ltr'><strong>alterutra</strong></span> <span class='ocrx_word' id='word_1_164' title='bbox 1032 1718 1214 1794; x_wconf 64' lang='lat' dir='ltr'><strong>adprobatum</strong></span> 
     </span>
     <span class='ocr_line' id='line_1_19' title="bbox 248 1801 1215 1878; baseline 0.003 -22"><span class='ocrx_word' id='word_1_165' title='bbox 248 1803 333 1876; x_wconf 81' lang='lat' dir='ltr'><strong>magis</strong></span> <span class='ocrx_word' id='word_1_166' title='bbox 355 1810 445 1858; x_wconf 88' lang='lat' dir='ltr'><strong>tamen</strong></span> <span class='ocrx_word' id='word_1_167' title='bbox 465 1803 590 1876; x_wconf 88' lang='lat' dir='ltr'><strong>plerique</strong></span> <span class='ocrx_word' id='word_1_168' title='bbox 611 1807 792 1877; x_wconf 85' lang='lat' dir='ltr'><strong>posteriorem</strong></span> <span class='ocrx_word' id='word_1_169' title='bbox 813 1805 939 1878; x_wconf 91' lang='lat' dir='ltr'><strong>probant.</strong></span> <span class='ocrx_word' id='word_1_170' title='bbox 976 1801 1041 1861; x_wconf 76' lang='grc'><strong>188.</strong></span> <span class='ocrx_word' id='word_1_171' title='bbox 1063 1803 1117 1859; x_wconf 88' lang='lat' dir='ltr'><strong>Neo</strong></span> <span class='ocrx_word' id='word_1_172' title='bbox 1132 1805 1215 1860; x_wconf 91' lang='lat' dir='ltr'><strong>mani·</strong></span> 
     </span>
     <span class='ocr_line' id='line_1_20' title="bbox 248 1883 1215 1963; baseline 0.003 -21"><span class='ocrx_word' id='word_1_173' title='bbox 248 1885 349 1942; x_wconf 89' lang='lat' dir='ltr'><strong>iestum</strong></span> <span class='ocrx_word' id='word_1_174' title='bbox 365 1885 468 1942; x_wconf 81' lang='lat' dir='ltr'><strong>lurtum</strong></span> <span class='ocrx_word' id='word_1_175' title='bbox 483 1883 588 1961; x_wconf 71' lang='lat' dir='ltr'><strong>’quod5</strong></span> <span class='ocrx_word' id='word_1_176' title='bbox 603 1889 655 1961; x_wconf 86' lang='lat' dir='ltr'><strong>sit,</strong></span> <span class='ocrx_word' id='word_1_177' title='bbox 678 1905 711 1944; x_wconf 79' lang='lat' dir='ltr'><strong>en</strong></span> <span class='ocrx_word' id='word_1_178' title='bbox 726 1889 774 1961; x_wconf 92' lang='lat' dir='ltr'><strong>iis,</strong></span> <span class='ocrx_word' id='word_1_179' title='bbox 798 1906 865 1962; x_wconf 89' lang='lat' dir='ltr'><strong>quae</strong></span> <span class='ocrx_word' id='word_1_180' title='bbox 883 1888 1008 1959; x_wconf 85' lang='lat' dir='ltr'><strong>diximus,</strong></span> <span class='ocrx_word' id='word_1_181' title='bbox 1032 1889 1215 1963; x_wconf 83' lang='lat' dir='ltr'><strong>intellegitur:</strong></span> 
     </span>
     <span class='ocr_line' id='line_1_21' title="bbox 248 1967 1214 2045; baseline 0.005 -19"><span class='ocrx_word' id='word_1_182' title='bbox 248 1987 310 2026; x_wconf 89' lang='lat' dir='ltr'><strong>nam</strong></span> <span class='ocrx_word' id='word_1_183' title='bbox 333 1971 407 2045; x_wconf 92' lang='lat' dir='ltr'><strong>quod</strong></span> <span class='ocrx_word' id='word_1_184' title='bbox 422 1973 594 2029; x_wconf 82' lang='lat' dir='ltr'><strong>manifestum</strong></span> <span class='ocrx_word' id='word_1_185' title='bbox 610 1989 665 2030; x_wconf 94' lang='lat' dir='ltr'><strong>non</strong></span> <span class='ocrx_word' id='word_1_186' title='bbox 685 1979 737 2044; x_wconf 89' lang='lat' dir='ltr'><strong>est,</strong></span> <span class='ocrx_word' id='word_1_187' title='bbox 759 1973 787 2028; x_wconf 95' lang='lat' dir='ltr'><strong>id</strong></span> <span class='ocrx_word' id='word_1_188' title='bbox 803 1990 852 2030; x_wconf 90' lang='lat' dir='ltr'><strong>neo</strong></span> <span class='ocrx_word' id='word_1_189' title='bbox 875 1973 1047 2029; x_wconf 76' lang='lat' dir='ltr'><strong>manifestum</strong></span> <span class='ocrx_word' id='word_1_190' title='bbox 1070 1982 1121 2034; x_wconf 89' lang='lat' dir='ltr'><strong>est.</strong></span> <span class='ocrx_word' id='word_1_191' title='bbox 1151 1967 1214 2032; x_wconf 85' lang='grc'><strong>188.</strong></span> 
     </span>
     <span class='ocr_line' id='line_1_22' title="bbox 248 2054 1284 2133; baseline 0 -23"><span class='ocrx_word' id='word_1_192' title='bbox 248 2054 414 2130; x_wconf 81' lang='lat' dir='ltr'><strong>conceptum</strong></span> <span class='ocrx_word' id='word_1_193' title='bbox 433 2056 535 2112; x_wconf 84' lang='lat' dir='ltr'><strong>lurtum</strong></span> <span class='ocrx_word' id='word_1_194' title='bbox 558 2056 666 2128; x_wconf 90' lang='lat' dir='ltr'><strong>dieitur,</strong></span> <span class='ocrx_word' id='word_1_195' title='bbox 690 2055 753 2114; x_wconf 84' lang='lat' dir='ltr'><strong>oum&#39;</strong></span> <span class='ocrx_word' id='word_1_196' title='bbox 773 2057 844 2131; x_wconf 92' lang='lat' dir='ltr'><strong>apud</strong></span> <span class='ocrx_word' id='word_1_197' title='bbox 864 2057 980 2132; x_wconf 90' lang='lat' dir='ltr'><strong>aliquem</strong></span> <span class='ocrx_word' id='word_1_198' title='bbox 1001 2057 1115 2114; x_wconf 89' lang='lat' dir='ltr'><strong>testibus</strong></span> <span class='ocrx_word' id='word_1_199' title='bbox 1136 2074 1212 2133; x_wconf 89' lang='lat' dir='ltr'><strong>prae·</strong></span> <span class='ocrx_word' id='word_1_200' title='bbox 1227 2069 1284 2122; x_wconf 79' lang='lat' dir='ltr'><strong>[noe]</strong></span> 
     </span>
     <span class='ocr_line' id='line_1_23' title="bbox 247 2139 1213 2215; baseline 0.003 -19"><span class='ocrx_word' id='word_1_201' title='bbox 247 2139 369 2197; x_wconf 89' lang='lat' dir='ltr'><strong>sentibus</strong></span> <span class='ocrx_word' id='word_1_202' title='bbox 399 2139 500 2198; x_wconf 82' lang='lat' dir='ltr'><strong>iurtiua</strong></span> <span class='ocrx_word' id='word_1_203' title='bbox 523 2158 568 2198; x_wconf 91' lang='lat' dir='ltr'><strong>res</strong></span> <span class='ocrx_word' id='word_1_204' title='bbox 596 2143 719 2215; x_wconf 86' lang='lat' dir='ltr'><strong>quaesita</strong></span> <span class='ocrx_word' id='word_1_205' title='bbox 742 2149 770 2198; x_wconf 91' lang='lat' dir='ltr'><strong>et</strong></span> <span class='ocrx_word' id='word_1_206' title='bbox 798 2143 909 2198; x_wconf 88' lang='lat' dir='ltr'><strong>inuenta</strong></span> <span class='ocrx_word' id='word_1_207' title='bbox 932 2149 988 2198; x_wconf 84' lang='lat' dir='ltr'><strong>esi:</strong></span> <span class='ocrx_word' id='word_1_208' title='bbox 1019 2159 1080 2198; x_wconf 92' lang='lat' dir='ltr'><strong>narn</strong></span> <span class='ocrx_word' id='word_1_209' title='bbox 1102 2144 1129 2199; x_wconf 89' lang='lat' dir='ltr'><strong>in</strong></span> <span class='ocrx_word' id='word_1_210' title='bbox 1152 2159 1213 2199; x_wconf 90' lang='lat' dir='ltr'><strong>eum</strong></span> 
     </span>
     <span class='ocr_line' id='line_1_24' title="bbox 247 2225 1214 2303; baseline 0.004 -23"><span class='ocrx_word' id='word_1_211' title='bbox 247 2227 357 2300; x_wconf 90' lang='lat' dir='ltr'><strong>propria</strong></span> <span class='ocrx_word' id='word_1_212' title='bbox 373 2230 446 2282; x_wconf 82' lang='lat' dir='ltr'><strong>aetio</strong></span> <span class='ocrx_word' id='word_1_213' title='bbox 462 2225 611 2282; x_wconf 87' lang='lat' dir='ltr'><strong>constituta</strong></span> <span class='ocrx_word' id='word_1_214' title='bbox 627 2234 681 2297; x_wconf 92' lang='lat' dir='ltr'><strong>est,</strong></span> <span class='ocrx_word' id='word_1_215' title='bbox 702 2227 827 2300; x_wconf 90' lang='lat' dir='ltr'><strong>quamuis</strong></span> <span class='ocrx_word' id='word_1_216' title='bbox 843 2226 887 2282; x_wconf 90' lang='lat' dir='ltr'><strong>lur</strong></span> <span class='ocrx_word' id='word_1_217' title='bbox 902 2242 956 2282; x_wconf 92' lang='lat' dir='ltr'><strong>non</strong></span> <span class='ocrx_word' id='word_1_218' title='bbox 972 2228 1018 2299; x_wconf 92' lang='lat' dir='ltr'><strong>sit,</strong></span> <span class='ocrx_word' id='word_1_219' title='bbox 1039 2243 1108 2302; x_wconf 87' lang='lat' dir='ltr'><strong>quae</strong></span> <span class='ocrx_word' id='word_1_220' title='bbox 1124 2227 1214 2303; x_wconf 88' lang='lat' dir='ltr'><strong>appel·</strong></span> 
     </span>
     <span class='ocr_line' id='line_1_25' title="bbox 247 2305 1214 2383; baseline 0.002 -18"><span class='ocrx_word' id='word_1_221' title='bbox 247 2309 320 2365; x_wconf 91' lang='lat' dir='ltr'><strong>latur</strong></span> <span class='ocrx_word' id='word_1_222' title='bbox 335 2311 469 2383; x_wconf 84' lang='lat' dir='ltr'><strong>concepti.</strong></span> <span class='ocrx_word' id='word_1_223' title='bbox 505 2305 569 2367; x_wconf 86' lang='grc'><strong>187.</strong></span> <span class='ocrx_word' id='word_1_224' title='bbox 585 2309 709 2366; x_wconf 84' lang='lat' dir='ltr'><strong>Oblatum</strong></span> <span class='ocrx_word' id='word_1_225' title='bbox 726 2309 828 2366; x_wconf 86' lang='lat' dir='ltr'><strong>lurtum</strong></span> <span class='ocrx_word' id='word_1_226' title='bbox 843 2309 953 2383; x_wconf 87' lang='lat' dir='ltr'><strong>dicitur,</strong></span> <span class='ocrx_word' id='word_1_227' title='bbox 976 2327 1036 2367; x_wconf 89' lang='lat' dir='ltr'><strong>cum</strong></span> <span class='ocrx_word' id='word_1_228' title='bbox 1053 2328 1096 2368; x_wconf 90' lang='lat' dir='ltr'><strong>res</strong></span> <span class='ocrx_word' id='word_1_229' title='bbox 1113 2312 1214 2369; x_wconf 82' lang='lat' dir='ltr'><strong>furtiua</strong></span> 
     </span>
     <span class='ocr_line' id='line_1_26' title="bbox 248 2390 1214 2471; baseline 0.005 -23"><span class='ocrx_word' id='word_1_230' title='bbox 248 2392 296 2448; x_wconf 90' lang='lat' dir='ltr'><strong>tihi</strong></span> <span class='ocrx_word' id='word_1_231' title='bbox 311 2391 343 2447; x_wconf 95' lang='lat' dir='ltr'><strong>ab</strong></span> <span class='ocrx_word' id='word_1_232' title='bbox 359 2392 450 2466; x_wconf 91' lang='lat' dir='ltr'><strong>aliquo</strong></span> <span class='ocrx_word' id='word_1_233' title='bbox 467 2393 556 2450; x_wconf 90' lang='lat' dir='ltr'><strong>oblata</strong></span> <span class='ocrx_word' id='word_1_234' title='bbox 571 2395 615 2464; x_wconf 85' lang='lat' dir='ltr'><strong>sit,</strong></span> <span class='ocrx_word' id='word_1_235' title='bbox 637 2411 723 2468; x_wconf 87' lang='lat' dir='ltr'><strong>eaque</strong></span> <span class='ocrx_word' id='word_1_236' title='bbox 744 2397 818 2468; x_wconf 89' lang='lat' dir='ltr'><strong>apud</strong></span> <span class='ocrx_word' id='word_1_237' title='bbox 837 2403 863 2451; x_wconf 93' lang='lat' dir='ltr'><strong>te</strong></span> <span class='ocrx_word' id='word_1_238' title='bbox 879 2404 1009 2471; x_wconf 84' lang='lat' dir='ltr'><strong>concepta</strong></span> <span class='ocrx_word' id='word_1_239' title='bbox 1024 2397 1075 2466; x_wconf 85' lang='lat' dir='ltr'><strong>sit3</strong></span> <span class='ocrx_word' id='word_1_240' title='bbox 1099 2390 1214 2471; x_wconf 81' lang='lat' dir='ltr'><strong>utique⁰</strong></span> 
     </span>
     <span class='ocr_line' id='line_1_27' title="bbox 248 2475 1212 2556; baseline 0.005 -25"><span class='ocrx_word' id='word_1_241' title='bbox 248 2477 271 2531; x_wconf 94' lang='lat' dir='ltr'><strong>si</strong></span> <span class='ocrx_word' id='word_1_242' title='bbox 286 2491 316 2532; x_wconf 90' lang='lat' dir='ltr'><strong>ea</strong></span> <span class='ocrx_word' id='word_1_243' title='bbox 332 2483 422 2532; x_wconf 88' lang='lat' dir='ltr'><strong>mente</strong></span> <span class='ocrx_word' id='word_1_244' title='bbox 438 2476 499 2532; x_wconf 90' lang='lat' dir='ltr'><strong>data</strong></span> <span class='ocrx_word' id='word_1_245' title='bbox 511 2475 560 2533; x_wconf 88' lang='lat' dir='ltr'><strong>tibi</strong></span> <span class='ocrx_word' id='word_1_246' title='bbox 573 2477 666 2552; x_wconf 86' lang='lat' dir='ltr'><strong>luerit,</strong></span> <span class='ocrx_word' id='word_1_247' title='bbox 682 2487 713 2535; x_wconf 90' lang='lat' dir='ltr'><strong>ut</strong></span> <span class='ocrx_word' id='word_1_248' title='bbox 728 2482 803 2552; x_wconf 89' lang='lat' dir='ltr'><strong>apud</strong></span> <span class='ocrx_word' id='word_1_249' title='bbox 817 2487 843 2535; x_wconf 91' lang='lat' dir='ltr'><strong>te</strong></span> <span class='ocrx_word' id='word_1_250' title='bbox 858 2482 1041 2555; x_wconf 88' lang='lat' dir='ltr'><strong>potiusquam</strong></span> <span class='ocrx_word' id='word_1_251' title='bbox 1054 2481 1124 2556; x_wconf 92' lang='lat' dir='ltr'><strong>apud</strong></span> <span class='ocrx_word' id='word_1_252' title='bbox 1139 2498 1212 2553; x_wconf 88' lang='lat' dir='ltr'><strong>eum,</strong></span> 
     </span>
     <span class='ocr_line' id='line_1_28' title="bbox 249 2559 1213 2640; baseline 0.006 -25"><span class='ocrx_word' id='word_1_253' title='bbox 249 2561 295 2632; x_wconf 95' lang='lat' dir='ltr'><strong>qui</strong></span> <span class='ocrx_word' id='word_1_254' title='bbox 310 2559 427 2634; x_wconf 88' lang='lat' dir='ltr'><strong>dederit,</strong></span> <span class='ocrx_word' id='word_1_255' title='bbox 443 2563 649 2635; x_wconf 84' lang='lat' dir='ltr'><strong>conciperetur:</strong></span> <span class='ocrx_word' id='word_1_256' title='bbox 671 2580 731 2618; x_wconf 88' lang='lat' dir='ltr'><strong>nam</strong></span> <span class='ocrx_word' id='word_1_257' title='bbox 749 2563 812 2635; x_wconf 88' lang='lat' dir='ltr'><strong>tibi,</strong></span> <span class='ocrx_word' id='word_1_258' title='bbox 833 2563 903 2638; x_wconf 94' lang='lat' dir='ltr'><strong>apud</strong></span> <span class='ocrx_word' id='word_1_259' title='bbox 919 2581 999 2639; x_wconf 92' lang='lat' dir='ltr'><strong>quem</strong></span> <span class='ocrx_word' id='word_1_260' title='bbox 1015 2575 1145 2640; x_wconf 85' lang='lat' dir='ltr'><strong>concepta</strong></span> <span class='ocrx_word' id='word_1_261' title='bbox 1161 2574 1213 2634; x_wconf 89' lang='lat' dir='ltr'><strong>est,</strong></span> 
     </span>
    </p>
   </div>
   <div class='ocr_carea' id='block_1_3' title="bbox 168 2691 1214 3402">
    <p class='ocr_par' dir='ltr' id='par_1_3' title="bbox 322 2691 1212 2764">
     <span class='ocr_line' id='line_1_29' title="bbox 322 2691 1212 2764; baseline 0.001 -20"><span class='ocrx_word' id='word_1_262' title='bbox 322 2692 342 2760; x_wconf 92' lang='lat'><strong>¹)</strong></span> <span class='ocrx_word' id='word_1_263' title='bbox 358 2696 404 2744; x_wconf 86' lang='lat' dir='ltr'><strong>tasi</strong></span> <span class='ocrx_word' id='word_1_264' title='bbox 420 2695 445 2746; x_wconf 85' lang='lat'><strong>0.</strong></span> <span class='ocrx_word' id='word_1_265' title='bbox 474 2691 527 2745; x_wconf 59' lang='lat' dir='ltr'><strong>Vll.</strong></span> <span class='ocrx_word' id='word_1_266' title='bbox 547 2712 600 2761; x_wconf 85' lang='lat' dir='ltr'><strong>pro</strong></span> <span class='ocrx_word' id='word_1_267' title='bbox 618 2697 666 2746; x_wconf 86' lang='lat' dir='ltr'><strong>tab.</strong></span> <span class='ocrx_word' id='word_1_268' title='bbox 683 2695 733 2762; x_wconf 82' lang='lat' dir='ltr'><strong>(uel</strong></span> <span class='ocrx_word' id='word_1_269' title='bbox 747 2698 810 2748; x_wconf 74' lang='lat' dir='ltr'><strong>tabe</strong></span> <span class='ocrx_word' id='word_1_270' title='bbox 824 2701 865 2749; x_wconf 87' lang='lat' dir='ltr'><strong>vel</strong></span> <span class='ocrx_word' id='word_1_271' title='bbox 883 2700 953 2764; x_wconf 85' lang='lat' dir='ltr'><strong>quod</strong></span> <span class='ocrx_word' id='word_1_272' title='bbox 971 2714 1038 2749; x_wconf 85' lang='lat' dir='ltr'><strong>nuno</strong></span> <span class='ocrx_word' id='word_1_273' title='bbox 1053 2704 1081 2746; x_wconf 84' lang='lat' dir='ltr'><strong>ut</strong></span> <span class='ocrx_word' id='word_1_274' title='bbox 1100 2696 1212 2746; x_wconf 80' lang='lat' dir='ltr'><strong>librario</strong></span> 
     </span>
    </p>

    <p class='ocr_par' dir='ltr' id='par_1_4' title="bbox 247 2766 1211 2832">
     <span class='ocr_line' id='line_1_30' title="bbox 247 2766 1211 2832; baseline -0.001 -16"><span class='ocrx_word' id='word_1_275' title='bbox 247 2768 331 2816; x_wconf 82' lang='lat' dir='ltr'><strong>minos</strong></span> <span class='ocrx_word' id='word_1_276' title='bbox 342 2768 471 2832; x_wconf 74' lang='lat' dir='ltr'><strong>oopnitnm</strong></span> <span class='ocrx_word' id='word_1_277' title='bbox 482 2769 562 2816; x_wconf 83' lang='lat' dir='ltr'><strong>malni</strong></span> <span class='ocrx_word' id='word_1_278' title='bbox 571 2766 650 2830; x_wconf 87' lang='lat' dir='ltr'><strong>strati)</strong></span> <span class='ocrx_word' id='word_1_279' title='bbox 666 2775 694 2817; x_wconf 80' lang='lat' dir='ltr'><strong>ni</strong></span> <span class='ocrx_word' id='word_1_280' title='bbox 704 2775 777 2832; x_wconf 82' lang='lat' dir='ltr'><strong>puto.</strong></span> <span class='ocrx_word' id='word_1_281' title='bbox 797 2770 855 2819; x_wconf 86' lang='lat' dir='ltr'><strong>edd.</strong></span> <span class='ocrx_word' id='word_1_282' title='bbox 866 2772 997 2825; x_wconf 75' lang='lat' dir='ltr'><strong>omittunt:</strong></span> <span class='ocrx_word' id='word_1_283' title='bbox 1010 2768 1056 2818; x_wconf 85' lang='lat' dir='ltr'><strong>sed</strong></span> <span class='ocrx_word' id='word_1_284' title='bbox 1066 2768 1133 2816; x_wconf 85' lang='lat' dir='ltr'><strong>unde</strong></span> <span class='ocrx_word' id='word_1_285' title='bbox 1147 2767 1211 2816; x_wconf 84' lang='lat' dir='ltr'><strong>tasi?</strong></span> 
     </span>
    </p>

    <p class='ocr_par' dir='ltr' id='par_1_5' title="bbox 168 2837 1213 3047">
     <span class='ocr_line' id='line_1_31' title="bbox 168 2837 1212 2905; baseline 0.001 -19"><span class='ocrx_word' id='word_1_286' title='bbox 168 2855 175 2865; x_wconf 90' lang='lat'>·</span> <span class='ocrx_word' id='word_1_287' title='bbox 247 2844 272 2886; x_wconf 84' lang='lat' dir='ltr'><strong>et</strong></span> <span class='ocrx_word' id='word_1_288' title='bbox 285 2839 362 2886; x_wconf 82' lang='lat' dir='ltr'><strong>etiam</strong></span> <span class='ocrx_word' id='word_1_289' title='bbox 377 2838 404 2886; x_wconf 78' lang='lat' dir='ltr'><strong>in</strong></span> <span class='ocrx_word' id='word_1_290' title='bbox 414 2837 624 2889; x_wconf 79' lang='lat' dir='ltr'><strong>antecedentihns</strong></span> <span class='ocrx_word' id='word_1_291' title='bbox 633 2841 759 2903; x_wconf 78' lang='lat' dir='ltr'><strong>exemplis</strong></span> <span class='ocrx_word' id='word_1_292' title='bbox 769 2841 817 2899; x_wconf 85' lang='lat' dir='ltr'><strong>ret&#39;,</strong></span> <span class='ocrx_word' id='word_1_293' title='bbox 833 2856 898 2905; x_wconf 84' lang='lat' dir='ltr'><strong>quae</strong></span> <span class='ocrx_word' id='word_1_294' title='bbox 909 2840 983 2904; x_wconf 80' lang='lat' dir='ltr'><strong>furto</strong></span> <span class='ocrx_word' id='word_1_295' title='bbox 998 2838 1084 2888; x_wconf 84' lang='lat' dir='ltr'><strong>ablata</strong></span> <span class='ocrx_word' id='word_1_296' title='bbox 1093 2845 1139 2896; x_wconf 82' lang='lat' dir='ltr'><strong>est,</strong></span> <span class='ocrx_word' id='word_1_297' title='bbox 1155 2854 1212 2888; x_wconf 84' lang='lat' dir='ltr'><strong>eam</strong></span> 
     </span>
     <span class='ocr_line' id='line_1_32' title="bbox 247 2905 1213 2975; baseline 0 -18"><span class='ocrx_word' id='word_1_298' title='bbox 247 2909 300 2958; x_wconf 83' lang='lat' dir='ltr'><strong>loci</strong></span> <span class='ocrx_word' id='word_1_299' title='bbox 313 2915 411 2957; x_wconf 84' lang='lat' dir='ltr'><strong>natura</strong></span> <span class='ocrx_word' id='word_1_300' title='bbox 425 2909 589 2959; x_wconf 83' lang='lat' dir='ltr'><strong>cobaerentis</strong></span> <span class='ocrx_word' id='word_1_301' title='bbox 601 2909 682 2959; x_wconf 84' lang='lat' dir='ltr'><strong>Gaius</strong></span> <span class='ocrx_word' id='word_1_302' title='bbox 692 2912 843 2961; x_wconf 82' lang='lat' dir='ltr'><strong>mentionem</strong></span> <span class='ocrx_word' id='word_1_303' title='bbox 849 2912 927 2975; x_wconf 83' lang='lat' dir='ltr'><strong>feeit.</strong></span> <span class='ocrx_word' id='word_1_304' title='bbox 982 2905 1004 2975; x_wconf 86' lang='lat'><strong>¹)</strong></span> <span class='ocrx_word' id='word_1_305' title='bbox 1019 2908 1064 2960; x_wconf 85' lang='lat' dir='ltr'><strong>Sie</strong></span> <span class='ocrx_word' id='word_1_306' title='bbox 1078 2909 1213 2975; x_wconf 64' lang='lat' dir='ltr'><strong>legendnm</strong></span> 
     </span>
     <span class='ocr_line' id='line_1_33' title="bbox 243 2976 1213 3047; baseline 0.001 -19"><span class='ocrx_word' id='word_1_307' title='bbox 243 2986 317 3042; x_wconf 82' lang='lat' dir='ltr'><strong>puto,</strong></span> <span class='ocrx_word' id='word_1_308' title='bbox 332 2981 446 3043; x_wconf 85' lang='lat' dir='ltr'><strong>quamuis</strong></span> <span class='ocrx_word' id='word_1_309' title='bbox 460 2981 487 3029; x_wconf 88' lang='lat' dir='ltr'><strong>t&#39;n</strong></span> <span class='ocrx_word' id='word_1_310' title='bbox 507 2976 553 3028; x_wconf 67' lang='lat' dir='ltr'><strong>V*t</strong></span> <span class='ocrx_word' id='word_1_311' title='bbox 561 2995 614 3044; x_wconf 84' lang='lat' dir='ltr'><strong>pro</strong></span> <span class='ocrx_word' id='word_1_312' title='bbox 624 2982 718 3044; x_wconf 82' lang='lat' dir='ltr'><strong>priore</strong></span> <span class='ocrx_word' id='word_1_313' title='bbox 728 2996 789 3031; x_wconf 87' lang='lat' dir='ltr'><strong>eoee</strong></span> <span class='ocrx_word' id='word_1_314' title='bbox 803 2983 886 3047; x_wconf 71' lang='lat' dir='ltr'><strong>napis</strong></span> <span class='ocrx_word' id='word_1_315' title='bbox 900 2996 1005 3045; x_wconf 88' lang='lat' dir='ltr'><strong>eousque</strong></span> <span class='ocrx_word' id='word_1_316' title='bbox 1015 2995 1069 3031; x_wconf 87' lang='lat' dir='ltr'><strong>esse</strong></span> <span class='ocrx_word' id='word_1_317' title='bbox 1079 2980 1213 3036; x_wconf 80' lang='lat' dir='ltr'><strong>uideatur,-</strong></span> 
     </span>
    </p>

    <p class='ocr_par' dir='ltr' id='par_1_6' title="bbox 247 3049 1214 3187">
     <span class='ocr_line' id='line_1_34' title="bbox 248 3049 1214 3116; baseline 0.003 -18"><span class='ocrx_word' id='word_1_318' title='bbox 248 3051 275 3098; x_wconf 86' lang='lat' dir='ltr'><strong>in</strong></span> <span class='ocrx_word' id='word_1_319' title='bbox 290 3049 340 3099; x_wconf 84' lang='lat' dir='ltr'><strong>bae</strong></span> <span class='ocrx_word' id='word_1_320' title='bbox 354 3051 421 3099; x_wconf 84' lang='lat' dir='ltr'><strong>enim</strong></span> <span class='ocrx_word' id='word_1_321' title='bbox 435 3052 558 3114; x_wconf 78' lang='lat' dir='ltr'><strong>opinione</strong></span> <span class='ocrx_word' id='word_1_322' title='bbox 572 3066 623 3101; x_wconf 86' lang='lat' dir='ltr'><strong>non</strong></span> <span class='ocrx_word' id='word_1_323' title='bbox 638 3051 781 3114; x_wconf 75' lang='lat' dir='ltr'><strong>referebat,</strong></span> <span class='ocrx_word' id='word_1_324' title='bbox 797 3060 825 3101; x_wconf 86' lang='lat' dir='ltr'><strong>at</strong></span> <span class='ocrx_word' id='word_1_325' title='bbox 834 3055 861 3102; x_wconf 79' lang='lat' dir='ltr'><strong>in</strong></span> <span class='ocrx_word' id='word_1_326' title='bbox 872 3055 975 3116; x_wconf 79' lang='lat' dir='ltr'><strong>priore,</strong></span> <span class='ocrx_word' id='word_1_327' title='bbox 990 3052 1134 3104; x_wconf 77' lang='lat' dir='ltr'><strong>cuiusmodi</strong></span> <span class='ocrx_word' id='word_1_328' title='bbox 1147 3059 1214 3101; x_wconf 81' lang='lat' dir='ltr'><strong>esset</strong></span> 
     </span>
     <span class='ocr_line' id='line_1_35' title="bbox 247 3121 1213 3187; baseline 0.001 -18"><span class='ocrx_word' id='word_1_329' title='bbox 247 3121 377 3184; x_wconf 77' lang='lat' dir='ltr'><strong>neoforto</strong></span> <span class='ocrx_word' id='word_1_330' title='bbox 391 3121 486 3171; x_wconf 85' lang='lat' dir='ltr'><strong>ablata.</strong></span> <span class='ocrx_word' id='word_1_331' title='bbox 517 3137 544 3172; x_wconf 87' lang='lat' dir='ltr'><strong>eo</strong></span> <span class='ocrx_word' id='word_1_332' title='bbox 560 3137 634 3186; x_wconf 87' lang='lat' dir='ltr'><strong>usque</strong></span> <span class='ocrx_word' id='word_1_333' title='bbox 649 3122 744 3187; x_wconf 80' lang='lat' dir='ltr'><strong>absque</strong></span> <span class='ocrx_word' id='word_1_334' title='bbox 758 3123 793 3172; x_wconf 88' lang='lat' dir='ltr'><strong>rei</strong></span> <span class='ocrx_word' id='word_1_335' title='bbox 808 3124 865 3174; x_wconf 87' lang='lat' dir='ltr'><strong>edd.</strong></span> <span class='ocrx_word' id='word_1_336' title='bbox 881 3124 928 3174; x_wconf 83' lang='lat' dir='ltr'><strong>aed</strong></span> <span class='ocrx_word' id='word_1_337' title='bbox 942 3125 977 3187; x_wconf 78' lang='lat' dir='ltr'><strong>ef.</strong></span> <span class='ocrx_word' id='word_1_338' title='bbox 984 3131 1077 3187; x_wconf 85' lang='lat' dir='ltr'><strong>postea</strong></span> <span class='ocrx_word' id='word_1_339' title='bbox 1087 3137 1139 3172; x_wconf 85' lang='lat' dir='ltr'><strong>eam</strong></span> <span class='ocrx_word' id='word_1_340' title='bbox 1154 3137 1213 3172; x_wconf 89' lang='lat' dir='ltr'><strong>rem.</strong></span> 
     </span>
    </p>

    <p class='ocr_par' dir='ltr' id='par_1_7' title="bbox 247 3192 1214 3258">
     <span class='ocr_line' id='line_1_36' title="bbox 247 3192 1214 3258; baseline 0.005 -18"><span class='ocrx_word' id='word_1_341' title='bbox 247 3198 272 3240; x_wconf 84' lang='lat' dir='ltr'><strong>et</strong></span> <span class='ocrx_word' id='word_1_342' title='bbox 286 3193 403 3242; x_wconf 82' lang='lat' dir='ltr'><strong>consulto</strong></span> <span class='ocrx_word' id='word_1_343' title='bbox 418 3194 445 3241; x_wconf 84' lang='lat' dir='ltr'><strong>a‘n</strong></span> <span class='ocrx_word' id='word_1_344' title='bbox 460 3192 509 3242; x_wconf 82' lang='lat' dir='ltr'><strong>bae</strong></span> <span class='ocrx_word' id='word_1_345' title='bbox 524 3194 645 3258; x_wconf 86' lang='lat' dir='ltr'><strong>opinione</strong></span> <span class='ocrx_word' id='word_1_346' title='bbox 658 3195 779 3258; x_wconf 75' lang='lat' dir='ltr'><strong>peperoli</strong></span> <span class='ocrx_word' id='word_1_347' title='bbox 793 3193 869 3245; x_wconf 85' lang='lat' dir='ltr'><strong>verbo</strong></span> <span class='ocrx_word' id='word_1_348' title='bbox 884 3196 975 3246; x_wconf 79' lang='lat' dir='ltr'><strong>alitor.</strong></span> <span class='ocrx_word' id='word_1_349' title='bbox 1000 3194 1123 3246; x_wconf 78' lang='lat' dir='ltr'><strong>Fortasse</strong></span> <span class='ocrx_word' id='word_1_350' title='bbox 1137 3195 1214 3245; x_wconf 83' lang='lat' dir='ltr'><strong>etiam</strong></span> 
     </span>
    </p>

    <p class='ocr_par' dir='ltr' id='par_1_8' title="bbox 242 3261 1214 3330">
     <span class='ocr_line' id='line_1_37' title="bbox 242 3261 1214 3330; baseline 0.001 -18"><span class='ocrx_word' id='word_1_351' title='bbox 242 3276 295 3327; x_wconf 81' lang='lat' dir='ltr'><strong>pro</strong></span> <span class='ocrx_word' id='word_1_352' title='bbox 310 3277 339 3312; x_wconf 91' lang='lat' dir='ltr'><strong>eo</strong></span> <span class='ocrx_word' id='word_1_353' title='bbox 354 3277 429 3327; x_wconf 94' lang='lat' dir='ltr'><strong>usque</strong></span> <span class='ocrx_word' id='word_1_354' title='bbox 444 3264 625 3329; x_wconf 74' lang='lat' dir='ltr'><strong>dependentem</strong></span> <span class='ocrx_word' id='word_1_355' title='bbox 635 3265 758 3328; x_wconf 85' lang='lat' dir='ltr'><strong>cuiusque.</strong></span> <span class='ocrx_word' id='word_1_356' title='bbox 816 3261 836 3328; x_wconf 80' lang='lat'><strong>⁸)</strong></span> <span class='ocrx_word' id='word_1_357' title='bbox 851 3266 969 3328; x_wconf 79' lang='lat' dir='ltr'><strong>perferret</strong></span> <span class='ocrx_word' id='word_1_358' title='bbox 981 3265 1006 3317; x_wconf 84' lang='lat'><strong>0.</strong></span> <span class='ocrx_word' id='word_1_359' title='bbox 1016 3265 1075 3315; x_wconf 85' lang='lat' dir='ltr'><strong>edd.</strong></span> <span class='ocrx_word' id='word_1_360' title='bbox 1132 3261 1154 3330; x_wconf 82' lang='lat'><strong>⁴)</strong></span> <span class='ocrx_word' id='word_1_361' title='bbox 1169 3263 1214 3313; x_wconf 78' lang='lat' dir='ltr'><strong>Em</strong></span> 
     </span>
    </p>

    <p class='ocr_par' dir='ltr' id='par_1_9' title="bbox 252 3330 1213 3402">
     <span class='ocr_line' id='line_1_38' title="bbox 252 3330 1213 3402; baseline 0 -18"><span class='ocrx_word' id='word_1_362' title='bbox 252 3330 304 3384; x_wconf 61' lang='lat' dir='ltr'><strong>Vll.</strong></span> <span class='ocrx_word' id='word_1_363' title='bbox 326 3333 364 3397; x_wconf 80' lang='lat' dir='ltr'><strong>Of.</strong></span> <span class='ocrx_word' id='word_1_364' title='bbox 381 3331 490 3384; x_wconf 76' lang='lat' dir='ltr'><strong>‘Gaius’</strong></span> <span class='ocrx_word' id='word_1_365' title='bbox 505 3351 531 3399; x_wconf 87' lang='lat' dir='ltr'><strong>p.</strong></span> <span class='ocrx_word' id='word_1_366' title='bbox 547 3346 594 3387; x_wconf 73' lang='lat'><strong>102.</strong></span> <span class='ocrx_word' id='word_1_367' title='bbox 633 3331 672 3400; x_wconf 79' lang='lat'><strong>·⁶)</strong></span> <span class='ocrx_word' id='word_1_368' title='bbox 688 3335 744 3400; x_wconf 92' lang='lat' dir='ltr'><strong>quid</strong></span> <span class='ocrx_word' id='word_1_369' title='bbox 755 3335 819 3386; x_wconf 77' lang='lat' dir='ltr'><strong>bret.</strong></span> <span class='ocrx_word' id='word_1_370' title='bbox 830 3337 891 3402; x_wconf 66' lang='lat' dir='ltr'><strong>Dia.</strong></span> <span class='ocrx_word' id='word_1_371' title='bbox 901 3337 960 3386; x_wconf 85' lang='lat' dir='ltr'><strong>edd.</strong></span> <span class='ocrx_word' id='word_1_372' title='bbox 1017 3332 1039 3401; x_wconf 84' lang='lat'><strong>⁶)</strong></span> <span class='ocrx_word' id='word_1_373' title='bbox 1054 3336 1174 3399; x_wconf 87' lang='lat' dir='ltr'><strong>uelutique</strong></span> <span class='ocrx_word' id='word_1_374' title='bbox 1187 3335 1213 3384; x_wconf 83' lang='lat'><strong>0.</strong></span> 
     </span>
    </p>
   </div>
   <div class='ocr_carea' id='block_1_4' title="bbox 246 3436 1214 3631">
    <p class='ocr_par' dir='ltr' id='par_1_10' title="bbox 246 3436 1214 3631">
     <span class='ocr_line' id='line_1_39' title="bbox 318 3436 1212 3508; baseline -0.001 -17"><span class='ocrx_word' id='word_1_375' title='bbox 318 3436 362 3508; x_wconf 53' lang='grc' dir='ltr'><strong>ἐξ.</strong></span> <span class='ocrx_word' id='word_1_376' title='bbox 380 3443 438 3492; x_wconf 82' lang='grc'><strong>184.</strong></span> <span class='ocrx_word' id='word_1_377' title='bbox 456 3443 514 3492; x_wconf 81' lang='grc'><strong>185.</strong></span> <span class='ocrx_word' id='word_1_378' title='bbox 540 3441 578 3506; x_wconf 75' lang='lat' dir='ltr'><strong>Cf.</strong></span> <span class='ocrx_word' id='word_1_379' title='bbox 598 3441 682 3505; x_wconf 63' lang='lat' dir='ltr'><strong>Epio,</strong></span> <span class='ocrx_word' id='word_1_380' title='bbox 702 3441 780 3499; x_wconf 67' lang='lat' dir='ltr'><strong>Inst„</strong></span> <span class='ocrx_word' id='word_1_381' title='bbox 801 3441 893 3500; x_wconf 78' lang='lat' dir='ltr'><strong>Paua,</strong></span> <span class='ocrx_word' id='word_1_382' title='bbox 915 3441 979 3492; x_wconf 80' lang='lat' dir='ltr'><strong>Geli.</strong></span> <span class='ocrx_word' id='word_1_383' title='bbox 995 3443 1021 3492; x_wconf 88' lang='lat' dir='ltr'><strong>ll.</strong></span> <span class='ocrx_word' id='word_1_384' title='bbox 1038 3457 1075 3492; x_wconf 87' lang='lat' dir='ltr'><strong>ee.</strong></span> <span class='ocrx_word' id='word_1_385' title='bbox 1096 3441 1127 3490; x_wconf 86' lang='lat' dir='ltr'><strong>L.</strong></span> <span class='ocrx_word' id='word_1_386' title='bbox 1142 3452 1212 3492; x_wconf 78' lang='lat' dir='ltr'><strong>a—s.</strong></span> 
     </span>
     <span class='ocr_line' id='line_1_40' title="bbox 246 3508 1214 3631; baseline 0 -71"><span class='ocrx_word' id='word_1_387' title='bbox 246 3511 405 3631; x_wconf 43' lang='lat' dir='ltr'><strong>&amp;ms</strong></span> <span class='ocrx_word' id='word_1_388' title='bbox 421 3510 466 3577; x_wconf 81' lang='lat' dir='ltr'><strong>(n,</strong></span> <span class='ocrx_word' id='word_1_389' title='bbox 481 3510 512 3578; x_wconf 78' lang='lat' dir='ltr'><strong>a).</strong></span> <span class='ocrx_word' id='word_1_390' title='bbox 586 3508 630 3582; x_wconf 61' lang='grc' dir='ltr'><strong>ξς.</strong></span> <span class='ocrx_word' id='word_1_391' title='bbox 647 3515 796 3564; x_wconf 82' lang='lat' dir='ltr'><strong>aee-aee.</strong></span> <span class='ocrx_word' id='word_1_392' title='bbox 813 3535 846 3554; x_wconf 85' lang='lat'><em>=</em></span> <span class='ocrx_word' id='word_1_393' title='bbox 860 3515 914 3575; x_wconf 70' lang='lat' dir='ltr'><strong>§.a</strong></span> <span class='ocrx_word' id='word_1_394' title='bbox 935 3513 957 3562; x_wconf 84' lang='lat' dir='ltr'><strong>J.</strong></span> <span class='ocrx_word' id='word_1_395' title='bbox 973 3513 1006 3562; x_wconf 80' lang='lat' dir='ltr'><strong>n.</strong></span> <span class='ocrx_word' id='word_1_396' title='bbox 1022 3511 1054 3579; x_wconf 78' lang='lat' dir='ltr'><strong>(a,</strong></span> <span class='ocrx_word' id='word_1_397' title='bbox 1069 3510 1101 3578; x_wconf 91' lang='lat'><strong>1).</strong></span> <span class='ocrx_word' id='word_1_398' title='bbox 1122 3511 1161 3576; x_wconf 80' lang='lat' dir='ltr'><strong>ef.</strong></span> <span class='ocrx_word' id='word_1_399' title='bbox 1177 3510 1214 3560; x_wconf 75' lang='lat' dir='ltr'><strong>aas</strong></span> 
     </span>
    </p>
   </div>
   <div class='ocr_carea' id='block_1_5' title="bbox 0 0 1352 4120">
    <p class='ocr_par' dir='ltr' id='par_1_11' title="bbox 0 0 1352 4120">
     <span class='ocr_line' id='line_1_41' title="bbox 0 0 1352 4120; baseline 0 0"><span class='ocrx_word' id='word_1_400' title='bbox 0 0 1352 4120; x_wconf 95' lang='lat' dir='ltr'><strong> </strong></span> 
     </span>
    </p>
   </div>
  </div>
 </body>
</html>
