2680 4112
437 251 544 289 ssnwvs
565 253 698 290 emtam
713 253 805 291 RVFVS.

314 421 500 488 SERVIVS
531 421 753 490 SVLPICIVS
781 424 922 492 RVFVS

450 529 512 595 (cos.
528 545 550 578 a.
565 546 588 580 n.
604 542 651 582 toa.
667 531 726 580 obiit
739 531 796 597 tlt).

508 629 549 684 lle
576 627 730 684 dotibus.

40 807 42 810 Ι
195 735 220 794 L
243 736 357 793 Seruius
378 752 487 810 quoque
503 735 637 809 Sulpicius
652 738 679 791 in
696 736 781 807 libro,
802 755 881 812 quem
896 742 1050 814 composuit
1065 741 1099 796 da

131 820 256 892 dotibus,
279 829 338 876 tum
359 821 476 893 primum
498 821 637 876 cautiones
659 821 698 876 rei
714 823 830 877 uxamae
852 825 1015 879 necessarias
1038 840 1099 880 esse

79 907 208 966 minuas
223 905 352 977 scripsit,
366 919 428 959 cum
443 903 557 976 Spurius
573 902 723 974 Caruilius,
739 906 782 959 cui
797 905 874 978 liuga
889 917 1098 980 cognomentum

130 990 199 1061 init,
222 989 266 1044 uir
280 985 391 1056 nobilis,
413 987 560 1042 diuortium
576 1003 636 1043 oum
652 1003 737 1044 uxore
752 988 826 1059 iecit,
850 990 913 1061 quia
927 989 1004 1046 liberi
1019 1007 1052 1047 ex
1067 1007 1098 1047 ea

129 1073 260 1146 corporis
276 1071 345 1129 uitio
360 1087 417 1126 non
433 1073 628 1144 gignerentur,
648 1088 718 1127 anno
740 1070 814 1128 urbis
830 1072 953 1128 conditae
968 1075 1098 1146 quingen·

130 1156 235 1213 tesimo
251 1155 379 1211 uicesimo
395 1155 478 1210 tertio
493 1153 526 1210 ll.
543 1153 623 1210 Atilio
638 1153 667 1209 P.
685 1154 789 1211 Valerio
804 1172 875 1211 coss.
906 1158 994 1229 Atque
1004 1158 1027 1212 is
1038 1156 1099 1212 Gar·

130 1239 218 1296 uilius
234 1237 349 1294 traditur
363 1254 485 1310 uxorem,
501 1250 580 1312 quam
595 1237 706 1309 dimisit,
722 1240 833 1312 egregie
850 1238 975 1295 dilexisse
991 1240 1096 1296 carissi·

131 1339 263 1395 mamque
278 1337 383 1377 mamm
399 1323 457 1376 eius
473 1323 558 1396 gratia
573 1319 715 1392 habuisse,
736 1321 784 1377 sed
799 1323 972 1378 iurisiurandi
987 1323 1097 1397 religio·

132 1423 202 1462 nem
217 1407 303 1460 animo
317 1414 397 1478 atque
412 1406 498 1462 amori
511 1407 702 1478 praeuertisse,
718 1405 792 1478 quod
809 1409 896 1462 iurare
911 1424 925 1462 a
941 1407 1098 1464 censoribus

133 1495 253 1546 coactus
269 1497 334 1559 erat,
348 1504 462 1544 uxorem
477 1505 507 1543 se
522 1487 635 1544 liberum
644 1489 828 1562 quaerundum
841 1490 1096 1564 gratiahabiturum.

131 1603 178 1612 -
195 1572 264 1626 Gall.
281 1571 310 1642 4,
326 1571 353 1629 3.
371 1572 399 1643 S.
418 1571 447 1632 2.

199 1651 229 1712 2.
253 1655 393 1728 Sponsalia
415 1656 443 1710 in
465 1671 497 1710 ea
517 1662 594 1728 parte
608 1655 710 1726 ltaliae,
732 1673 800 1729 quae
815 1655 920 1713 latium
936 1658 1097 1731 appellatur,

131 1741 188 1796 boc
211 1755 287 1794 more
307 1745 389 1812 atque
404 1739 463 1796 lure
477 1738 557 1796 solita
579 1738 652 1809 lieri,
672 1741 782 1813 scripsit
797 1734 908 1796 Seruius
924 1740 1057 1815 Sulpicius
1069 1743 1097 1797 in

131 1823 222 1893 libro,
245 1838 327 1896 quem
351 1819 512 1896 (ialsccipsit
533 1822 566 1878 de
588 1822 711 1879 dotibus:
750 1822 813 1889 ‘Qut
834 1824 970 1894 uxorem’,
998 1827 1097 1897 inquit,

129 1907 283 1963 ‘ducturus
304 1915 376 1977 erat,
397 1904 429 1960 ab
450 1921 499 1978 eo,
521 1905 592 1961 unde
607 1905 727 1961 ducenda
743 1915 817 1976 erat,
833 1906 1026 1980 stipulabatur,
1041 1923 1097 1962 eam

130 1993 161 2048 in
172 1991 376 2046 matrimonium
393 1983 500 2062 (datam
515 1992 553 2045 iri
557 2013 567 2051 ;
582 1993 632 2062 qui
644 1990 853 2061 daturuserat,
868 1991 899 2045 ici
913 1991 1003 2046 eidem
1013 2006 1097 2062 spon·

130 2075 229 2131 debat.
257 2076 325 2130 item
338 2077 388 2144 qui
401 2089 522 2133 uxorem
538 2075 662 2128 daturus
677 2079 752 2142 erat,
768 2073 804 2128 ab
820 2087 861 2142 eo,
879 2076 927 2128 aui
942 2087 1004 2128 eam
1015 2074 1097 2130 datu·

133 2175 189 2216 rus
209 2165 290 2226 erat,
312 2158 517 2228 stipulabatur,
539 2160 652 2212 camin
672 2155 891 2224 matrimonium)
911 2154 1020 2212 ductum
1042 2150 1097 2227 irl,¹

132 2244 182 2316 qui
198 2241 332 2296 ducturus
353 2249 426 2308 erat,
446 2239 473 2295 id
493 2233 593 2296 eidem¹
609 2238 769 2312 spondebat.
800 2239 824 2294 ls
839 2248 995 2296 contractus
1013 2242 1099 2314 stipu-

132 2327 268 2382 lationum
282 2325 515 2397 sponsionumque
529 2322 669 2379 dicebatur
683 2322 828 2398 sponsalia.
858 2317 938 2378 item²
951 2339 1019 2396 quae
1034 2339 1097 2397 pro·

132 2412 218 2466 missa
239 2416 306 2476 erat,
330 2423 428 2480 sponsa
451 2405 646 2480 appellabatur,
668 2409 715 2480 qni
737 2406 921 2482 spoponderat
943 2407 1098 2479 ductorum,

134 2509 267 2566 sponsus.
301 2489 354 2547 Sed
374 2492 396 2546 si
416 2500 481 2564 post
501 2506 546 2546 eas
566 2490 749 2564 stipulationis
770 2507 840 2547 uxor
854 2507 908 2546 uon
924 2490 1036 2546 dabatur
1051 2501 1096 2548 aut

135 2574 372 2644 conducebatur,
394 2576 440 2648 qui
460 2567 675 2647 stipulabatur‚³
695 2590 728 2629 ex
743 2591 847 2648 sponsu
861 2573 967 2648 agebat.
995 2574 1097 2632 ludices

132 2651 364 2734 cognoscebant.⁴
398 2657 496 2728 ludex,
519 2657 693 2731 quamobrem
713 2657 776 2714 data
797 2667 940 2730 acceptaue
955 2675 1010 2714 non
1026 2667 1098 2714 esset

133 2760 218 2815 uxor,
233 2741 389 2816 quaerebat.
420 2741 449 2798 Si
461 2740 528 2797 nibil
542 2743 631 2798 iustae
646 2757 742 2798 causae
757 2740 912 2812 uidebatur,
928 2741 1002 2797 litem
1018 2758 1098 2815 pecu·

132 2829 179 2884 nia
202 2825 369 2896 aestimabat,
392 2827 540 2899 quantique
562 2825 734 2888 interfuerat,
758 2840 816 2880 eam
839 2841 950 2880 uxorem
972 2825 1038 2880 ’dari
1053 2833 1098 2881 aut

130 2903 252 2984 accipi,⁵
273 2925 350 2979 enm,
371 2911 418 2983 qui
433 2909 634 2984 spoponderat,
650 2909 699 2980 'ei,
716 2910 762 2983 qui
778 2908 921 2982 stipulatus
938 2901 1020 2980 erat,⁶
1034 2926 1098 2966 con-

207 3069 231 3136 ³)
246 3072 292 3122 Ec
305 3073 432 3124 Mamerti
445 3075 478 3138 qi.
495 3071 588 3138 (Symb.
603 3071 700 3122 Betltm.
716 3071 809 3122 Hallw.
825 3071 874 3122 obl.
885 3088 913 3136 p.
924 3070 968 3137 aa).
995 3068 1098 3137 ²)Scri·

128 3145 185 3208 pei.
200 3152 258 3192 tunc
274 3143 336 3193 Gdd.
351 3151 401 3194 tum
415 3145 473 3193 edd.
499 3139 520 3208 ³)
535 3142 626 3192 Malim
640 3143 766 3207 stipulatus
781 3150 831 3192 eret
855 3139 877 3208 ⁴)
890 3142 955 3197 Noa,
966 3150 994 3191 ut
1004 3141 1098 3192 Romae

133 3217 163 3263 ia
175 3214 743 3277 eausispeauaiariamcondemnationemnoa
754 3212 953 3271 admittentibus,
963 3214 1098 3277 ipsimapi·

131 3292 246 3343 stratus,
260 3285 340 3333 ueluti
353 3285 377 3333 si
386 3286 532 3348 quisfllium
539 3284 657 3347 familias
665 3299 700 3332 aa:
709 3285 726 3332 ι’.
741 3281 787 3342 Qu.
797 3299 870 3332 auum
879 3282 1035 3340 vindicabat,
1045 3285 1098 3331 siae

132 3357 167 3413 ie,
183 3356 229 3419 qai
242 3369 328 3405 noxae
342 3355 503 3413 deluserat,
513 3356 628 3417 pecunia
641 3356 726 3404 solata
741 3361 769 3404 at
783 3356 1016 3409 manumitteretur,
1027 3359 1098 3414 pete-

132 3425 222 3474 batur.
239 3425 328 3474 Callai.
343 3436 364 3484 s,
378 3437 399 3476 a.
429 3422 451 3490 ⁶)
465 3423 583 3488 Saripm
597 3425 674 3488 accipi
688 3431 729 3472 aut
738 3424 789 3473 dari
801 3424 863 3474 Cdd.
874 3424 931 3473 edd.
961 3418 982 3486 ⁶)
996 3420 1099 3484 Scripsi

134 3495 262 3545 Zeiteebr.
274 3496 297 3559 s.
310 3495 397 3561 pescli.
413 3494 484 3544 IiW.
500 3495 527 3544 ll.
539 3511 566 3559 p.
581 3506 629 3548 319.
660 3493 757 3545 Omissa
772 3511 794 3544 o.
809 3495 832 3543 ei
845 3500 933 3543 cetera
947 3493 1021 3540 uncie
1037 3492 1098 3540 incl.

134 3565 229 3615 Hertz.
