2684 4112
257 215 322 280 480
545 230 612 268 nnnn
629 229 812 268 aavnn1anun.
832 213 865 266 ΙΙ.
886 217 927 267 18.

256 371 315 418 tum
330 362 446 435 pretium
459 353 576 439 (serui),
593 359 639 416 sed
655 367 683 416 et
696 355 825 432 ‘eorum,¹
837 377 909 433 ,quaa
920 376 970 434 per
984 359 1075 434 lugam
1088 359 1210 433 abstulit,
1223 376 1287 426 [aee]

257 444 371 501 reddere
386 438 525 518 οοςεῑιιικ2

321 525 358 585 12
374 523 448 603 (13).
480 521 564 584 itum
592 527 715 602 probatio
743 529 841 602 prioris
864 527 945 602 fugae
968 527 1114 598 deiecerit,
1138 528 1211 606 serni

258 612 429 686 responsioni
442 611 605 668 eredendum
617 620 671 669 eat:
687 614 713 668 in
727 629 756 667 se
768 612 838 667 enirn
850 612 1020 686 interrogari,
1032 628 1087 668 non
1100 629 1150 686 pro
1162 613 1211 669 do·

258 698 330 752 mino
342 705 387 752 aul
399 698 426 752 in
438 695 587 765 dominum,
600 694 715 751 uidetur.
737 691 772 752 13
779 688 851 772 (14).
864 689 906 749 ⁴1n
919 711 952 751 eo
965 703 1116 768 contractu,
1125 698 1211 770 quien

258 779 327 835 bona
342 779 393 836 lide
404 780 553 850 descendit,
566 781 810 835 instrumentorum
822 772 977 851 'obligatio⁵
986 780 1044 834 sine
1058 795 1139 836 eausa
1156 780 1211 837 'de-

259 857 506 936 sideratur,⁰siquo
515 856 726 919 moio'ueritas⁷
733 862 766 918 te
775 861 1086 936 fidecontraotnspossit
1094 864 1211 920 ostendi.

445 941 493 1023 [L.
512 948 538 1003 1.
562 947 598 1008 D.
615 948 650 1002 cle
663 948 721 1018 fide
737 951 867 1003 instrum.
885 939 951 1023 (22,
966 939 1024 1022 4).]

322 1024 447 1110 14(1t).
472 1024 602 1087 ⁸analus
617 1031 674 1085 eius
690 1047 750 1086 esse
772 1030 889 1101 uidetur,
912 1032 988 1086 enias
1010 1031 1117 1086 nornine
1139 1048 1210 1088 conn-

257 1123 366 1189 paratus
383 1122 435 1184 est,
451 1131 507 1171 non
522 1131 536 1170 a
552 1130 606 1187 quo
622 1115 733 1187 pecunia
749 1120 886 1169 numerata
901 1123 959 1170 est:
975 1115 998 1169 si
1010 1121 1099 1170 tamen
1111 1115 1210 1171 innius

257 1200 436 1273 comparatori
453 1200 488 1254 sit
502 1198 627 1254 traditus.

567 1276 624 1356 [15.
650 1279 774 1338 Contuli.
790 1281 820 1350 6,
836 1274 899 1358 8.]1

320 1361 354 1420 15
369 1359 443 1440 (16).
469 1357 593 1420 ¹⁰Eieoto
615 1379 663 1420 reo
685 1364 825 1438 principali
841 1363 984 1421 fideiussor
999 1365 1044 1422 uel
1059 1365 1138 1422 heres
1153 1367 1211 1424 eins

258 1446 397 1506 liberatur.
436 1463 491 1504 non
506 1447 576 1504 idem
590 1449 617 1503 in
633 1447 833 1504 mandatoribus
849 1442 1048 1508 obseruatnr.¹¹

424 1583 488 1624 nan.
504 1583 595 1625 xvan.
623 1583 665 1624 nn
680 1581 800 1624 nooaao
815 1583 856 1626 nn
871 1583 1045 1626 counvono

319 1656 344 1718 l.
369 1651 489 1716 12Ηοιηο
504 1658 587 1728 liber,
611 1661 657 1734 qui
671 1667 771 1716 statum
786 1674 864 1716 suum
880 1661 907 1715 in
922 1668 1057 1734 potestate
1072 1661 1168 1732 habet,
1184 1672 1213 1720 et

258 1813 411 1875 qeminatum
426 1809 570 1869 videbatur,
583 1809 788 1859 substitueretur.
812 1809 909 1859 Sonuit.
920 1826 972 1874 pro
987 1811 1095 1860 dominus
1111 1815 1143 1876 ej.
1154 1827 1212 1862 ven·

258 1882 328 1930 ditor.
398 1877 417 1946 ¹)
433 1895 459 1928 ea
474 1878 537 1945 (pro
552 1878 613 1946 eor.)
630 1879 690 1929 oda.
706 1880 763 1929 edd.
828 1877 986 1945 ²)Ile§.1e.
1006 1883 1145 1932 editionum
1158 1885 1211 1934 uid.

258 1959 310 2002 not.
325 1964 347 2003 a.
395 1947 416 2018 ⁸)
432 1951 552 2000 Paullum
565 1957 662 2000 mutata
676 1951 789 2000 eulatia
803 1949 835 2000 L.
846 1962 866 2001 a.
886 1951 918 2000 D.
933 1951 965 2002 de
974 1951 1050 2014 prob.
1065 1951 1151 2018 (488).
1173 1953 1211 2018 Of.

258 2022 290 2070 L.
305 2033 339 2073 58.
356 2024 379 2084 ἓ.
394 2033 414 2072 8.
434 2021 466 2070 D.
483 2022 515 2072 de
529 2021 606 2072 aedil.
621 2021 660 2070 ed.
676 2018 721 2085 (21,
737 2019 768 2086 1).
787 2020 819 2070 L.
835 2033 901 2086 1pr.
920 2021 952 2070 L.
966 2032 1000 2072 ao.
1019 2022 1051 2072 1).
1067 2023 1211 2087 deqaaeet.

259 2091 304 2157 (48,
321 2091 366 2158 18),
381 2093 453 2156 infra
468 2101 488 2152 a,
504 2103 537 2144 aa.
552 2093 576 2153 g.
591 2101 612 2142 a.
684 2089 705 2155 4)
722 2091 760 2154 Os.
776 2091 808 2139 L.
823 2103 856 2142 10.
880 2091 905 2142 0.
921 2092 952 2141 de
963 2093 1015 2154 fide
1030 2095 1104 2142 inatr.
1120 2092 1151 2159 (4,
1166 2094 1210 2160 21).

261 2160 282 2228 ⁶)
300 2161 393 2226 Optimi
407 2169 431 2211 et
440 2164 561 2226 plerique
576 2161 638 2211 Odd.
653 2161 741 2210 oblatio
755 2163 815 2219 alii,
830 2161 869 2210 ed.
884 2161 917 2210 Α.
947 2162 986 2225 Cf.
1003 2162 1059 2212 Gai.
1074 2175 1100 2221 8,
1115 2177 1161 2215 1³1.

260 2230 282 2300 ⁶)
299 2234 475 2282 demonstratur
488 2234 561 2282 malti
573 2239 598 2281 et
611 2233 700 2295 optimi
715 2231 777 2282 odd.
792 2232 868 2280 eled.
883 2231 967 2281 Haen.
1020 2230 1040 2298 7)
1054 2235 1163 2284 noluntas
1177 2251 1212 2285 en

258 2306 344 2353 multia
360 2303 424 2352 Odd.
440 2303 480 2352 ed.
494 2302 579 2351 Haen.
648 2299 669 2366 ⁸)
686 2302 724 2365 Of.
740 2301 772 2350 L.
788 2314 808 2352 1.
830 2302 854 2352 0.
869 2303 893 2351 el
908 2303 1160 2370 pitinanatium).

259 2371 280 2438 ⁹)
297 2373 443 2435 Pleraeque
457 2372 514 2420 edd.
530 2372 554 2420 Ia.
569 2373 586 2420 l.
599 2379 661 2434 poet
674 2373 697 2433 ξ.
712 2385 746 2422 11.
757 2379 870 2435 ponunt,
892 2380 920 2422 ut
931 2375 967 2422 ait
980 2375 1002 2435 §-
1018 2385 1050 2424 18.
1078 2375 1117 2424 De
1131 2391 1161 2425 re
1175 2377 1210 2438 es.

258 2443 290 2492 L.
306 2453 326 2492 tt.
349 2441 374 2491 C.
389 2444 415 2491 ei
429 2441 501 2490 venel.
515 2443 587 2506 piqn.
603 2439 626 2506 (8
654 2439 699 2506 ³0).
734 2442 877 2492 Creditorie
890 2444 1043 2502 venditione,
1058 2459 1124 2509 quoe
1137 2461 1210 2496 enee·

258 2513 354 2578 quendi
363 2513 489 2577 piqnoria
500 2525 580 2560 cauea
589 2519 708 2574 eaepueto
719 2513 749 2574 fit
758 2515 798 2562 uel
809 2514 870 2576 fieri
879 2514 989 2573 videtur,
999 2516 1121 2580 piqnorie
1131 2532 1210 2566 couno

256 2585 349 2646 finitur
363 2580 394 2648 (8,
405 2593 439 2632 aa.
450 2583 473 2643 ὅ.
484 2581 507 2646 4)
518 2588 543 2630 et
555 2583 612 2631 oola
626 2583 653 2630 in
662 2597 716 2631 rem
726 2585 802 2645 aetio,
817 2585 841 2632 oi
850 2599 900 2634 noa
911 2586 968 2634 iure
978 2586 1156 2651 venditarent,
1166 2587 1210 2636 de-

259 2651 339 2703 hilari
346 2655 432 2702 eiusne
440 2651 577 2701 heredibus
586 2653 842 2716 relinquituraemtra
850 2657 1050 2718 quameieoalra
1057 2657 1211 2720 fidempacti

259 2724 375 2773 creditor
385 2724 468 2788 epiare
478 2728 607 2787 arquatur
616 2720 649 2772 ab
656 2737 694 2786 eo,
702 2725 853 2789 quipepiqit
860 2727 899 2774 uel
904 2727 1036 2791 pepipiose
1043 2728 1212 2792 intelliqilar:

258 2794 328 2858 quoti
334 2807 446 2857 arquere
455 2794 534 2842 licere
542 2795 632 2843 eumin
646 2801 781 2844 contractu
791 2797 910 2860 pipnorie
921 2797 978 2845 dati
990 2798 1071 2846 inesse
1084 2797 1209 2860 uideatur,

258 2872 282 2912 et
292 2862 393 2914 debitor
402 2863 451 2912 noe
462 2877 524 2913 eoru
533 2870 603 2914 reete
609 2865 784 2930 pignoratitia
795 2867 858 2930 opit,
873 2873 898 2914 et
910 2867 935 2915 ai
943 2869 1032 2932 nrqnit
1041 2866 1109 2932 (nam
1119 2881 1210 2932 pereo·

259 2936 318 2983 nale
328 2940 434 2996 paetum
448 2931 504 3000 eet),
515 2936 641 2984 actionem
655 2936 691 2984 ad
699 2936 816 2985 heredem
827 2938 983 2986 tranemittit.
1008 2937 1093 2987 Aliter
1102 2954 1155 2987 rem
1164 2953 1210 2988 ex·

255 3004 410 3067 pedireaibi
423 3005 543 3054 uidentur
555 3004 786 3055 euroaustrum.
802 3006 870 3056 adia.
881 3009 897 3056 l.
952 3003 983 3073 10)
1000 3007 1037 3070 Cf.
1050 3008 1101 3058 (lie.
1112 3009 1148 3058 ad
1156 3009 1210 3058 All.

259 3086 293 3132 16,
308 3085 341 3126 aa.
357 3074 389 3128 L.
404 3085 438 3126 45.
453 3077 477 3138 §-
491 3087 512 3127 8.
532 3077 564 3127 D.
579 3076 663 3126 manat.
678 3074 727 3141 (u,
742 3074 773 3141 1).
793 3076 825 3125 L.
841 3077 885 3126 ult.
901 3077 925 3126 0.
941 3077 973 3126 de
983 3079 1099 3140 fidolum.
1114 3076 1210 3144 (8.41).

260 3171 293 3181 -
308 3144 340 3194 L.
355 3157 389 3197 aa.
408 3145 441 3195 n.
455 3145 488 3196 de
505 3147 621 3210 fidetara.
636 3144 686 3211 (48,
704 3143 735 3210 1).
755 3145 786 3195 L.
801 3157 835 3198 ea.
857 3147 882 3197 Ο.
897 3147 953 3198 eod.
1028 3143 1060 3214 ¹¹)
1075 3148 1119 3199 Act
1131 3149 1155 3198 la.
1171 3151 1209 3198 tir.

256 3222 377 3278 spectare
390 3217 467 3267 etiam
477 3217 579 3267 uidetur
589 3216 621 3264 L,
633 3215 704 3266 iiam.
713 3213 795 3280 Burq.
806 3227 839 3268 tt.
864 3213 949 3267 ‘Arra
959 3233 1011 3281 pro
1021 3219 1210 3284 quibuscunque

256 3286 335 3338 rebue
348 3303 365 3337 a
379 3288 516 3338 uenditare
530 3293 641 3349 accepta¹
652 3283 684 3334 ab
698 3301 735 3344 eo,
750 3289 795 3351 qui
808 3289 874 3346 emit,
885 3289 1056 3338 uenditionem
1066 3290 1211 3354 perfectam

256 3372 326 3408 ease:
335 3359 448 3422 pretium
462 3363 546 3406 tamen
557 3356 717 3420 postmodam
731 3363 827 3423 emptor
841 3356 882 3423 (L.
894 3357 1015 3424 emptore)
1026 3361 1157 3412 uenditori
1166 3362 1211 3410 im·

254 3431 374 3491 pleturue
387 3427 430 3494 (L.
440 3425 595 3492 impletura),
610 3428 635 3475 ei
647 3434 693 3475 eat
707 3427 774 3476 inter
788 3429 857 3492 ipeoa
872 3431 1022 3479 conuenerit
1035 3437 1080 3480 aut
1093 3433 1211 3481 uirorum

256 3497 379 3548 bonoram
395 3499 572 3548 aestimatione
586 3499 738 3557 contulerit,
752 3499 891 3548 seeundum
903 3501 1013 3565 epeeiem
1029 3498 1138 3552 Paulli!

331 3567 380 3616 lte.
400 3567 508 3616 XVIII.
548 3563 581 3634 ι1)
597 3567 636 3630 Os.
651 3567 682 3617 L*
697 3579 718 3620 a.
737 3569 769 3618 I).
784 3570 816 3620 ele
830 3571 914 3633 aaufr.
929 3571 977 3636 leq.
993 3569 1037 3635 (tt,
1052 3569 1084 3635 t).
