2696 4120
241 264 305 330 374
538 276 598 314 eun
616 277 717 312 marm.
735 257 783 312 lV.
803 265 912 314 ‘to—78.

305 418 353 479 to.
372 419 411 476 Ex
426 411 577 476 maleficio¹
599 417 831 475 filiorumlomilias
852 434 1061 491 seruorumque,
1082 419 1168 476 ueluti
1184 423 1208 478 si

242 507 345 564 lurtum
371 505 486 562 iecerint
512 511 559 559 ant
584 503 707 559 iniuriam
728 503 926 573 commiserint,
950 502 1061 559 noxales
1087 506 1207 562 actiones

242 586 1206 666 pmmeOEMmmmmmmmfflmmmm-

240 693 302 732 nem
316 674 433 731 sufferre
448 683 495 730 eut
509 688 597 729 nonne
612 672 724 728 dedere:
741 679 799 728 erat
815 673 885 728 enim
898 673 1036 745 iniquum,
1058 674 1206 748 nequitiam

240 776 335 818 eorum
352 759 423 816 ultre
437 760 560 833 ipsorum
576 773 689 831 corpora
705 755 864 831 parentibus
883 756 1036 814 dominisue
1051 757 1206 814 damnosam

240 861 311 903 esse.
346 839 394 902 76.
418 842 589 900 Constitutae
610 850 676 898 sunt
696 851 787 898 autem
809 841 918 897 noxales
934 842 1054 898 actiones
1070 851 1117 898 aut
1137 843 1205 916 legi-

239 928 292 986 bus
306 937 353 985 aut
370 928 459 985 edicto
479 927 629 1001 praetoris:
651 925 775 1000 legibus,
792 925 869 982 uelut
883 925 951 982 lurti
966 925 1028 1000 lege
1041 943 1088 983 x11
1102 926 1206 982 tabula·

239 1029 310 1084 rum,
331 1013 421 1070 damni
440 1013 552 1068 iniuriae
571 1009 633 1084 lege
648 1010 767 1084 Aquilio;
791 1011 880 1066 edicto
896 1012 1044 1084 praetoris,
1067 1010 1144 1068 uelut
1161 1013 1206 1067 in·

239 1099 368 1154 iuriorum
384 1105 412 1155 et
427 1097 456 1154 ni
472 1096 605 1153 bonorum
621 1103 771 1169 raptorum.
807 1090 850 1154 77.
873 1093 971 1151 Omnes
988 1104 1078 1152 autem
1094 1095 1205 1152 noxales

239 1184 360 1240 actiones
375 1191 457 1256 caput
472 1189 638 1254 sequuntur:
661 1197 723 1236 nam
743 1181 766 1236 si
789 1177 861 1236 lilius
883 1189 947 1236 tuus
961 1195 1093 1236 seruosne
1108 1196 1206 1236 noxam

239 1268 414 1336 commiserit,
431 1264 556 1340 quamdiu
571 1265 599 1320 in
615 1271 661 1320 tua
677 1272 813 1338 potestate
829 1273 885 1334 est,
909 1273 998 1321 tecum
1014 1273 1057 1321 est
1071 1267 1158 1334 aetio;
1181 1266 1205 1320 si

238 1353 266 1407 in
281 1351 393 1408 alterius
408 1357 573 1425 potestatem
588 1351 761 1422 peruenerit,
785 1366 846 1406 cum
868 1349 916 1405 illo
931 1350 1027 1423 incipit
1042 1351 1112 1406 aetio
1127 1364 1204 1418 esse3

239 1437 262 1490 si
278 1437 320 1490 sui
335 1436 403 1491 iuris
417 1435 538 1508 coeperit
556 1449 631 1504 esse,
647 1433 750 1491 directe
765 1435 834 1490 aetio
850 1450 912 1490 cum
926 1435 987 1508 ipso
1003 1442 1060 1504 est,
1077 1443 1104 1491 et
1119 1449 1205 1490 noxae

239 1519 343 1575 deditio
364 1519 542 1593 extinguitur.
581 1534 614 1574 en
633 1517 743 1574 diuerso
766 1534 874 1592 quoque
896 1517 999 1575 directa
1014 1521 1084 1575 ectio
1100 1517 1205 1574 nonalis

239 1620 299 1660 esse
326 1604 434 1678 incipit:
457 1620 518 1660 nam
545 1603 568 1658 si
596 1603 787 1676 paterfamilias
807 1618 905 1659 nonam
927 1605 1108 1673 commiserit,
1132 1603 1204 1658 etis

239 1705 269 1744 se
284 1689 312 1745 in
326 1688 533 1764 adrogationem
549 1688 597 1744 tibi
616 1687 722 1743 dederit
736 1697 783 1744 out
797 1703 896 1744 seruus
911 1697 976 1743 tuus
991 1704 1051 1744 esse
1071 1689 1203 1760 eoeperit,

239 1772 339 1848 (quod)
355 1772 515 1847 quibusdam
531 1770 636 1829 casibus
652 1771 773 1829 accidere
794 1773 882 1846 primo
905 1771 1097 1830 commentario
1119 1767 1204 1826 trodi-

240 1859 337 1930 dimns,
354 1859 448 1933 incipit
462 1865 553 1915 tecum
570 1856 674 1914 nonalis
689 1858 758 1913 actio
774 1873 845 1928 esse,
863 1871 931 1930 qnae
945 1864 1007 1912 ante
1022 1857 1123 1912 directa
1139 1855 1201 1912 luit.

238 1937 285 2000 78.
305 1942 357 2000 Sed
378 1944 400 1999 si
420 1941 492 1999 lilius
513 1943 583 2016 patri
605 1949 652 1998 aut
672 1957 770 1999 seruus
792 1940 902 1998 domino
918 1957 1012 1996 noram
1027 1941 1203 2012 commiserit,

239 2027 314 2086 nulla
329 2029 399 2085 actio
415 2029 550 2085 nascitur:
573 2026 647 2084 nullo
665 2027 734 2083 enim
750 2027 861 2083 omnino
876 2028 1005 2083 interme
1020 2033 1142 2097 eleum,
1158 2026 1204 2099 qui

238 2117 266 2170 in
281 2120 418 2188 potestate
433 2129 491 2169 mea
507 2120 563 2176 est,
587 2110 716 2186 obligatio
738 2111 812 2168 nasei
832 2119 938 2185 potest,
958 2111 1075 2186 ideoque
1096 2118 1123 2167 et
1138 2111 1162 2166 si
1177 2111 1204 2166 in

168 2204 226 2256 218.
239 2197 350 2255 alienam
374 2191 377 2276 l
402 2203 567 2272 potestatem
588 2197 747 2270 peruenerit
768 2204 816 2253 aut
835 2197 877 2252 sui
899 2196 966 2252 iuris
989 2212 1049 2252 esse
1072 2197 1203 2270 coeperit,

236 2299 327 2356 neque
348 2299 408 2338 cum
428 2283 488 2356 ipso
509 2297 598 2355 neque
613 2297 674 2337 cum
689 2297 737 2351 eo,
759 2282 836 2338 cuins
852 2296 925 2337 nune
943 2281 970 2336 in
992 2288 1128 2354 potestate
1150 2289 1202 2352 est,

238 2369 282 2440 agi
301 2356 404 2440 potest.
435 2364 506 2421 unde
527 2365 679 2439 quaeritur,
701 2366 724 2420 si
739 2363 844 2421 alienus
864 2381 962 2421 seruus
986 2363 1092 2421 liliusue
1106 2379 1202 2421 noram

237 2450 402 2508 commiserit
418 2449 499 2525 milri,
523 2457 551 2505 et
571 2451 593 2506 is
616 2459 712 2524 postea
725 2452 754 2506 in
769 2465 828 2506 mea
844 2465 904 2506 esse
920 2451 1041 2524 eoeperit
1055 2457 1201 2524 potestate,
1213 2465 1266 2519 [eos]

237 2543 329 2591 utrum
343 2533 488 2592 intercidat
503 2535 584 2607 aetio,
600 2551 633 2590 an
649 2536 785 2609 quiescat:
808 2534 896 2590 nostri
911 2541 1104 2608 praeceptores
1119 2535 1203 2590 inter·

237 2619 327 2676 cidere
342 2626 453 2694 putant,
476 2620 538 2692 quia
553 2620 581 2675 in
595 2635 658 2676 eum
673 2635 764 2676 casum
780 2618 896 2676 deducta
910 2620 963 2690 sit,
986 2620 1014 2674 in
1030 2635 1085 2692 quo
1099 2613 1203 2676 ἐ’νιιῑὶο2

236 2706 386 2761 consistere
398 2720 454 2759 non
466 2705 597 2778 potuerit,
612 2704 739 2778 ideoque,
754 2704 818 2761 lieet
830 2704 925 2760 exierit
939 2703 972 2759 de
984 2719 1043 2760 mea
1055 2711 1202 2778 potestate,

237 2804 319 2863 ogere
335 2805 377 2845 me
393 2804 448 2844 non
469 2806 566 2865 posse,
590 2789 712 2845 diuersae
733 2787 843 2846 scholae
863 2797 1003 2853 auctores,
1026 2787 1152 2862 quamdiu
1173 2788 1201 2843 in

236 2889 295 2929 mea
309 2880 446 2947 potestate
462 2875 507 2944 sit,
523 2876 663 2948 quiescere
676 2873 811 2930 actionem
823 2880 930 2947 putent,
946 2877 1014 2945 quio
1026 2875 1084 2946 ipse
1096 2886 1201 2928 mecum

309 3013 329 3080 ²)
344 3018 467 3068 maleficiis
486 3019 572 3069 Instit.
592 3017 636 3068 liic
654 3022 680 3066 et
697 3018 719 3078 ξ.
735 3027 782 3067 112.
806 3017 854 3067 sed
868 3015 987 3066 malelicio
1005 3023 1044 3066 est
1060 3015 1202 3065 Galacum:

236 3088 268 3137 L.
283 3100 304 3140 4.
323 3088 357 3137 Ι).
372 3089 404 3139 de
418 3088 466 3141 obl.
480 3097 505 3140 et
519 3096 569 3140 oet.
586 3088 632 3152 (44,
646 3085 678 3154 4).
736 3083 757 3152 ²)
772 3085 817 3136 Ex
836 3086 936 3137 Blultm.
956 3085 1064 3146 Sched,
1083 3085 1128 3136 ubi
1142 3093 1201 3136 onte

235 3166 350 3210 notatum
363 3161 396 3210 tio
410 3161 551 3211 secuudum
565 3159 593 3209 V
594 3154 615 3190 'i
623 3161 773 3221 corruptela
788 3159 935 3207 litterarum
948 3157 981 3207 ini
992 3158 1078 3221 fuisse
1090 3158 1200 3216 uidetur.

237 3230 276 3294 Of.
291 3233 328 3281 ad
341 3233 364 3294 §-
379 3244 400 3283 tt.
420 3231 442 3281 J.
458 3232 490 3281 de
508 3232 594 3280 inutil.
612 3231 673 3294 stip.
688 3228 724 3296 (4,
740 3229 777 3295 19)
797 3245 813 3279 a
829 3228 980 3280 Schradero
999 3230 1120 3294 allegato.
1148 3226 1200 3276 Om.

235 3301 321 3354 Instit.
337 3305 377 3353 ed.
391 3301 464 3353 Stud.
484 3302 546 3352 ectio
561 3307 639 3351 anteo
653 3301 786 3351 edebatur.

306 3423 331 3497 §-
346 3429 389 3479 ⁷5.
405 3449 439 3469 ==
450 3442 493 3489 pr.
509 3426 532 3488 ἕ.
548 3426 618 3488 ufic.
637 3425 660 3475 I.
676 3426 877 3476 demoniaci.
893 3424 925 3490 (4,
939 3424 971 3489 8).
993 3423 1031 3486 Cf.
1044 3421 1120 3473 Paul.
1136 3433 1157 3486 2,
1166 3433 1201 3474 41.

235 3501 262 3561 ξ.
276 3512 296 3552 4.
316 3514 398 3562 sopra
412 3511 433 3560 1,
448 3508 495 3548 nto.
550 3492 575 3565 ξ.
592 3498 720 3560 'te—ae.
733 3508 754 3548 4.
774 3496 845 3550 Lib.
902 3491 1200 3564 §.tt.=§.s.1.ib.

237 3570 277 3632 Cf.
293 3569 369 3618 Paul.
385 3580 406 3631 s,
421 3580 454 3620 ³1.
474 3569 514 3630 ἐξ.
534 3579 553 3619 8.
572 3579 592 3619 e.
615 3569 694 3632 primo
713 3565 812 3637 comm]
830 3570 855 3630 ᾖ.
875 3579 922 3619 loo.
977 3562 1003 3635 ἦ.
1024 3569 1067 3619 78.
1088 3563 1127 3628 Of.
1143 3567 1167 3627 ᾖ.
1182 3575 1201 3615 e.

234 3639 258 3689 Ι.
274 3639 306 3689 tt.
326 3639 358 3687 L.
374 3651 407 3690 18.
422 3650 456 3691 et.
476 3639 508 3688 D.
524 3639 556 3689 de
568 3638 634 3702 furt.
650 3638 696 3706 (44,
710 3638 742 3705 a).
762 3639 793 3688 L.
808 3651 843 3692 tr.
862 3638 895 3688 Ι).
911 3639 942 3687 de
957 3639 1047 3688 uoaeal.
1060 3643 1111 3686 act.
1122 3635 1155 3703 (9,
1169 3634 1200 3701 4).
