2678 4116
238 215 299 280 178
551 230 726 267 (1111177711.
745 212 766 266 l.
785 217 894 269 23-29.

237 382 411 446 acceperunt,
434 390 494 430 cum
511 372 575 427 olim
591 373 664 427 serui
686 371 844 428 uiderentur
864 387 935 427 esse.
972 367 1208 428 annonarum

237 458 292 516 illis
308 459 445 531 permittit
465 458 509 512 len
530 457 604 512 lunia
620 456 664 512 uel
686 456 753 529 ipsis
774 463 967 511 testamentum
986 455 1086 527 lacere,
1109 456 1154 512 uel
1175 473 1208 512 ex

238 550 403 598 testamento
425 541 513 597 alieno
536 557 647 614 capere,
668 540 714 595 uel
733 548 841 596 tutores
863 547 1027 596 testamento
1049 539 1117 599 dari.
1158 535 1209 596 24.

240 625 318 693 Quod
335 634 424 682 autem
441 627 566 697 diximus,
583 641 615 680 en
631 633 794 680 testamento
811 641 858 680 eos
874 639 970 697 capere
987 641 1041 680 non
1057 641 1151 698 posse,
1169 626 1209 681 ita

238 711 444 786 intellegemus,
472 709 513 766 ’ut
536 725 570 765 ne
598 709 662 782 quid
691 701 813 765 directo¹
836 707 993 764 hereditatis
1016 708 1208 781 legatorumue

238 797 348 852 nomine
360 813 408 852 eos
420 811 501 869 posse
513 811 610 867 capere
622 794 757 866 dicamus3
775 793 895 866 alioquin
911 809 960 866 per
971 790 1207 849 fideicommissum

239 897 335 954 capere
350 886 476 952 possunt.
1159 941 1165 954 ι

303 960 351 1022 25.
374 963 406 1019 Ηί
427 980 509 1036 uero,
531 965 578 1036 qui
598 963 787 1019 dediticiorum
803 978 915 1018 numero
931 969 1010 1032 sunt,
1034 961 1109 1017 nullo
1125 961 1208 1017 modo

239 1065 272 1106 er
287 1056 453 1104 testamento
468 1063 564 1122 cepere
579 1057 712 1120 possunt,
734 1063 789 1102 non
805 1048 890 1123 magis
906 1063 985 1119 quam
1002 1046 1116 1119 quilibet
1130 1062 1208 1119 pere-

241 1135 351 1205 grinus;
368 1125 458 1206 'quio²
474 1149 525 1188 nec
539 1133 591 1205 ipsi
606 1139 799 1187 testamentum
815 1130 904 1186 lacere
924 1138 1042 1204 possunt
1060 1129 1209 1186 secundum

239 1218 276 1275 ’ld
299 1217 372 1290 quod
394 1210 501 1290 magis³
522 1217 632 1290 placuit.
668 1211 717 1274 26.
736 1215 856 1271 Pessima
877 1217 971 1288 itaque
988 1213 1098 1270 libertas
1113 1230 1208 1270 eorum

242 1311 293 1369 est,
310 1304 356 1374 qui
373 1301 562 1358 dediticiorum
578 1318 692 1356 numero
713 1310 793 1368 suut;
814 1317 865 1356 nec
886 1300 941 1356 ulla
958 1299 1020 1374 lege
1037 1307 1081 1354 aut
1096 1307 1208 1354 senatus

240 1386 368 1444 consulto
389 1394 436 1440 aut
457 1387 654 1442 constitutione
674 1385 815 1458 principali
833 1385 922 1440 aditus
945 1384 999 1438 illis
1020 1384 1053 1439 ad
1070 1384 1208 1439 ciuitatem

168 1531 170 1536 ,
242 1471 388 1526 Romanam
404 1470 494 1525 datur.
531 1465 578 1527 27.
597 1469 665 1536 Quin
687 1477 715 1524 et
734 1471 761 1525 in
782 1467 850 1524 urbe
865 1469 949 1525 Roma
965 1468 1010 1523 uel
1030 1469 1102 1525 intra
1118 1463 1286 1523 cente-1¹0⁷]

242 1555 338 1610 simum
357 1553 429 1608 urbis
445 1555 546 1610 Romae
567 1555 710 1609 miliarium
732 1555 831 1609 morari
851 1553 1046 1626 prohihentur;
1067 1562 1095 1608 et
1113 1552 1145 1606 'si
1161 1556 1213 1624 qui

242 1647 337 1695 contra
353 1654 384 1693 ea
399 1633 539 1710 fecerim*
561 1641 611 1712 ipsi
633 1637 757 1712 bonaque
773 1654 869 1694 eorum
884 1637 991 1712 publice
1006 1639 1100 1693 uenire
1114 1635 1210 1692 iuben·

242 1732 288 1779 tur
304 1740 335 1778 ea
350 1721 521 1794 condicione,
539 1733 570 1778 ut
591 1739 626 1778 ne
646 1727 673 1778 in
695 1723 762 1779 urbe
782 1723 866 1780 Roma
883 1721 927 1778 uel
949 1724 1018 1778 intra
1034 1723 1211 1778 centesimum

241 1808 319 1864 urbis
331 1807 430 1864 Romae
446 1807 588 1864 miliarium
604 1810 736 1876 saeuiant,
753 1824 823 1864 neue
839 1823 964 1880 umquam
976 1808 1213 1882 manumittantur,

241 1900 269 1948 et
290 1895 313 1948 si
335 1893 491 1948 manumissi
512 1891 626 1964 luerint,
650 1893 723 1948 serui
746 1891 840 1965 populi
863 1890 974 1947 Romani
998 1907 1058 1946 esse
1071 1889 1213 1947 iubentur.

241 1987 268 2034 et
289 1979 357 2033 haec
378 1979 415 2032 ita
435 1977 497 2051 lege
517 1978 590 2034 delia
611 1976 703 2034 Soulia
725 1976 910 2050 conprehensa
930 1985 1003 2032 sunt.
1294 1967 1297 1973 ’

207 2075 230 2129 7.
313 2071 410 2132 Quidue
419 2074 501 2124 modis
516 2073 594 2122 Latini
608 2073 638 2122 ad
649 2073 770 2122 ciuitatem
780 2071 909 2122 Romanam
919 2072 1059 2135 perveniam
1076 2057 1081 2134 Ι
1101 2055 1149 2118 28.
1160 2059 1211 2115 La·

242 2149 292 2204 tini
314 2165 381 2203 uero
411 2148 503 2204 multis
532 2149 618 2204 modis
648 2147 680 2203 ad
708 2149 844 2204 ciuitatem
868 2147 1014 2203 Romanam
1035 2145 1212 2218 perueniunt.

241 2227 290 2291 29.
304 2233 401 2288 Statim
423 2234 541 2288 enimes
561 2233 623 2305 lege
647 2232 720 2287 Aelia
736 2226 847 2288 Sentia⁵
864 2233 982 2287 minores
1001 2231 1112 2303 triginta
1126 2245 1213 2285 anno·

242 2332 302 2372 rum
325 2317 480 2372 manumissi
502 2325 530 2371 et
551 2313 638 2371 Latini
658 2316 721 2371 lacti
748 2318 770 2371 si
798 2332 895 2371 uxores
918 2315 1044 2371 duxerint
1070 2314 1114 2370 uel
1135 2315 1212 2369 ciues

315 2462 335 2532 ¹)
351 2480 381 2515 ne
401 2466 458 2530 quid
477 2465 607 2516 indirecto
627 2463 680 2529 Vll,
695 2474 762 2531 poto
780 2469 938 2531 transposito
953 2474 979 2516 ut
992 2474 1018 2515 et
1034 2473 1129 2516 motolo
1145 2466 1170 2513 in
1186 2465 1213 2513 in

241 2563 276 2575 ·-
292 2553 321 2585 ne
336 2537 393 2601 qnid
408 2537 465 2586 inde
480 2538 571 2586 directo
587 2539 618 2601 ej.
632 2539 764 2589 Goudomit
778 2539 818 2587 cd.
834 2539 974 2588 Polenoor.
1003 2537 1103 2600 nequid
1118 2536 1212 2585 directo

243 2610 281 2659 ed.
296 2608 369 2658 Stud.
435 2604 456 2674 ¹)
476 2606 529 2672 Vsa,
544 2617 571 2659 ut
585 2617 668 2660 taenea
682 2611 737 2674 quia
752 2617 866 2659 notatum
880 2609 989 2661 Studdo
1002 2611 1083 2658 uicum
1100 2609 1143 2665 cit,
1158 2621 1213 2669 pro

243 2681 313 2744 quin,
337 2686 453 2743 utputo,
473 2682 542 2745 qood
560 2687 584 2730 el
603 2684 634 2743 cj.
656 2681 773 2732 Goodam.
792 2683 871 2730 litero
890 2696 904 2729 u
926 2696 961 2730 em
979 2681 1106 2743 inferiore
1124 2691 1213 2735 uersu,

244 2752 287 2800 ubi
302 2751 424 2810 abundat,
442 2751 492 2801 loc
506 2759 600 2802 tracta.
663 2749 683 2818 ²³)
708 2747 754 2800 Vlt
767 2752 859 2800 addila
878 2759 964 2801 tomen
978 2753 1055 2800 litera
1069 2765 1083 2798 n
1099 2749 1214 2812 —quod

244 2823 365 2886 plerisque
381 2822 437 2872 edd.
449 2825 535 2886 prior.
592 2820 613 2889 ⁴)
629 2825 730 2873 scilicet
744 2824 876 2872 domicilio
890 2822 927 2872 ibi
941 2815 1043 2880 colluto,
1058 2827 1086 2870 ut
1099 2835 1213 2870 accura-

244 2895 296 2942 rios
315 2905 335 2956 1,
351 2905 390 2944 too
409 2893 497 2954 labec,
517 2896 586 2959 quod
605 2897 708 2960 quidam
722 2909 818 2958 parom
836 2895 1029 2943 intelleoeerunt.
1100 2889 1121 2955 ⁶)
1139 2889 1215 2950 Quod

244 2965 320 3014 addit
338 2965 362 3013 d.
383 2967 399 3013 l.
421 2965 446 3014 0.
472 2974 566 3015 cautum
590 2973 628 3015 est
655 2973 680 3014 ut
706 2981 774 3015 nunc
793 2971 904 3028 apparet
920 2967 1046 3030 plosscmo
1065 2977 1127 3012 ease.
1166 2977 1213 3012 om.

244 3037 321 3084 etiam
341 3035 429 3086 Pelen.
449 3043 473 3086 et
491 3037 564 3087 Sauo.
585 3038 643 3086 edd.

244 3158 347 3229 amicos]
369 3162 406 3225 Os.
422 3163 527 3212 Patron.
541 3173 576 3211 41.
649 3156 693 3228 ᾗῇ.
713 3163 755 3210 23.
775 3162 817 3210 24.
840 3161 879 3223 Of.
897 3161 971 3223 infra
986 3170 1006 3222 1,
1022 3171 1068 3210 110.
1084 3168 1131 3210 tto.
1156 3156 1213 3220 Uip.

244 3245 278 3294 ao,
294 3245 327 3284 11.
342 3244 376 3295 m,
391 3246 412 3284 o.
426 3246 447 3284 o.
473 3233 517 3282 Fr.
538 3232 596 3282 Vae.
611 3242 660 3282 sm.
684 3231 781 3281 Isidor.
799 3230 842 3284 Or.
855 3244 877 3294 a,
891 3243 912 3282 t.
936 3233 960 3292 ἃ.
975 3243 1009 3282 51.
1033 3231 1066 3279 L.
1082 3242 1115 3282 ee.
1134 3228 1166 3278 D.
1180 3229 1215 3278 de

244 3304 295 3354 red.
310 3305 369 3354 dub.
390 3302 435 3370 (ot,
454 3303 494 3368 n).
567 3298 592 3370 ξ.
613 3304 655 3352 25.
682 3303 719 3365 Of.
738 3315 758 3364 e,
778 3314 811 3354 aa.
830 3314 856 3364 a,
876 3314 923 3354 aas.
952 3301 1006 3365 Uip
1025 3313 1059 3363 m,
1079 3312 1099 3350 n.
1124 3311 1158 3361 oo,
1177 3310 1213 3349 14.

244 3373 270 3445 ξ.
285 3378 327 3428 26.
346 3376 383 3438 Of.
399 3377 422 3437 5.
437 3387 458 3426 e.
478 3373 499 3424 I.
513 3375 545 3422 de
559 3373 642 3424 libert.
660 3371 690 3437 (1,
705 3372 737 3438 5).
759 3373 820 3424 Gaii
833 3375 893 3437 epit.
909 3385 930 3436 1,
945 3385 965 3424 1.
980 3375 1003 3435 ξ.
1018 3383 1037 3423 4.
1053 3372 1126 3435 infra
1141 3383 1161 3432 1,
1176 3381 1214 3422 67.

244 3460 265 3509 8,
281 3458 314 3499 75.
337 3447 426 3497 Collot.
441 3458 462 3507 4,
477 3457 497 3495 7.
513 3446 537 3506 ξ.
551 3456 572 3494 3.
617 3441 642 3512 §-
656 3447 699 3496 27,
717 3445 754 3508 Cf.
770 3445 865 3496 Isidor.
883 3443 926 3494 Or.
941 3457 962 3506 e,
976 3456 997 3494 4.
1013 3445 1035 3505 ξ.
1051 3453 1085 3494 517.
1128 3437 1154 3509 §-
1169 3443 1214 3492 28.

246 3517 284 3580 Cf.
304 3517 359 3580 Ulp.
375 3529 396 3578 a,
412 3529 430 3566 1.
450 3515 519 3578 Epir.
536 3527 590 3577 1,1.
612 3518 633 3577 ἓ.
647 3527 667 3567 4.
688 3516 720 3564 L.
737 3531 778 3566 un.
796 3516 820 3567 C.
839 3517 871 3564 de
885 3516 946 3565 Lol.
964 3515 1047 3567 libert.
1063 3515 1116 3564 toll.
1133 3516 1166 3578 (7,
1181 3510 1214 3579 6).

244 3584 530 3655 §mmmca
