2692 4114
250 187 315 252 482
529 205 798 243 monumentor.
817 189 851 242 ll.
870 193 925 243 21⁸.

251 335 350 391 habere
365 352 419 391 non
434 343 534 410 potest.
548 363 591 378 -
607 330 777 393 ¹Conoubina
791 337 876 410 igitur
891 334 924 392 ab
936 333 1091 409 uxore-solo
1103 333 1205 392 dilectu
1219 347 1287 399 [aas]

251 425 401 493 separatur.

482 497 527 579 [t.
544 499 573 560 ὅ.
595 503 630 560 D.
646 504 682 560 de
697 504 817 562 concub.
834 497 900 578 (25,
918 495 976 580 l),]

252 699 317 740 om.
336 676 418 740 xxm.
458 699 500 741 on
528 697 732 755 uvmanmvs,
764 698 845 748 ovam
874 699 911 741 su
938 697 1048 741 sonmo
1079 697 1207 742 amanus

253 782 437 837 ivnxaomr,
465 783 526 824 vno
548 783 590 824 an
614 781 751 825 annarvs
774 781 957 824 oonsvnrvn
980 761 1209 826 crtavomnvm.²

316 883 343 942 1.
365 877 414 944 ⁸Si
435 886 532 943 mulier
546 887 664 960 ingenua
680 887 800 961 cinisque
815 885 931 942 Romana
951 885 996 942 uel
1010 885 1103 942 latina
1118 885 1208 944 alieno

253 986 283 1026 se
306 986 387 1027 seruo
410 971 591 1041 coniunxerit,
612 969 743 1044 siquidem
759 971 845 1026 inuito
866 976 893 1024 et
908 968 1082 1026 denuntiante
1096 969 1207 1027 domino

253 1054 281 1109 in
298 1053 392 1110 eodem
408 1054 589 1110 contubernio
605 1055 831 1127 perseuerauerit,
848 1051 965 1108 allicitur
979 1053 1081 1112 ancilla.
1119 1049 1146 1110 2.
1164 1047 1207 1110 ⁴Si

252 1153 334 1194 seruo
349 1137 444 1210 pupilli
459 1139 576 1211 ingenua
591 1137 687 1194 mulier
701 1153 731 1192 se
745 1138 903 1210 coniungat,
916 1135 1119 1194 denuntiatione
1131 1145 1207 1194 tuto·

252 1222 290 1277 ris
313 1219 430 1276 efficitur
445 1220 548 1278 ancilla.
584 1218 612 1280 3.
635 1221 730 1277 llulier
745 1223 796 1277 etsi
817 1217 961 1292 ’(libertae
975 1235 1046 1278 suoe
1060 1223 1090 1278 in
1105 1228 1206 1279 contu·

255 1306 353 1362 bornio
369 1305 460 1361 alieni
473 1308 554 1362 serui
574 1308 684 1362 morari
702 1309 764 1360 aine
786 1312 879 1361 tutore
900 1310 1020 1361 auctore
1038 1309 1207 1378 permittere

253 1405 311 1445 nort
324 1379 460 1463 possit‚)⁶
475 1395 563 1443 tameo
579 1388 614 1459 ci,
631 1404 699 1462 quae
714 1406 744 1444 se
754 1405 835 1444 seruo
847 1380 951 1464 ’lsuo)⁶
965 1389 1091 1460 iunxerit,
1103 1388 1206 1448 denun-

256 1469 347 1527 tiando
371 1472 486 1543 acquirit
501 1471 631 1528 ancillam.
668 1469 697 1528 4.
721 1465 905 1528 'Procurator
926 1478 955 1528 et
974 1469 1158 1529 filiusfamilias
1178 1485 1207 1533 et

255 1567 351 1610 seruus
367 1555 443 1610 iussu
465 1556 548 1627 patris
564 1563 610 1610 aut
632 1554 733 1612 domini
755 1555 937 1612 denuntiando
958 1554 1060 1612 iaciunt
1074 1555 1205 1616 ancillam.

253 1634 282 1695 5.
305 1637 333 1694 Si
348 1637 476 1710 peculiari
491 1655 572 1694 seruo
588 1637 748 1695 filiifamilias
764 1639 845 1695 libera
861 1655 891 1695 se
912 1638 1008 1695 mulier
1023 1640 1205 1714 coniunxerit,

254 1721 327 1778 nulla
346 1713 567 1795 'disquisitionc⁸
581 1731 708 1797 paternae
723 1722 871 1779 uoluntatis
886 1723 945 1780 lure
960 1721 1075 1779 sollenni
1090 1723 1206 1782 decurso

255 1807 385 1880 'acquiret
414 1801 559 1867 ancillam.⁰
612 1802 642 1864 6.
676 1805 782 1862 liberta
810 1808 912 1862 sciente
938 1805 1062 1880 ’patrono
1072 1799 1099 1841 ¹⁰
1126 1808 1205 1866 alieni

254 1891 327 1946 serui
342 1897 434 1946 secuta
450 1889 665 1959 contubernium,
681 1891 748 1960 eius,
765 1891 810 1964 qui
826 1889 1012 1963 denuntiauit,
1027 1887 1144 1948 eflicitur
1159 1909 1206 1950 an·

254 1974 324 2031 oilla.
367 1969 393 2031 7.
417 1973 523 2031 liberta
538 1975 560 2030 si
577 1975 719 2049 ignorante
740 1981 854 2048 patrono
876 1990 958 2031 seruo
980 1990 1010 2030 se
1031 1973 1119 2031 alieno
1141 1993 1206 2033 con·

254 2059 388 2130 iunxerit,
405 2058 499 2114 aneilla
513 2061 621 2132 patroni
636 2056 753 2115 efficitur
768 2074 798 2115 ea
814 2057 989 2129 condicione,
1011 2074 1045 2113 ne
1060 2058 1205 2132 aliquando

254 2142 287 2198 ab
307 2159 340 2199 eo
362 2142 394 2198 ad
415 2144 550 2199 ciuitatem
571 2143 715 2200 Romanam
734 2134 934 2216 perducatur.¹¹
978 2139 1008 2201 8.
1033 2139 1205 2200 Filillamilias

254 2243 348 2294 seruo,
364 2243 445 2300 quem
460 2243 492 2282 ox
508 2227 639 2283 castrensi
653 2226 759 2300 peculio
777 2225 873 2295 habet,
894 2227 917 2282 si
932 2241 962 2281 se
976 2227 1093 2300 ingenua
1109 2227 1207 2284 mulier

255 2311 438 2380 coniunxerit,
468 2311 527 2365 eius
556 2309 760 2367 denuntiatione
783 2307 899 2366 efficitur
921 2309 1026 2369 ancilla.
1074 2304 1103 2366 9.
1127 2309 1205 2367 lilia·

255 2393 367 2448 familias
383 2394 406 2448 si
420 2394 508 2448 inulto
524 2392 569 2449 uel
584 2395 726 2466 ignorante
742 2402 817 2467 patre
833 2409 913 2453 seruo
929 2393 1016 2450 alieno
1031 2408 1061 2450 se
1077 2394 1204 2468 iunxerit,

255 2478 333 2532 etiam
355 2483 420 2549 post
441 2475 671 2532 denuntiationem
693 2484 792 2532 statum
814 2493 892 2533 suum
914 2479 1026 2549 retinet,
1049 2478 1111 2550 quia
1134 2478 1204 2536 lacto

254 2557 372 2615 filiorum
384 2560 461 2633 peior
473 2558 595 2616 condicio
610 2569 751 2633 parentum
763 2557 820 2616 fieri
832 2577 887 2618 non
905 2567 1005 2636 potest
1033 2555 1081 2618 10.
1103 2555 1204 2619 ¹²iitta·
1215 2548 1279 2630 [tesi

329 2761 348 2830 ¹)
363 2764 416 2813 Hic
431 2763 555 2828 quaedum
568 2777 623 2814 eoae
638 2766 731 2823 reciso,
746 2779 854 2830 sequena
867 2765 939 2828 igitur
952 2769 1047 2832 torpuit.
1072 2765 1153 2816 Bere
1167 2767 1202 2829 cf.

253 2835 285 2884 L.
300 2847 322 2886 t.
341 2834 373 2883 B.
389 2835 421 2883 de
435 2833 540 2884 concub.
556 2831 601 2900 (ao,
611 2833 641 2900 t).
661 2835 693 2884 L.
704 2847 737 2886 to.
753 2837 775 2897 ξ.
786 2847 805 2886 1.
825 2835 857 2884 D.
872 2836 905 2885 de
917 2836 967 2895 itia,
982 2853 1004 2901 q.
1017 2845 1044 2887 ut
1053 2837 1105 2886 ind.
1116 2834 1161 2903 (al,
1171 2835 1203 2902 9).

328 2904 376 2956 itt.
395 2901 494 2954 ΧΧΙᾹ.
513 2910 581 2954 totto
599 2905 704 2955 debetur
720 2905 763 2955 od.
783 2905 841 2956 Ver.
894 2903 914 2972 ¹)
934 2922 957 2956 o.
976 2917 1011 2958 tt.
1027 2908 1135 2970 fuctum.
1165 2907 1203 2971 Of.

258 2975 339 3026 Tacit.
354 2975 387 3024 A.
402 2987 436 3034 tt,
450 2985 484 3027 tt.
536 2971 612 3042 ⁸)Cf.
632 2975 784 3040 Ulp.11,1t.
807 2975 911 3026 Tertull.
927 2977 1052 3028 aduror.
1066 2989 1087 3037 a,
1101 2989 1122 3029 8.
1141 2977 1204 3029 La.

253 3057 322 3099 5-8.
346 3045 390 3095 Ti.
408 3043 544 3096 opusc.
561 3045 650 3096 Claud.
667 3044 757 3112 (4,11).
825 3043 847 3112 ⁴)
863 3046 901 3110 Cf.
916 3046 948 3097 L.
963 3058 997 3098 18.
1023 3047 1048 3098 0.
1063 3049 1095 3098 de
1109 3049 1204 3098 admira.

253 3124 299 3168 tut.
315 3115 346 3182 (5,
356 3115 401 3184 tt).
448 3111 471 3183 ⁶)
484 3115 608 3180 Suppleui
617 3115 744 3183 (Excidit,
760 3117 821 3181 quia
835 3116 968 3181 utrobique
978 3119 1005 3167 iu
1016 3119 1069 3182 fine
1082 3127 1141 3168 erut
1154 3117 1205 3183 sit.)

255 3187 294 3252 Cf.
314 3187 369 3251 lup.
384 3199 418 3248 tl,
433 3199 467 3239 st.
498 3187 584 3238 Ouiae.
603 3187 736 3251 supplebat
757 3183 872 3250 ‘deferre
886 3203 937 3238 non
947 3185 1053 3251 posait',
1072 3189 1142 3254 quod
1155 3205 1206 3239 non

253 3266 292 3309 est
306 3258 383 3308 leuius
397 3259 455 3309 loci.
507 3255 529 3323 ⁶)
543 3256 673 3322 Suppteoi.
730 3254 805 3321 ⁷)Gf.
821 3256 865 3306 ilc.
885 3257 943 3307 Vnt.
958 3269 1006 3310 att.
1063 3255 1205 3325 ⁸)diselone

255 3329 299 3380 Oti.
319 3327 364 3395 (ex
383 3320 538 3395 distincione,
558 3326 683 3392 utputo).
712 3327 856 3377 discretione
875 3343 910 3378 eo>
925 3328 1012 3379 Ouiae.
1028 3331 1060 3393 ci.
1075 3330 1134 3379 edd.

255 3396 276 3466 ⁹)
292 3399 383 3450 Malim
403 3399 517 3464 acquirat’
537 3398 628 3448 ancilla.
658 3397 696 3447 De
714 3413 744 3447 re
763 3399 797 3461 cs.
817 3398 897 3450 hta.
916 3401 938 3461 ξ.
954 3410 974 3449 1.
1002 3399 1033 3448 D.
1049 3400 1206 3464 deuoueret

255 3473 335 3520 amitt.
346 3484 417 3533 pose.
433 3467 478 3534 (tt,
492 3467 524 3534 a).
596 3464 628 3533 ¹⁰)
645 3467 701 3518 Non
716 3475 823 3532 patrona,
839 3470 873 3532 cf.
894 3469 949 3533 Uip.
964 3481 999 3529 11,
1013 3479 1048 3522 tt.
1119 3466 1153 3535 ¹¹)
1162 3469 1207 3520 Ad

252 3540 420 3589 Latinitatem
435 3540 517 3604 ipitur
527 3545 639 3602 poterut.
694 3535 726 3604 ¹²)
742 3539 780 3604 Of.
795 3539 827 3588 L.
841 3550 875 3591 tt.
895 3539 926 3589 Ι).
941 3540 1027 3604 depos.
1043 3540 1088 3609 (to,
1101 3539 1133 3607 t).
