<?xml version="1.0" encoding="UTF-8"?>
<!DOCTYPE html PUBLIC "-//W3C//DTD XHTML 1.0 Transitional//EN"
    "http://www.w3.org/TR/xhtml1/DTD/xhtml1-transitional.dtd">
<html xmlns="http://www.w3.org/1999/xhtml" xml:lang="en" lang="en">
 <head>
  <title>
</title>
<meta http-equiv="Content-Type" content="text/html;charset=utf-8" />
  <meta name='ocr-system' content='tesseract 3.04.00' />
  <meta name='ocr-capabilities' content='ocr_page ocr_carea ocr_par ocr_line ocrx_word'/>
</head>
<body>
  <div class='ocr_page' id='page_1' title='image "./ivrisprvdentiae00huscgoog_0446.png"; bbox 0 0 2684 4112; ppageno 0'>
   <div class='ocr_carea' id='block_1_1' title="bbox 163 225 940 294">
    <p class='ocr_par' dir='ltr' id='par_1_1' title="bbox 163 225 940 294">
     <span class='ocr_line' id='line_1_1' title="bbox 163 225 940 294; baseline -0.026 0"><span class='ocrx_word' id='word_1_1' title='bbox 163 289 165 294; x_wconf 92' lang='lat'><em>.</em></span> <span class='ocrx_word' id='word_1_2' title='bbox 256 225 321 290; x_wconf 82' lang='grc'><strong>422</strong></span> <span class='ocrx_word' id='word_1_3' title='bbox 517 239 642 280; x_wconf 72' lang='lat' dir='ltr'><strong>romanus</strong></span> <span class='ocrx_word' id='word_1_4' title='bbox 661 238 808 278; x_wconf 67' lang='lat' dir='ltr'><strong>sessurus</strong></span> <span class='ocrx_word' id='word_1_5' title='bbox 828 225 940 278; x_wconf 79' lang='lat' dir='ltr'><strong>tt—sc.</strong></span> 
     </span>
    </p>
   </div>
   <div class='ocr_carea' id='block_1_2' title="bbox 244 369 1291 1700">
    <p class='ocr_par' dir='ltr' id='par_1_2' title="bbox 256 369 1291 528">
     <span class='ocr_line' id='line_1_2' title="bbox 257 369 1291 444; baseline -0.004 -16"><span class='ocrx_word' id='word_1_6' title='bbox 257 372 333 430; x_wconf 88' lang='lat' dir='ltr'><strong>uelut</strong></span> <span class='ocrx_word' id='word_1_7' title='bbox 347 371 489 442; x_wconf 76' lang='lat' dir='ltr'>semisses,</span> <span class='ocrx_word' id='word_1_8' title='bbox 504 371 550 444; x_wconf 90' lang='lat' dir='ltr'><strong>qui</strong></span> <span class='ocrx_word' id='word_1_9' title='bbox 564 370 687 444; x_wconf 75' lang='lat' dir='ltr'><strong>singulae</strong></span> <span class='ocrx_word' id='word_1_10' title='bbox 702 377 849 441; x_wconf 84' lang='lat' dir='ltr'><strong>uocantur,</strong></span> <span class='ocrx_word' id='word_1_11' title='bbox 864 376 892 428; x_wconf 90' lang='lat' dir='ltr'><strong>et</strong></span> <span class='ocrx_word' id='word_1_12' title='bbox 907 375 1037 444; x_wconf 84' lang='lat' dir='ltr'><strong>quattuor</strong></span> <span class='ocrx_word' id='word_1_13' title='bbox 1052 369 1128 428; x_wconf 91' lang='lat' dir='ltr'><strong>uelut</strong></span> <span class='ocrx_word' id='word_1_14' title='bbox 1142 387 1207 444; x_wconf 89' lang='lat' dir='ltr'><strong>qua·</strong></span> <span class='ocrx_word' id='word_1_15' title='bbox 1223 383 1291 436; x_wconf 77' lang='lat' dir='ltr'><strong>[oss]</strong></span> 
     </span>
     <span class='ocr_line' id='line_1_3' title="bbox 256 452 877 528; baseline 0.002 -17"><span class='ocrx_word' id='word_1_16' title='bbox 256 455 375 527; x_wconf 84' lang='lat' dir='ltr'><strong>drantes,</strong></span> <span class='ocrx_word' id='word_1_17' title='bbox 392 456 438 528; x_wconf 88' lang='lat' dir='ltr'><strong>qui</strong></span> <span class='ocrx_word' id='word_1_18' title='bbox 454 455 566 510; x_wconf 76' lang='lat' dir='ltr'>teruncii</span> <span class='ocrx_word' id='word_1_19' title='bbox 581 461 722 525; x_wconf 83' lang='lat' dir='ltr'><strong>uocantur,</strong></span> <span class='ocrx_word' id='word_1_20' title='bbox 738 452 877 512; x_wconf 88' lang='lat' dir='ltr'><strong>diuiditur.</strong></span> 
     </span>
    </p>

    <p class='ocr_par' dir='ltr' id='par_1_3' title="bbox 252 528 1241 1032">
     <span class='ocr_line' id='line_1_4' title="bbox 318 528 1241 612; baseline -0.002 -16"><span class='ocrx_word' id='word_1_21' title='bbox 318 535 364 598; x_wconf 87' lang='grc'><strong>77.</strong></span> <span class='ocrx_word' id='word_1_22' title='bbox 386 537 516 596; x_wconf 87' lang='lat' dir='ltr'><strong>Ponderis</strong></span> <span class='ocrx_word' id='word_1_23' title='bbox 531 537 623 596; x_wconf 86' lang='lat' dir='ltr'><strong>eadem</strong></span> <span class='ocrx_word' id='word_1_24' title='bbox 643 537 740 596; x_wconf 89' lang='lat' dir='ltr'><strong>diulsio</strong></span> <span class='ocrx_word' id='word_1_25' title='bbox 755 546 811 607; x_wconf 86' lang='lat' dir='ltr'><strong>est,</strong></span> <span class='ocrx_word' id='word_1_26' title='bbox 834 552 903 610; x_wconf 86' lang='lat' dir='ltr'><strong>quae</strong></span> <span class='ocrx_word' id='word_1_27' title='bbox 918 538 1000 612; x_wconf 79' lang='lat' dir='ltr'><strong>aeris3</strong></span> <span class='ocrx_word' id='word_1_28' title='bbox 1021 553 1083 592; x_wconf 89' lang='lat' dir='ltr'><strong>nam</strong></span> <span class='ocrx_word' id='word_1_29' title='bbox 1098 539 1125 594; x_wconf 89' lang='lat' dir='ltr'><strong>ln</strong></span> <span class='ocrx_word' id='word_1_30' title='bbox 1140 555 1206 610; x_wconf 89' lang='lat' dir='ltr'><strong>quas</strong></span> <span class='ocrx_word' id='word_1_31' title='bbox 1235 528 1241 535; x_wconf 71' lang='grc'><em>’</em></span> 
     </span>
     <span class='ocr_line' id='line_1_5' title="bbox 257 615 1207 697; baseline 0.002 -19"><span class='ocrx_word' id='word_1_32' title='bbox 257 631 346 697; x_wconf 86' lang='lat' dir='ltr'><strong>partes</strong></span> <span class='ocrx_word' id='word_1_33' title='bbox 369 639 398 678; x_wconf 89' lang='lat' dir='ltr'><strong>as</strong></span> <span class='ocrx_word' id='word_1_34' title='bbox 419 621 563 692; x_wconf 83' lang='lat' dir='ltr'><strong>diuiditur,</strong></span> <span class='ocrx_word' id='word_1_35' title='bbox 585 623 613 678; x_wconf 89' lang='lat' dir='ltr'><strong>in</strong></span> <span class='ocrx_word' id='word_1_36' title='bbox 634 622 681 678; x_wconf 88' lang='lat' dir='ltr'><strong>haa</strong></span> <span class='ocrx_word' id='word_1_37' title='bbox 696 621 763 678; x_wconf 84' lang='lat' dir='ltr'><strong>libra</strong></span> <span class='ocrx_word' id='word_1_38' title='bbox 782 615 976 695; x_wconf 86' lang='lat' dir='ltr'><strong>dispenditur.¹</strong></span> <span class='ocrx_word' id='word_1_39' title='bbox 1013 617 1061 680; x_wconf 84' lang='grc'><strong>78.</strong></span> <span class='ocrx_word' id='word_1_40' title='bbox 1083 620 1125 678; x_wconf 82' lang='lat' dir='ltr'><strong>’lit</strong></span> <span class='ocrx_word' id='word_1_41' title='bbox 1140 621 1207 693; x_wconf 86' lang='lat' dir='ltr'><strong>(dis-</strong></span> 
     </span>
     <span class='ocr_line' id='line_1_6' title="bbox 252 699 1208 781; baseline 0.001 -19"><span class='ocrx_word' id='word_1_42' title='bbox 252 699 414 781; x_wconf 81' lang='lat' dir='ltr'><strong>pertitur)²</strong></span> <span class='ocrx_word' id='word_1_43' title='bbox 427 706 464 764; x_wconf 89' lang='lat' dir='ltr'><strong>ita</strong></span> <span class='ocrx_word' id='word_1_44' title='bbox 478 721 506 762; x_wconf 87' lang='lat' dir='ltr'><strong>as</strong></span> <span class='ocrx_word' id='word_1_45' title='bbox 523 705 647 778; x_wconf 83' lang='lat' dir='ltr'><strong>quidem,</strong></span> <span class='ocrx_word' id='word_1_46' title='bbox 662 721 710 762; x_wconf 89' lang='lat' dir='ltr'><strong>seu</strong></span> <span class='ocrx_word' id='word_1_47' title='bbox 725 705 759 762; x_wconf 90' lang='lat' dir='ltr'><strong>de</strong></span> <span class='ocrx_word' id='word_1_48' title='bbox 773 704 907 764; x_wconf 83' lang='lat' dir='ltr'><strong>diuisione</strong></span> <span class='ocrx_word' id='word_1_49' title='bbox 921 704 1011 776; x_wconf 82' lang='lat' dir='ltr'><strong>solidi,</strong></span> <span class='ocrx_word' id='word_1_50' title='bbox 1027 721 1077 762; x_wconf 91' lang='lat' dir='ltr'><strong>seu</strong></span> <span class='ocrx_word' id='word_1_51' title='bbox 1090 705 1124 762; x_wconf 88' lang='lat' dir='ltr'><strong>de</strong></span> <span class='ocrx_word' id='word_1_52' title='bbox 1140 722 1208 780; x_wconf 88' lang='lat' dir='ltr'><strong>pon·</strong></span> 
     </span>
     <span class='ocr_line' id='line_1_7' title="bbox 257 788 1208 863; baseline -0.001 -16"><span class='ocrx_word' id='word_1_53' title='bbox 257 790 331 863; x_wconf 75' lang='lat' dir='ltr'><strong>dere,</strong></span> <span class='ocrx_word' id='word_1_54' title='bbox 348 803 396 848; x_wconf 86' lang='lat' dir='ltr'><strong>seu</strong></span> <span class='ocrx_word' id='word_1_55' title='bbox 411 789 443 846; x_wconf 90' lang='lat' dir='ltr'><strong>de</strong></span> <span class='ocrx_word' id='word_1_56' title='bbox 458 797 597 846; x_wconf 88' lang='lat' dir='ltr'><strong>numerata</strong></span> <span class='ocrx_word' id='word_1_57' title='bbox 612 790 639 844; x_wconf 88' lang='lat' dir='ltr'><strong>in</strong></span> <span class='ocrx_word' id='word_1_58' title='bbox 655 805 717 846; x_wconf 87' lang='lat' dir='ltr'><strong>acre</strong></span> <span class='ocrx_word' id='word_1_59' title='bbox 732 789 845 862; x_wconf 85' lang='lat' dir='ltr'><strong>pecunia</strong></span> <span class='ocrx_word' id='word_1_60' title='bbox 860 796 971 862; x_wconf 82' lang='lat' dir='ltr'><strong>agatur3</strong></span> <span class='ocrx_word' id='word_1_61' title='bbox 993 788 1059 846; x_wconf 88' lang='lat' dir='ltr'><strong>libra</strong></span> <span class='ocrx_word' id='word_1_62' title='bbox 1075 798 1164 847; x_wconf 88' lang='lat' dir='ltr'><strong>autem</strong></span> <span class='ocrx_word' id='word_1_63' title='bbox 1179 792 1208 846; x_wconf 87' lang='lat' dir='ltr'><strong>in</strong></span> 
     </span>
     <span class='ocr_line' id='line_1_8' title="bbox 256 865 1207 948; baseline -0.001 -18"><span class='ocrx_word' id='word_1_64' title='bbox 256 873 392 948; x_wconf 85' lang='lat' dir='ltr'><strong>pondera,</strong></span> <span class='ocrx_word' id='word_1_65' title='bbox 419 874 522 930; x_wconf 86' lang='lat' dir='ltr'><strong>nummi</strong></span> <span class='ocrx_word' id='word_1_66' title='bbox 546 871 626 930; x_wconf 83' lang='lat' dir='ltr'><strong>&#39;aerei</strong></span> <span class='ocrx_word' id='word_1_67' title='bbox 654 865 723 947; x_wconf 80' lang='lat' dir='ltr'><strong>(ut)³</strong></span> <span class='ocrx_word' id='word_1_68' title='bbox 749 875 872 946; x_wconf 85' lang='lat' dir='ltr'><strong>argentei</strong></span> <span class='ocrx_word' id='word_1_69' title='bbox 894 873 922 930; x_wconf 90' lang='lat' dir='ltr'><strong>in</strong></span> <span class='ocrx_word' id='word_1_70' title='bbox 944 866 1101 946; x_wconf 68' lang='lat' dir='ltr'><strong>’pecuniae⁴</strong></span> <span class='ocrx_word' id='word_1_71' title='bbox 1122 873 1207 930; x_wconf 84' lang='lat' dir='ltr'><strong>torma</strong></span> 
     </span>
     <span class='ocr_line' id='line_1_9' title="bbox 256 957 785 1032; baseline 0 -18"><span class='ocrx_word' id='word_1_72' title='bbox 256 957 363 1032; x_wconf 88' lang='lat' dir='ltr'><strong>publica</strong></span> <span class='ocrx_word' id='word_1_73' title='bbox 377 957 514 1014; x_wconf 75' lang='lat' dir='ltr'>dumtaxat</span> <span class='ocrx_word' id='word_1_74' title='bbox 529 973 626 1014; x_wconf 87' lang='lat' dir='ltr'><strong>nomen</strong></span> <span class='ocrx_word' id='word_1_75' title='bbox 642 957 785 1030; x_wconf 87' lang='lat' dir='ltr'><strong>accipiunt.</strong></span> 
     </span>
    </p>

    <p class='ocr_par' dir='ltr' id='par_1_4' title="bbox 244 1037 1209 1522">
     <span class='ocr_line' id='line_1_10' title="bbox 320 1037 1207 1115; baseline -0.006 -12"><span class='ocrx_word' id='word_1_76' title='bbox 320 1037 368 1103; x_wconf 78' lang='grc'><strong>79.</strong></span> <span class='ocrx_word' id='word_1_77' title='bbox 390 1041 573 1098; x_wconf 83' lang='lat' dir='ltr'><strong>llensurarutn</strong></span> <span class='ocrx_word' id='word_1_78' title='bbox 587 1040 701 1114; x_wconf 89' lang='lat' dir='ltr'><strong>liquoris</strong></span> <span class='ocrx_word' id='word_1_79' title='bbox 717 1048 798 1115; x_wconf 88' lang='lat' dir='ltr'><strong>atque</strong></span> <span class='ocrx_word' id='word_1_80' title='bbox 814 1040 891 1114; x_wconf 84' lang='lat' dir='ltr'><strong>grani</strong></span> <span class='ocrx_word' id='word_1_81' title='bbox 910 1039 1060 1114; x_wconf 71' lang='lat' dir='ltr'>expeditior</span> <span class='ocrx_word' id='word_1_82' title='bbox 1079 1048 1107 1098; x_wconf 89' lang='lat' dir='ltr'><strong>et</strong></span> <span class='ocrx_word' id='word_1_83' title='bbox 1122 1041 1207 1098; x_wconf 83' lang='lat' dir='ltr'><strong>torma</strong></span> 
     </span>
     <span class='ocr_line' id='line_1_11' title="bbox 256 1122 1208 1200; baseline 0 -18"><span class='ocrx_word' id='word_1_84' title='bbox 256 1135 283 1184; x_wconf 89' lang='lat' dir='ltr'><strong>et</strong></span> <span class='ocrx_word' id='word_1_85' title='bbox 299 1125 452 1200; x_wconf 74' lang='lat' dir='ltr'><strong>appellatio.</strong></span> <span class='ocrx_word' id='word_1_86' title='bbox 484 1140 544 1180; x_wconf 87' lang='lat' dir='ltr'><strong>nam</strong></span> <span class='ocrx_word' id='word_1_87' title='bbox 561 1125 729 1196; x_wconf 82' lang='lat' dir='ltr'><strong>quadrantal,</strong></span> <span class='ocrx_word' id='word_1_88' title='bbox 745 1123 817 1198; x_wconf 89' lang='lat' dir='ltr'><strong>quod</strong></span> <span class='ocrx_word' id='word_1_89' title='bbox 833 1139 905 1180; x_wconf 87' lang='lat' dir='ltr'><strong>nunc</strong></span> <span class='ocrx_word' id='word_1_90' title='bbox 916 1122 1040 1198; x_wconf 75' lang='lat' dir='ltr'><strong>plerique</strong></span> <span class='ocrx_word' id='word_1_91' title='bbox 1054 1125 1208 1198; x_wconf 87' lang='lat' dir='ltr'><strong>amphoram</strong></span> 
     </span>
     <span class='ocr_line' id='line_1_12' title="bbox 255 1207 1209 1282; baseline -0.002 -16"><span class='ocrx_word' id='word_1_92' title='bbox 255 1217 367 1282; x_wconf 86' lang='lat' dir='ltr'><strong>uncant,</strong></span> <span class='ocrx_word' id='word_1_93' title='bbox 383 1207 462 1266; x_wconf 87' lang='lat' dir='ltr'><strong>habet</strong></span> <span class='ocrx_word' id='word_1_94' title='bbox 476 1223 557 1266; x_wconf 85' lang='lat' dir='ltr'><strong>urnas</strong></span> <span class='ocrx_word' id='word_1_95' title='bbox 572 1207 649 1280; x_wconf 88' lang='lat' dir='ltr'><strong>duas,</strong></span> <span class='ocrx_word' id='word_1_96' title='bbox 664 1207 769 1266; x_wconf 88' lang='lat' dir='ltr'><strong>modios</strong></span> <span class='ocrx_word' id='word_1_97' title='bbox 784 1215 852 1280; x_wconf 83' lang='lat' dir='ltr'><strong>tres,</strong></span> <span class='ocrx_word' id='word_1_98' title='bbox 867 1207 1002 1266; x_wconf 87' lang='lat' dir='ltr'><strong>semodios</strong></span> <span class='ocrx_word' id='word_1_99' title='bbox 1017 1224 1081 1279; x_wconf 84' lang='lat' dir='ltr'><strong>sex,</strong></span> <span class='ocrx_word' id='word_1_100' title='bbox 1095 1210 1209 1282; x_wconf 87' lang='lat' dir='ltr'><strong>congios</strong></span> 
     </span>
     <span class='ocr_line' id='line_1_13' title="bbox 244 1291 1208 1366; baseline 0 -16"><span class='ocrx_word' id='word_1_101' title='bbox 244 1303 331 1366; x_wconf 73' lang='lat' dir='ltr'><strong>scin,</strong></span> <span class='ocrx_word' id='word_1_102' title='bbox 347 1293 477 1350; x_wconf 81' lang='lat' dir='ltr'><strong>sextarios</strong></span> <span class='ocrx_word' id='word_1_103' title='bbox 489 1291 667 1366; x_wconf 85' lang='lat' dir='ltr'><strong>quadraginta</strong></span> <span class='ocrx_word' id='word_1_104' title='bbox 682 1302 756 1365; x_wconf 88' lang='lat' dir='ltr'><strong>octo,</strong></span> <span class='ocrx_word' id='word_1_105' title='bbox 771 1292 890 1348; x_wconf 87' lang='lat' dir='ltr'><strong>heminas</strong></span> <span class='ocrx_word' id='word_1_106' title='bbox 902 1293 1049 1366; x_wconf 75' lang='lat' dir='ltr'><strong>nonaginta</strong></span> <span class='ocrx_word' id='word_1_107' title='bbox 1060 1307 1116 1358; x_wconf 87' lang='lat' dir='ltr'><strong>sex,</strong></span> <span class='ocrx_word' id='word_1_108' title='bbox 1130 1308 1208 1366; x_wconf 83' lang='lat' dir='ltr'><strong>quar·</strong></span> 
     </span>
     <span class='ocr_line' id='line_1_14' title="bbox 258 1375 1209 1451; baseline -0.005 -14"><span class='ocrx_word' id='word_1_109' title='bbox 258 1377 341 1437; x_wconf 86' lang='lat' dir='ltr'><strong>lanios</strong></span> <span class='ocrx_word' id='word_1_110' title='bbox 355 1383 463 1434; x_wconf 86' lang='lat' dir='ltr'><strong>centum</strong></span> <span class='ocrx_word' id='word_1_111' title='bbox 478 1377 626 1449; x_wconf 78' lang='lat' dir='ltr'><strong>nonaginta</strong></span> <span class='ocrx_word' id='word_1_112' title='bbox 640 1376 710 1446; x_wconf 84' lang='lat' dir='ltr'><strong>duo,</strong></span> <span class='ocrx_word' id='word_1_113' title='bbox 730 1375 841 1450; x_wconf 78' lang='lat' dir='ltr'><strong>cyathos</strong></span> <span class='ocrx_word' id='word_1_114' title='bbox 857 1377 1021 1451; x_wconf 86' lang='lat' dir='ltr'><strong>quingentos</strong></span> <span class='ocrx_word' id='word_1_115' title='bbox 1037 1377 1209 1451; x_wconf 83' lang='lat' dir='ltr'><strong>septuaginta</strong></span> 
     </span>
     <span class='ocr_line' id='line_1_15' title="bbox 256 1454 746 1522; baseline 0.002 -6"><span class='ocrx_word' id='word_1_116' title='bbox 256 1477 314 1522; x_wconf 84' lang='lat' dir='ltr'><strong>sen.</strong></span> <span class='ocrx_word' id='word_1_117' title='bbox 350 1457 402 1522; x_wconf 85' lang='lat'><strong>80.</strong></span> <span class='ocrx_word' id='word_1_118' title='bbox 425 1458 510 1518; x_wconf 87' lang='lat' dir='ltr'><strong>llotac</strong></span> <span class='ocrx_word' id='word_1_119' title='bbox 524 1454 746 1517; x_wconf 81' lang='lat' dir='ltr'><strong>mensurarum:⁵</strong></span> 
     </span>
    </p>

    <p class='ocr_par' dir='ltr' id='par_1_5' title="bbox 558 1543 979 1700">
     <span class='ocr_line' id='line_1_16' title="bbox 558 1543 979 1622; baseline 0.01 -24"><span class='ocrx_word' id='word_1_120' title='bbox 558 1543 740 1616; x_wconf 83' lang='lat' dir='ltr'><strong>quadrantalis</strong></span> <span class='ocrx_word' id='word_1_121' title='bbox 839 1561 873 1616; x_wconf 80' lang='lat' dir='ltr'><strong>qt</strong></span> <span class='ocrx_word' id='word_1_122' title='bbox 977 1617 979 1622; x_wconf 23' lang='grc' dir='ltr'>Ι</span> 
     </span>
     <span class='ocr_line' id='line_1_17' title="bbox 558 1643 875 1700; baseline 0.006 -16"><span class='ocrx_word' id='word_1_123' title='bbox 558 1643 641 1684; x_wconf 87' lang='lat' dir='ltr'><strong>urnac</strong></span> <span class='ocrx_word' id='word_1_124' title='bbox 838 1643 875 1700; x_wconf 76' lang='lat' dir='ltr'><strong>cs</strong></span> 
     </span>
    </p>
   </div>
   <div class='ocr_carea' id='block_1_3' title="bbox 559 1713 874 1784">
    <p class='ocr_par' dir='ltr' id='par_1_6' title="bbox 559 1713 874 1784">
     <span class='ocr_line' id='line_1_18' title="bbox 559 1713 874 1784; baseline 0.01 -3"><span class='ocrx_word' id='word_1_125' title='bbox 559 1726 641 1782; x_wconf 89' lang='lat' dir='ltr'><strong>modii</strong></span> <span class='ocrx_word' id='word_1_126' title='bbox 669 1771 671 1776; x_wconf 94' lang='lat'><em>.</em></span> <span class='ocrx_word' id='word_1_127' title='bbox 838 1713 874 1784; x_wconf 77' lang='lat' dir='ltr'><strong>ios</strong></span> 
     </span>
    </p>
   </div>
   <div class='ocr_carea' id='block_1_4' title="bbox 485 1813 883 2156">
    <p class='ocr_par' dir='ltr' id='par_1_7' title="bbox 485 1813 883 2156">
     <span class='ocr_line' id='line_1_19' title="bbox 485 1813 876 1900; baseline 0.008 -17"><span class='ocrx_word' id='word_1_128' title='bbox 485 1889 489 1900; x_wconf 36' lang='lat'>¹</span> <span class='ocrx_word' id='word_1_129' title='bbox 507 1869 509 1874; x_wconf 68' lang='lat'>,</span> <span class='ocrx_word' id='word_1_130' title='bbox 559 1826 672 1884; x_wconf 89' lang='lat' dir='ltr'><strong>semodii</strong></span> <span class='ocrx_word' id='word_1_131' title='bbox 837 1813 876 1886; x_wconf 72' lang='lat' dir='ltr'><strong>ias</strong></span> 
     </span>
     <span class='ocr_line' id='line_1_20' title="bbox 560 1896 859 1985; baseline -0.003 -18"><span class='ocrx_word' id='word_1_132' title='bbox 560 1912 650 1985; x_wconf 89' lang='lat' dir='ltr'><strong>congii</strong></span> <span class='ocrx_word' id='word_1_133' title='bbox 838 1896 859 1966; x_wconf 68' lang='lat' dir='ltr'><strong>b</strong></span> 
     </span>
     <span class='ocr_line' id='line_1_21' title="bbox 559 1993 859 2072; baseline 0.003 -22"><span class='ocrx_word' id='word_1_134' title='bbox 559 1995 668 2051; x_wconf 82' lang='lat' dir='ltr'><strong>sextarii</strong></span> <span class='ocrx_word' id='word_1_135' title='bbox 683 1994 715 2050; x_wconf 93' lang='lat' dir='ltr'><strong>ad</strong></span> <span class='ocrx_word' id='word_1_136' title='bbox 731 1993 822 2051; x_wconf 88' lang='lat' dir='ltr'><strong>uinum</strong></span> <span class='ocrx_word' id='word_1_137' title='bbox 837 2005 859 2072; x_wconf 70' lang='lat'>3</span> 
     </span>
     <span class='ocr_line' id='line_1_22' title="bbox 710 2074 883 2156; baseline 0.023 -22"><span class='ocrx_word' id='word_1_138' title='bbox 710 2095 822 2153; x_wconf 86' lang='lat' dir='ltr'><strong>granum</strong></span> <span class='ocrx_word' id='word_1_139' title='bbox 838 2074 883 2156; x_wconf 61' lang='grc' dir='ltr'><strong>Β)</strong></span> 
     </span>
    </p>
   </div>
   <div class='ocr_carea' id='block_1_5' title="bbox 257 2227 1215 3632">
    <p class='ocr_par' dir='ltr' id='par_1_8' title="bbox 257 2227 1215 3632">
     <span class='ocr_line' id='line_1_23' title="bbox 260 2227 1211 2288; baseline -0.004 -5"><span class='ocrx_word' id='word_1_140' title='bbox 260 2234 378 2284; x_wconf 88' lang='lat' dir='ltr'><strong>sestertio</strong></span> <span class='ocrx_word' id='word_1_141' title='bbox 392 2245 423 2281; x_wconf 86' lang='lat' dir='ltr'><strong>as</strong></span> <span class='ocrx_word' id='word_1_142' title='bbox 439 2245 584 2281; x_wconf 76' lang='lat' dir='ltr'><strong>excurrens</strong></span> <span class='ocrx_word' id='word_1_143' title='bbox 596 2229 735 2280; x_wconf 83' lang='lat' dir='ltr'><strong>notabatur</strong></span> <span class='ocrx_word' id='word_1_144' title='bbox 749 2257 783 2268; x_wconf 89' lang='lat'><em>-</em></span> <span class='ocrx_word' id='word_1_145' title='bbox 797 2236 822 2279; x_wconf 85' lang='lat' dir='ltr'><strong>et</strong></span> <span class='ocrx_word' id='word_1_146' title='bbox 835 2227 977 2279; x_wconf 82' lang='lat' dir='ltr'><strong>uocabatur</strong></span> <span class='ocrx_word' id='word_1_147' title='bbox 991 2227 1086 2288; x_wconf 87' lang='lat' dir='ltr'><strong>libella,</strong></span> <span class='ocrx_word' id='word_1_148' title='bbox 1104 2230 1132 2278; x_wconf 90' lang='lat' dir='ltr'><strong>in</strong></span> <span class='ocrx_word' id='word_1_149' title='bbox 1145 2243 1211 2280; x_wconf 84' lang='lat' dir='ltr'><strong>neno</strong></span> 
     </span>
     <span class='ocr_line' id='line_1_24' title="bbox 260 2298 1210 2362; baseline -0.004 -8"><span class='ocrx_word' id='word_1_150' title='bbox 260 2302 399 2354; x_wconf 81' lang='lat' dir='ltr'><strong>notabatur</strong></span> <span class='ocrx_word' id='word_1_151' title='bbox 418 2303 483 2354; x_wconf 63' lang='grc' dir='ltr'><strong>-ἓ</strong></span> <span class='ocrx_word' id='word_1_152' title='bbox 500 2308 525 2350; x_wconf 88' lang='lat' dir='ltr'><strong>et</strong></span> <span class='ocrx_word' id='word_1_153' title='bbox 544 2299 686 2350; x_wconf 86' lang='lat' dir='ltr'><strong>uocabatur</strong></span> <span class='ocrx_word' id='word_1_154' title='bbox 703 2301 771 2350; x_wconf 81' lang='lat' dir='ltr'><strong>duae</strong></span> <span class='ocrx_word' id='word_1_155' title='bbox 790 2299 891 2350; x_wconf 86' lang='lat' dir='ltr'><strong>libellae</strong></span> <span class='ocrx_word' id='word_1_156' title='bbox 908 2301 1050 2350; x_wconf 86' lang='lat' dir='ltr'><strong>teruncius.</strong></span> <span class='ocrx_word' id='word_1_157' title='bbox 1084 2298 1123 2362; x_wconf 82' lang='lat' dir='ltr'><strong>Os.</strong></span> <span class='ocrx_word' id='word_1_158' title='bbox 1138 2301 1161 2362; x_wconf 69' lang='lat'><strong>§-</strong></span> <span class='ocrx_word' id='word_1_159' title='bbox 1175 2310 1210 2352; x_wconf 80' lang='lat' dir='ltr'><strong>ct.</strong></span> 
     </span>
     <span class='ocr_line' id='line_1_25' title="bbox 263 2369 1211 2440; baseline -0.002 -18"><span class='ocrx_word' id='word_1_160' title='bbox 263 2369 283 2440; x_wconf 88' lang='lat'><strong>¹)</strong></span> <span class='ocrx_word' id='word_1_161' title='bbox 298 2372 374 2422; x_wconf 81' lang='lat' dir='ltr'><strong>Aesis</strong></span> <span class='ocrx_word' id='word_1_162' title='bbox 383 2377 475 2434; x_wconf 87' lang='lat' dir='ltr'><strong>partes</strong></span> <span class='ocrx_word' id='word_1_163' title='bbox 488 2371 573 2420; x_wconf 90' lang='lat' dir='ltr'><strong>animo</strong></span> <span class='ocrx_word' id='word_1_164' title='bbox 583 2371 724 2433; x_wconf 73' lang='lat' dir='ltr'><strong>liniuntur,</strong></span> <span class='ocrx_word' id='word_1_165' title='bbox 743 2385 823 2435; x_wconf 86' lang='lat' dir='ltr'><strong>eaque</strong></span> <span class='ocrx_word' id='word_1_166' title='bbox 840 2370 935 2420; x_wconf 86' lang='lat' dir='ltr'><strong>divisio</strong></span> <span class='ocrx_word' id='word_1_167' title='bbox 949 2372 1110 2434; x_wconf 65' lang='lat' dir='ltr'><strong>appellatum·</strong></span> <span class='ocrx_word' id='word_1_168' title='bbox 1129 2369 1211 2420; x_wconf 80' lang='lat' dir='ltr'><strong>librae</strong></span> 
     </span>
     <span class='ocr_line' id='line_1_26' title="bbox 259 2440 1210 2506; baseline 0.002 -14"><span class='ocrx_word' id='word_1_169' title='bbox 259 2457 320 2492; x_wconf 85' lang='lat' dir='ltr'><strong>uero</strong></span> <span class='ocrx_word' id='word_1_170' title='bbox 331 2448 422 2506; x_wconf 88' lang='lat' dir='ltr'><strong>partes</strong></span> <span class='ocrx_word' id='word_1_171' title='bbox 432 2441 500 2504; x_wconf 85' lang='lat' dir='ltr'><strong>fiunt</strong></span> <span class='ocrx_word' id='word_1_172' title='bbox 509 2441 655 2503; x_wconf 87' lang='lat' dir='ltr'><strong>pendendo,</strong></span> <span class='ocrx_word' id='word_1_173' title='bbox 665 2441 734 2504; x_wconf 79' lang='lat' dir='ltr'><strong>quod</strong></span> <span class='ocrx_word' id='word_1_174' title='bbox 742 2441 895 2506; x_wconf 76' lang='lat' dir='ltr'><strong>dispendere</strong></span> <span class='ocrx_word' id='word_1_175' title='bbox 905 2441 965 2490; x_wconf 91' lang='lat' dir='ltr'><strong>olim</strong></span> <span class='ocrx_word' id='word_1_176' title='bbox 973 2441 1074 2492; x_wconf 73' lang='lat' dir='ltr'><strong>dixere.</strong></span> <span class='ocrx_word' id='word_1_177' title='bbox 1096 2440 1134 2504; x_wconf 80' lang='lat' dir='ltr'><strong>Os.</strong></span> <span class='ocrx_word' id='word_1_178' title='bbox 1145 2442 1167 2502; x_wconf 64' lang='grc' dir='ltr'><strong>ἕ.</strong></span> <span class='ocrx_word' id='word_1_179' title='bbox 1175 2451 1210 2494; x_wconf 81' lang='lat'><strong>81.</strong></span> 
     </span>
     <span class='ocr_line' id='line_1_27' title="bbox 261 2506 1211 2578; baseline 0 -18"><span class='ocrx_word' id='word_1_180' title='bbox 261 2509 282 2578; x_wconf 67' lang='lat'><strong>⁹)</strong></span> <span class='ocrx_word' id='word_1_181' title='bbox 297 2510 421 2574; x_wconf 86' lang='lat' dir='ltr'><strong>Suppleui</strong></span> <span class='ocrx_word' id='word_1_182' title='bbox 434 2525 469 2560; x_wconf 82' lang='lat' dir='ltr'><strong>eac</strong></span> <span class='ocrx_word' id='word_1_183' title='bbox 482 2511 597 2560; x_wconf 81' lang='lat' dir='ltr'><strong>anteced.</strong></span> <span class='ocrx_word' id='word_1_184' title='bbox 623 2506 739 2578; x_wconf 83' lang='lat' dir='ltr'><strong>[Dicitur]</strong></span> <span class='ocrx_word' id='word_1_185' title='bbox 754 2511 793 2560; x_wconf 89' lang='lat' dir='ltr'><strong>ed.</strong></span> <span class='ocrx_word' id='word_1_186' title='bbox 809 2509 922 2562; x_wconf 86' lang='lat' dir='ltr'><strong>Momms.</strong></span> <span class='ocrx_word' id='word_1_187' title='bbox 941 2509 978 2560; x_wconf 84' lang='lat' dir='ltr'><strong>At</strong></span> <span class='ocrx_word' id='word_1_188' title='bbox 990 2511 1018 2560; x_wconf 89' lang='lat' dir='ltr'><strong>in</strong></span> <span class='ocrx_word' id='word_1_189' title='bbox 1029 2509 1146 2575; x_wconf 75' lang='lat' dir='ltr'><strong>prindere</strong></span> <span class='ocrx_word' id='word_1_190' title='bbox 1160 2525 1211 2561; x_wconf 90' lang='lat' dir='ltr'><strong>non</strong></span> 
     </span>
     <span class='ocr_line' id='line_1_28' title="bbox 260 2579 1210 2646; baseline -0.003 -14"><span class='ocrx_word' id='word_1_191' title='bbox 260 2597 290 2632; x_wconf 88' lang='lat' dir='ltr'><strong>as</strong></span> <span class='ocrx_word' id='word_1_192' title='bbox 304 2582 402 2631; x_wconf 90' lang='lat' dir='ltr'><strong>dicitur</strong></span> <span class='ocrx_word' id='word_1_193' title='bbox 416 2579 462 2629; x_wconf 89' lang='lat' dir='ltr'><strong>sed</strong></span> <span class='ocrx_word' id='word_1_194' title='bbox 476 2579 558 2636; x_wconf 76' lang='lat' dir='ltr'><strong>libra:</strong></span> <span class='ocrx_word' id='word_1_195' title='bbox 572 2581 718 2644; x_wconf 76' lang='lat' dir='ltr'><strong>dispertitio</strong></span> <span class='ocrx_word' id='word_1_196' title='bbox 733 2587 830 2630; x_wconf 87' lang='lat' dir='ltr'><strong>tantum</strong></span> <span class='ocrx_word' id='word_1_197' title='bbox 843 2582 932 2631; x_wconf 90' lang='lat' dir='ltr'><strong>eadem</strong></span> <span class='ocrx_word' id='word_1_198' title='bbox 942 2587 988 2631; x_wconf 82' lang='lat' dir='ltr'><strong>est.</strong></span> <span class='ocrx_word' id='word_1_199' title='bbox 1011 2581 1050 2641; x_wconf 84' lang='lat' dir='ltr'><strong>tu,</strong></span> <span class='ocrx_word' id='word_1_200' title='bbox 1064 2581 1133 2646; x_wconf 83' lang='lat' dir='ltr'><strong>quod</strong></span> <span class='ocrx_word' id='word_1_201' title='bbox 1141 2583 1167 2630; x_wconf 91' lang='lat' dir='ltr'><strong>in</strong></span> <span class='ocrx_word' id='word_1_202' title='bbox 1179 2579 1210 2630; x_wconf 90' lang='lat' dir='ltr'><strong>P.</strong></span> 
     </span>
     <span class='ocr_line' id='line_1_29' title="bbox 265 2647 1210 2718; baseline 0.002 -17"><span class='ocrx_word' id='word_1_203' title='bbox 265 2652 296 2705; x_wconf 91' lang='lat' dir='ltr'><strong>V.</strong></span> <span class='ocrx_word' id='word_1_204' title='bbox 311 2658 335 2701; x_wconf 89' lang='lat' dir='ltr'><strong>et</strong></span> <span class='ocrx_word' id='word_1_205' title='bbox 348 2651 406 2700; x_wconf 86' lang='lat' dir='ltr'><strong>edd.</strong></span> <span class='ocrx_word' id='word_1_206' title='bbox 421 2657 459 2700; x_wconf 87' lang='lat' dir='ltr'><strong>est</strong></span> <span class='ocrx_word' id='word_1_207' title='bbox 472 2656 532 2700; x_wconf 89' lang='lat' dir='ltr'><strong>ante</strong></span> <span class='ocrx_word' id='word_1_208' title='bbox 545 2650 614 2710; x_wconf 84' lang='lat' dir='ltr'><strong>libra,</strong></span> <span class='ocrx_word' id='word_1_209' title='bbox 628 2651 678 2700; x_wconf 85' lang='lat' dir='ltr'><strong>buc</strong></span> <span class='ocrx_word' id='word_1_210' title='bbox 691 2653 818 2701; x_wconf 83' lang='lat' dir='ltr'><strong>reuocari.</strong></span> <span class='ocrx_word' id='word_1_211' title='bbox 883 2647 905 2718; x_wconf 70' lang='lat'><strong>³)</strong></span> <span class='ocrx_word' id='word_1_212' title='bbox 919 2649 1023 2716; x_wconf 83' lang='lat' dir='ltr'><strong>Scripsi</strong></span> <span class='ocrx_word' id='word_1_213' title='bbox 1026 2668 1037 2709; x_wconf 75' lang='lat'><strong>,0</strong></span> <span class='ocrx_word' id='word_1_214' title='bbox 1055 2665 1113 2701; x_wconf 87' lang='lat' dir='ltr'><strong>uero</strong></span> <span class='ocrx_word' id='word_1_215' title='bbox 1128 2652 1159 2700; x_wconf 88' lang='lat' dir='ltr'><strong>P.</strong></span> <span class='ocrx_word' id='word_1_216' title='bbox 1179 2651 1210 2703; x_wconf 90' lang='lat' dir='ltr'><strong>V.</strong></span> 
     </span>
     <span class='ocr_line' id='line_1_30' title="bbox 260 2718 1211 2788; baseline -0.002 -16"><span class='ocrx_word' id='word_1_217' title='bbox 260 2723 328 2779; x_wconf 64' lang='lat' dir='ltr'><strong>edd„</strong></span> <span class='ocrx_word' id='word_1_218' title='bbox 342 2736 391 2786; x_wconf 79' lang='lat' dir='ltr'><strong>qno</strong></span> <span class='ocrx_word' id='word_1_219' title='bbox 405 2734 496 2772; x_wconf 88' lang='lat' dir='ltr'><strong>errore</strong></span> <span class='ocrx_word' id='word_1_220' title='bbox 510 2723 641 2772; x_wconf 87' lang='lat' dir='ltr'><strong>commisso</strong></span> <span class='ocrx_word' id='word_1_221' title='bbox 654 2728 680 2771; x_wconf 89' lang='lat' dir='ltr'><strong>ut</strong></span> <span class='ocrx_word' id='word_1_222' title='bbox 695 2723 866 2774; x_wconf 83' lang='lat' dir='ltr'><strong>omissumest.</strong></span> <span class='ocrx_word' id='word_1_223' title='bbox 914 2718 935 2788; x_wconf 87' lang='lat'><strong>⁴)</strong></span> <span class='ocrx_word' id='word_1_224' title='bbox 949 2723 1049 2786; x_wconf 87' lang='lat' dir='ltr'><strong>pecunia</strong></span> <span class='ocrx_word' id='word_1_225' title='bbox 1065 2723 1095 2772; x_wconf 91' lang='lat' dir='ltr'><strong>P.</strong></span> <span class='ocrx_word' id='word_1_226' title='bbox 1110 2721 1141 2770; x_wconf 90' lang='lat' dir='ltr'><strong>V.</strong></span> <span class='ocrx_word' id='word_1_227' title='bbox 1151 2721 1211 2770; x_wconf 85' lang='lat' dir='ltr'><strong>edd.</strong></span> 
     </span>
     <span class='ocr_line' id='line_1_31' title="bbox 261 2789 1211 2858; baseline -0.002 -16"><span class='ocrx_word' id='word_1_228' title='bbox 261 2791 283 2858; x_wconf 80' lang='lat'><strong>⁶)</strong></span> <span class='ocrx_word' id='word_1_229' title='bbox 297 2791 342 2856; x_wconf 66' lang='lat' dir='ltr'><strong>Eg</strong></span> <span class='ocrx_word' id='word_1_230' title='bbox 355 2791 396 2842; x_wconf 86' lang='lat' dir='ltr'><strong>bia</strong></span> <span class='ocrx_word' id='word_1_231' title='bbox 410 2797 486 2844; x_wconf 86' lang='lat' dir='ltr'><strong>notae</strong></span> <span class='ocrx_word' id='word_1_232' title='bbox 502 2789 688 2852; x_wconf 85' lang='lat' dir='ltr'><strong>Quadrantalis</strong></span> <span class='ocrx_word' id='word_1_233' title='bbox 701 2800 727 2842; x_wconf 88' lang='lat' dir='ltr'><strong>et</strong></span> <span class='ocrx_word' id='word_1_234' title='bbox 740 2792 825 2844; x_wconf 90' lang='lat' dir='ltr'><strong>Modii</strong></span> <span class='ocrx_word' id='word_1_235' title='bbox 838 2792 925 2851; x_wconf 86' lang='lat' dir='ltr'><strong>solidi,</strong></span> <span class='ocrx_word' id='word_1_236' title='bbox 939 2807 1075 2858; x_wconf 79' lang='lat' dir='ltr'><strong>eorumque</strong></span> <span class='ocrx_word' id='word_1_237' title='bbox 1083 2790 1211 2848; x_wconf 71' lang='lat' dir='ltr'><strong>demissis,</strong></span> 
     </span>
     <span class='ocr_line' id='line_1_32' title="bbox 260 2861 1212 2929; baseline 0.001 -18"><span class='ocrx_word' id='word_1_238' title='bbox 260 2877 343 2912; x_wconf 87' lang='lat' dir='ltr'><strong>urnae</strong></span> <span class='ocrx_word' id='word_1_239' title='bbox 358 2869 382 2912; x_wconf 93' lang='lat' dir='ltr'><strong>et</strong></span> <span class='ocrx_word' id='word_1_240' title='bbox 395 2862 514 2920; x_wconf 78' lang='lat' dir='ltr'><strong>remedii,</strong></span> <span class='ocrx_word' id='word_1_241' title='bbox 533 2863 716 2926; x_wconf 79' lang='lat' dir='ltr'><strong>explanatione</strong></span> <span class='ocrx_word' id='word_1_242' title='bbox 734 2877 785 2912; x_wconf 91' lang='lat' dir='ltr'><strong>non</strong></span> <span class='ocrx_word' id='word_1_243' title='bbox 806 2868 888 2928; x_wconf 79' lang='lat' dir='ltr'><strong>egent.</strong></span> <span class='ocrx_word' id='word_1_244' title='bbox 917 2861 984 2913; x_wconf 89' lang='lat' dir='ltr'><strong>Nota</strong></span> <span class='ocrx_word' id='word_1_245' title='bbox 999 2863 1086 2929; x_wconf 82' lang='lat' dir='ltr'><strong>congii</strong></span> <span class='ocrx_word' id='word_1_246' title='bbox 1097 2861 1212 2926; x_wconf 80' lang='lat' dir='ltr'><strong>sortasse</strong></span> 
     </span>
     <span class='ocr_line' id='line_1_33' title="bbox 260 2930 1213 3000; baseline -0.001 -17"><span class='ocrx_word' id='word_1_247' title='bbox 260 2940 298 2983; x_wconf 88' lang='lat' dir='ltr'><strong>est</strong></span> <span class='ocrx_word' id='word_1_248' title='bbox 315 2930 506 3000; x_wconf 62' lang='lat' dir='ltr'><strong>opinamur),</strong></span> <span class='ocrx_word' id='word_1_249' title='bbox 520 2932 635 2984; x_wconf 88' lang='lat' dir='ltr'><strong>subiecta</strong></span> <span class='ocrx_word' id='word_1_250' title='bbox 649 2940 710 2983; x_wconf 92' lang='lat' dir='ltr'><strong>nota</strong></span> <span class='ocrx_word' id='word_1_251' title='bbox 722 2934 868 2984; x_wconf 78' lang='lat' dir='ltr'><strong>semunciae</strong></span> <span class='ocrx_word' id='word_1_252' title='bbox 882 2931 915 2998; x_wconf 67' lang='grc' dir='ltr'><strong>(ξ.</strong></span> <span class='ocrx_word' id='word_1_253' title='bbox 930 2931 975 3000; x_wconf 81' lang='lat' dir='ltr'><strong>t.)a</strong></span> <span class='ocrx_word' id='word_1_254' title='bbox 995 2947 1144 2999; x_wconf 82' lang='lat' dir='ltr'><strong>quamquam</strong></span> <span class='ocrx_word' id='word_1_255' title='bbox 1157 2933 1213 2982; x_wconf 87' lang='lat' dir='ltr'><strong>alia</strong></span> 
     </span>
     <span class='ocr_line' id='line_1_34' title="bbox 257 2999 1212 3069; baseline -0.002 -16"><span class='ocrx_word' id='word_1_256' title='bbox 257 3004 345 3068; x_wconf 78' lang='lat' dir='ltr'><strong>somna</strong></span> <span class='ocrx_word' id='word_1_257' title='bbox 354 3004 501 3068; x_wconf 71' lang='lat' dir='ltr'><strong>exprimere</strong></span> <span class='ocrx_word' id='word_1_258' title='bbox 510 3004 612 3054; x_wconf 86' lang='lat' dir='ltr'><strong>uidetur</strong></span> <span class='ocrx_word' id='word_1_259' title='bbox 620 3005 722 3054; x_wconf 83' lang='lat' dir='ltr'><strong>litterae</strong></span> <span class='ocrx_word' id='word_1_260' title='bbox 734 3002 1021 3067; x_wconf 79' lang='lat' dir='ltr'><strong>Orubiectampriscam</strong></span> <span class='ocrx_word' id='word_1_261' title='bbox 1033 2999 1212 3069; x_wconf 76' lang='lat' dir='ltr'><strong>G(Gondius).</strong></span> 
     </span>
     <span class='ocr_line' id='line_1_35' title="bbox 259 3073 1213 3140; baseline -0.003 -16"><span class='ocrx_word' id='word_1_262' title='bbox 259 3073 400 3124; x_wconf 77' lang='lat' dir='ltr'><strong>Semtarius</strong></span> <span class='ocrx_word' id='word_1_263' title='bbox 413 3081 518 3126; x_wconf 86' lang='lat' dir='ltr'><strong>notatur</strong></span> <span class='ocrx_word' id='word_1_264' title='bbox 530 3075 641 3133; x_wconf 81' lang='lat' dir='ltr'><strong>sicilico,</strong></span> <span class='ocrx_word' id='word_1_265' title='bbox 656 3075 718 3138; x_wconf 84' lang='lat' dir='ltr'><strong>quia</strong></span> <span class='ocrx_word' id='word_1_266' title='bbox 732 3075 755 3123; x_wconf 90' lang='lat' dir='ltr'><strong>is</strong></span> <span class='ocrx_word' id='word_1_267' title='bbox 769 3081 820 3133; x_wconf 88' lang='lat' dir='ltr'><strong>est,</strong></span> <span class='ocrx_word' id='word_1_268' title='bbox 835 3080 863 3124; x_wconf 89' lang='lat' dir='ltr'><strong>ut</strong></span> <span class='ocrx_word' id='word_1_269' title='bbox 875 3081 945 3124; x_wconf 88' lang='lat' dir='ltr'><strong>recte</strong></span> <span class='ocrx_word' id='word_1_270' title='bbox 958 3073 1006 3140; x_wconf 74' lang='lat' dir='ltr'><strong>Bp.</strong></span> <span class='ocrx_word' id='word_1_271' title='bbox 1021 3073 1213 3133; x_wconf 87' lang='lat' dir='ltr'><strong>animaduertit,</strong></span> 
     </span>
     <span class='ocr_line' id='line_1_36' title="bbox 260 3142 1213 3211; baseline -0.002 -17"><span class='ocrx_word' id='word_1_272' title='bbox 260 3145 441 3209; x_wconf 85' lang='lat' dir='ltr'><strong>quadrantalis</strong></span> <span class='ocrx_word' id='word_1_273' title='bbox 451 3160 518 3208; x_wconf 85' lang='lat' dir='ltr'><strong>pars</strong></span> <span class='ocrx_word' id='word_1_274' title='bbox 532 3145 729 3209; x_wconf 79' lang='lat' dir='ltr'><strong>quadragesima</strong></span> <span class='ocrx_word' id='word_1_275' title='bbox 743 3151 834 3195; x_wconf 88' lang='lat' dir='ltr'><strong>octaua</strong></span> <span class='ocrx_word' id='word_1_276' title='bbox 848 3142 882 3210; x_wconf 67' lang='grc' dir='ltr'><strong>(ξ.</strong></span> <span class='ocrx_word' id='word_1_277' title='bbox 893 3142 951 3211; x_wconf 74' lang='lat' dir='ltr'><strong>aa.);</strong></span> <span class='ocrx_word' id='word_1_278' title='bbox 966 3147 993 3194; x_wconf 91' lang='lat' dir='ltr'><strong>in</strong></span> <span class='ocrx_word' id='word_1_279' title='bbox 1006 3144 1093 3196; x_wconf 62' lang='lat' dir='ltr'><strong>&amp;ano</strong></span> <span class='ocrx_word' id='word_1_280' title='bbox 1103 3145 1213 3207; x_wconf 88' lang='lat' dir='ltr'><strong>eiprae·</strong></span> 
     </span>
     <span class='ocr_line' id='line_1_37' title="bbox 257 3213 1213 3279; baseline -0.002 -15"><span class='ocrx_word' id='word_1_281' title='bbox 257 3217 315 3279; x_wconf 79' lang='lat' dir='ltr'><strong>fixa</strong></span> <span class='ocrx_word' id='word_1_282' title='bbox 330 3217 431 3266; x_wconf 85' lang='lat' dir='ltr'><strong>uidetur</strong></span> <span class='ocrx_word' id='word_1_283' title='bbox 447 3214 476 3266; x_wconf 80' lang='lat' dir='ltr'><strong>G.</strong></span> <span class='ocrx_word' id='word_1_284' title='bbox 493 3215 597 3266; x_wconf 85' lang='lat' dir='ltr'><strong>Ceterae</strong></span> <span class='ocrx_word' id='word_1_285' title='bbox 612 3221 687 3264; x_wconf 86' lang='lat' dir='ltr'><strong>notae</strong></span> <span class='ocrx_word' id='word_1_286' title='bbox 700 3230 735 3264; x_wconf 83' lang='lat' dir='ltr'><strong>eac</strong></span> <span class='ocrx_word' id='word_1_287' title='bbox 748 3216 864 3266; x_wconf 77' lang='lat' dir='ltr'><strong>sextario</strong></span> <span class='ocrx_word' id='word_1_288' title='bbox 879 3216 999 3266; x_wconf 87' lang='lat' dir='ltr'><strong>uidentur</strong></span> <span class='ocrx_word' id='word_1_289' title='bbox 1008 3215 1131 3279; x_wconf 87' lang='lat' dir='ltr'><strong>pendere.</strong></span> <span class='ocrx_word' id='word_1_290' title='bbox 1159 3213 1213 3262; x_wconf 74' lang='lat' dir='ltr'><strong>Ite·</strong></span> 
     </span>
     <span class='ocr_line' id='line_1_38' title="bbox 260 3284 1214 3350; baseline -0.002 -14"><span class='ocrx_word' id='word_1_291' title='bbox 260 3287 344 3338; x_wconf 87' lang='lat' dir='ltr'><strong>minae</strong></span> <span class='ocrx_word' id='word_1_292' title='bbox 357 3295 440 3338; x_wconf 86' lang='lat' dir='ltr'><strong>tamen</strong></span> <span class='ocrx_word' id='word_1_293' title='bbox 455 3292 516 3338; x_wconf 87' lang='lat' dir='ltr'><strong>nota</strong></span> <span class='ocrx_word' id='word_1_294' title='bbox 527 3285 612 3348; x_wconf 84' lang='lat' dir='ltr'><strong>suerit</strong></span> <span class='ocrx_word' id='word_1_295' title='bbox 626 3285 736 3336; x_wconf 84' lang='lat' dir='ltr'><strong>initialis</strong></span> <span class='ocrx_word' id='word_1_296' title='bbox 750 3287 837 3335; x_wconf 82' lang='lat' dir='ltr'><strong>littera</strong></span> <span class='ocrx_word' id='word_1_297' title='bbox 853 3284 955 3336; x_wconf 83' lang='lat' dir='ltr'><strong>Graeca</strong></span> <span class='ocrx_word' id='word_1_298' title='bbox 959 3302 970 3344; x_wconf 86' lang='lat'><strong>,·</strong></span> <span class='ocrx_word' id='word_1_299' title='bbox 989 3300 1139 3350; x_wconf 77' lang='lat' dir='ltr'><strong>quamquam</strong></span> <span class='ocrx_word' id='word_1_300' title='bbox 1158 3284 1214 3334; x_wconf 90' lang='lat' dir='ltr'><strong>alia</strong></span> 
     </span>
     <span class='ocr_line' id='line_1_39' title="bbox 259 3353 1215 3422; baseline -0.003 -15"><span class='ocrx_word' id='word_1_301' title='bbox 259 3358 390 3422; x_wconf 75' lang='lat' dir='ltr'><strong>significat</strong></span> <span class='ocrx_word' id='word_1_302' title='bbox 398 3357 526 3408; x_wconf 83' lang='lat' dir='ltr'><strong>sicilicum</strong></span> <span class='ocrx_word' id='word_1_303' title='bbox 536 3355 703 3406; x_wconf 88' lang='lat' dir='ltr'><strong>dimidiatum.</strong></span> <span class='ocrx_word' id='word_1_304' title='bbox 726 3353 861 3416; x_wconf 86' lang='lat' dir='ltr'><strong>Quartarii</strong></span> <span class='ocrx_word' id='word_1_305' title='bbox 871 3355 1104 3420; x_wconf 74' lang='lat' dir='ltr'><strong>fortasseprimum</strong></span> <span class='ocrx_word' id='word_1_306' title='bbox 1113 3356 1215 3419; x_wconf 79' lang='lat' dir='ltr'><strong>sipnum</strong></span> 
     </span>
     <span class='ocr_line' id='line_1_40' title="bbox 263 3424 1214 3493; baseline -0.004 -15"><span class='ocrx_word' id='word_1_307' title='bbox 263 3424 428 3493; x_wconf 70' lang='lat' dir='ltr'><strong>ileruncius)</strong></span> <span class='ocrx_word' id='word_1_308' title='bbox 443 3447 477 3467; x_wconf 86' lang='lat'><strong>==</strong></span> <span class='ocrx_word' id='word_1_309' title='bbox 491 3425 633 3489; x_wconf 82' lang='lat' dir='ltr'><strong>quadrans,</strong></span> <span class='ocrx_word' id='word_1_310' title='bbox 647 3429 755 3476; x_wconf 86' lang='lat' dir='ltr'><strong>alterum</strong></span> <span class='ocrx_word' id='word_1_311' title='bbox 770 3433 905 3478; x_wconf 85' lang='lat' dir='ltr'><strong>contracta</strong></span> <span class='ocrx_word' id='word_1_312' title='bbox 915 3433 976 3477; x_wconf 89' lang='lat' dir='ltr'><strong>nota</strong></span> <span class='ocrx_word' id='word_1_313' title='bbox 985 3428 1100 3476; x_wconf 77' lang='lat' dir='ltr'><strong>sextarii</strong></span> <span class='ocrx_word' id='word_1_314' title='bbox 1108 3425 1214 3490; x_wconf 79' lang='lat' dir='ltr'><strong>adgra-</strong></span> 
     </span>
     <span class='ocr_line' id='line_1_41' title="bbox 260 3496 1215 3562; baseline -0.002 -16"><span class='ocrx_word' id='word_1_315' title='bbox 260 3514 334 3554; x_wconf 89' lang='lat' dir='ltr'><strong>num,·</strong></span> <span class='ocrx_word' id='word_1_316' title='bbox 352 3498 408 3547; x_wconf 88' lang='lat' dir='ltr'><strong>eius</strong></span> <span class='ocrx_word' id='word_1_317' title='bbox 426 3497 493 3546; x_wconf 87' lang='lat' dir='ltr'><strong>enim</strong></span> <span class='ocrx_word' id='word_1_318' title='bbox 511 3497 662 3560; x_wconf 85' lang='lat' dir='ltr'><strong>quartarius</strong></span> <span class='ocrx_word' id='word_1_319' title='bbox 680 3504 718 3547; x_wconf 88' lang='lat' dir='ltr'><strong>est</strong></span> <span class='ocrx_word' id='word_1_320' title='bbox 736 3503 829 3562; x_wconf 78' lang='lat' dir='ltr'><strong>quarta</strong></span> <span class='ocrx_word' id='word_1_321' title='bbox 844 3511 919 3561; x_wconf 84' lang='lat' dir='ltr'><strong>pars.</strong></span> <span class='ocrx_word' id='word_1_322' title='bbox 954 3496 1047 3562; x_wconf 78' lang='lat' dir='ltr'><strong>Cgatbi</strong></span> <span class='ocrx_word' id='word_1_323' title='bbox 1065 3503 1149 3548; x_wconf 86' lang='lat' dir='ltr'><strong>natam</strong></span> <span class='ocrx_word' id='word_1_324' title='bbox 1162 3509 1215 3546; x_wconf 88' lang='lat' dir='ltr'><strong>non</strong></span> 
     </span>
     <span class='ocr_line' id='line_1_42' title="bbox 260 3569 383 3632; baseline 0 -14"><span class='ocrx_word' id='word_1_325' title='bbox 260 3569 383 3632; x_wconf 75' lang='lat' dir='ltr'><strong>intelligo.</strong></span> 
     </span>
    </p>
   </div>
   <div class='ocr_carea' id='block_1_6' title="bbox 0 0 1350 4112">
    <p class='ocr_par' dir='ltr' id='par_1_9' title="bbox 0 0 1350 4112">
     <span class='ocr_line' id='line_1_43' title="bbox 0 0 1350 4112; baseline 0 0"><span class='ocrx_word' id='word_1_326' title='bbox 0 0 1350 4112; x_wconf 95' lang='lat' dir='ltr'><strong> </strong></span> 
     </span>
    </p>
   </div>
  </div>
 </body>
</html>
