2678 4116
406 215 464 252 ann
480 215 572 253 nierrr.
591 198 625 252 H.
640 203 752 255 83-85.
992 201 1056 266 239

101 366 185 408 suam
208 361 271 406 crae
289 339 413 420 peiere.¹
453 345 530 414 unde
547 347 581 403 dc
600 347 703 421 pupillo
725 348 831 423 quidem
847 350 1001 424 quaeritur,
1023 367 1057 408 aa

101 433 228 490 'nummis
254 431 299 502 iia,
323 445 394 505 quoa
415 437 525 488 mutuos
548 429 631 497 dedit,
654 431 686 487 ab
709 447 758 504 eo,
781 437 827 509 qul
849 435 959 508 aceepit,
989 451 1055 492 con-

103 520 212 587 sumtis,
230 523 235 579 Ι
253 516 347 590 aliqua
363 515 468 572 actione
484 531 532 572 eos
547 517 675 589 persequi
689 518 791 590 possit,
815 519 940 592 quoniam
959 522 1025 582 nitri
1038 536 1056 575 a

100 602 266 675 possidente
291 599 436 656 uindicari
459 613 514 654 non
540 593 656 673 potest.²
697 596 749 658 88.
771 600 818 659 ’At
840 618 873 660 ex
897 600 1057 666 eontrariol

103 699 201 743 omnes
221 699 271 741 rea
284 690 343 740 tom
363 685 492 755 mancipi
504 675 610 756 quoml
632 699 683 741 nec
698 686 812 760 mancipi
827 685 986 744 mulieribus
1005 682 1011 762 Ι
1030 694 1057 742 et
1067 701 1107 751 74,

1 831 2 834 Ἴ
102 768 215 843 pupillis
231 771 294 824 aine
307 767 407 823 tutoris
427 767 679 828 auetoritateaolui
701 777 828 842 possunt,
852 771 975 844 quonlam
997 785 1056 828 me-

1 894 2 903 .
33 859 90 909 [tet]
102 854 199 908 liorem
214 850 400 908 condicionem
422 865 496 906 suam
513 849 603 907 iacere
623 852 656 906 iis
678 853 758 909 etiam
773 853 831 910 sine
853 855 950 910 tutoris
965 863 1056 911 aucto·

102 938 184 992 ritate
199 949 357 993 concessum
373 939 424 990 est.
462 929 511 991 84.
533 933 624 1008 ltaque
638 932 784 992 si‘debitor
798 939 938 1010 pecuniam
953 937 1056 1012 pupillo

103 1018 204 1090 soluat,
221 1019 284 1076 lacit
299 1017 407 1092 quidem
423 1019 562 1090 pecuniam
578 1017 689 1091 pupilli,
709 1019 757 1076 sed
773 1022 831 1094 ipse
846 1037 900 1078 non
916 1021 1057 1092 liberatur,

1 1126 2 1150 1
104 1105 166 1178 quia
197 1101 298 1160 nullam
326 1100 516 1174 obligationem
542 1101 661 1176 pupillus
688 1106 746 1160 sine
772 1106 871 1161 tutoris
898 1105 1058 1161 auctoritate

103 1187 254 1244 dissoluere
275 1193 382 1261 potest,
401 1184 456 1242 ’cui
476 1201 529 1242 nec
550 1179 653 1241 ullius⁴
672 1189 712 1244 rei
733 1187 858 1244 alienatio
880 1189 938 1245 sine
959 1188 1058 1244 tutoris

103 1273 264 1328 auctoritate
279 1285 406 1327 concessa
421 1277 478 1337 est;
494 1277 537 1325 set
550 1278 639 1325 tamen
651 1271 673 1326 si
685 1285 718 1326 ex
729 1286 759 1326 ea
770 1273 884 1346 pecunia
895 1271 1059 1346 locupletior

103 1355 194 1412 iaetus
215 1356 260 1426 sit,
282 1361 309 1410 et
330 1353 416 1409 adhue
436 1359 522 1426 petat,
542 1369 592 1426 per
612 1356 795 1429 exceptionem
822 1355 877 1412 doli
900 1356 962 1412 mali
984 1371 1056 1412 sum·

103 1439 212 1495 moueri
226 1445 324 1511 potest.
354 1433 401 1495 85.
416 1435 519 1493 Mulieri
534 1453 601 1492 uero
616 1439 693 1494 ctiam
709 1440 768 1495 sine
783 1442 881 1498 tutoris
897 1441 1057 1498 auctoritate

102 1529 182 1580 recte
197 1521 267 1578 solui
280 1528 386 1595 potest:
407 1536 467 1577 nam
483 1521 530 1594 qui
543 1519 639 1587 soluit,
655 1520 785 1579 liberatur
800 1522 980 1598 obligatione,
996 1526 1057 1598 qula

103 1623 149 1664 res
170 1621 221 1662 nec
241 1605 424 1678 mancipl‚,ut
444 1605 565 1678 proxima
584 1605 711 1668 diximus.
731 1623 791 1663 ase
811 1607 947 1666 dimittere
962 1608 1058 1664 mulier

42 1705 50 1718 ⁸
104 1692 185 1748 etiam
206 1691 265 1745 aine
284 1690 383 1745 tutoris
398 1689 561 1744 auctoritate
576 1695 682 1762 potest:
704 1705 864 1764 quamquam
886 1693 939 1748 hoc
953 1694 991 1748 ita
1005 1699 1058 1763 est,

104 1776 128 1831 si
144 1774 256 1846 accipiat
271 1773 428 1846 pecuniam
444 1777 471 1828 at
486 1773 509 1828 si
524 1787 577 1827 non
593 1773 720 1846 accipiat,
743 1781 785 1829 aet
801 1769 928 1830 ’heberei
943 1791 973 1831 se
988 1774 1058 1832 dicat

107 1866 135 1915 et
150 1875 201 1932 per
216 1856 446 1930 acceptilationem
462 1855 529 1912 uelit
543 1855 694 1912 debitorem
709 1857 768 1912 sine
783 1859 883 1914 tutoris
899 1859 1059 1915 auctoritate

104 1941 232 2013 liberare,
247 1956 302 1996 non
317 1947 418 2014 potest.

103 2057 319 2069 nn-—a-——n—

180 2105 200 2176 ²)
215 2109 311 2160 Priore
325 2109 487 2160 rectitutione
500 2108 528 2158 in
542 2109 582 2157 ed.
598 2118 618 2160 a.
633 2108 697 2158 baec
711 2109 748 2158 ad
760 2123 873 2159 crummoa
882 2111 980 2173 pupilli
992 2112 1059 2160 mala

101 2182 156 2245 fide
173 2185 336 2244 corrumpier
352 2181 498 2230 retuleram.
534 2177 587 2228 Sed
603 2194 638 2228 etc
661 2179 688 2228 V
689 2175 717 2238 ⁸³,
736 2194 792 2230 curn
810 2177 880 2230 Stua
898 2187 1015 2240 testetur,
1035 2187 1060 2230 ct

108 2249 237 2304 Goaclceni
252 2251 374 2301 lectiones
387 2250 412 2299 b.
427 2251 443 2299 l.
460 2251 645 2300 incertissimas
659 2263 713 2299 esee
727 2250 874 2300 neoaiderc‘
887 2249 923 2299 ibi
940 2251 972 2300 de
991 2253 1059 2301 anolo

101 2323 155 2386 fide
168 2329 253 2372 actum
264 2321 356 2390 fuisse,
370 2321 421 2370 iam
435 2321 489 2370 alia
499 2321 532 2384 qi.
547 2335 634 2370 oerum
647 2335 747 2370 eentum
756 2320 819 2370 mibi
828 2320 918 2370 videor
927 2328 1059 2372 nascautur

105 2391 168 2452 abac.
196 2390 328 2456 Scriptum
343 2391 427 2454 futare
441 2391 535 2454 posui:
552 2390 608 2440 mul.
628 2405 685 2440 uero
704 2405 719 2454 p
739 2389 814 2440 mutui
830 2392 966 2450 laetiorem
985 2407 998 2441 a
1016 2405 1058 2442 reo

104 2478 159 2528 pec.
174 2471 284 2526 repetere
297 2467 377 2526 potest
390 2461 429 2510 s'ri
444 2469 486 2510 sua
506 2461 533 2510 ee
547 2463 644 2524 pellere.
673 2461 763 2510 Minus
776 2463 865 2524 placet
878 2459 963 2527 Kriip.
983 2465 1059 2512 etiam

105 2534 235 2584 audacius
247 2534 346 2596 cuppla
364 2529 465 2580 ‘muller
483 2547 546 2582 uero
563 2533 664 2580 minime
685 2531 734 2582 boc
751 2532 825 2582 modo
844 2539 953 2596 repetere
970 2541 1058 2596 potest,

104 2611 146 2654 aet
160 2605 211 2653 ita:
228 2603 290 2654 dari
304 2601 355 2652 aibi
368 2598 511 2666 oportere'r
526 2601 684 2653 nullomodo
699 2602 881 2652 admittendum
896 2602 1060 2654 Mommseni:

107 2671 201 2740 ‘neque
215 2681 297 2724 tamen
310 2674 402 2722 stricto
416 2674 471 2722 iure
486 2679 567 2735 petere
581 2678 661 2734 potest
675 2671 722 2720 sibi
736 2687 780 2722 eoa
794 2673 855 2722 dari
868 2670 1006 2736 oportere’.

107 2742 129 2811 ²)
144 2745 231 2794 Etiam
244 2744 307 2794 baec
321 2744 447 2793 sententio
457 2757 491 2792 eac
506 2743 533 2792 V
534 2738 555 2776 ⁸²
568 2743 646 2792 aliter
660 2749 735 2806 atque
745 2742 784 2791 ed.
794 2753 815 2793 a.
830 2744 1058 2808 restituendasuit.

107 2815 190 2866 Notae
200 2815 285 2878 fuisse
294 2815 373 2878 posui
386 2814 414 2862 iu
426 2809 514 2880 s'(unt)‚
528 2813 575 2862 nisi
590 2819 614 2862 et
627 2813 773 2876 possidente.
807 2812 924 2878 Veatipic
942 2829 964 2863 o.
980 2815 1059 2878 possi·

105 2887 177 2936 dente
198 2892 224 2935 et
243 2884 360 2934 uindicari
379 2891 506 2948 apparent
526 2885 553 2932 iu
574 2881 666 2932 Scbed.
686 2881 855 2934 Blubmianis.
891 2882 954 2933 Atta
976 2887 1059 2948 auppl.

104 2957 192 3022 Krup.
202 2957 257 3006 alic
271 2954 384 3005 Momma.
435 2950 456 3020 8)
474 2953 564 3004 Go'ecb.
579 2960 681 3002 aecutua
694 2955 805 3002 rcatitui.
852 2949 874 3019 ⁴)
890 2953 1008 3004 Comeret.
1024 2955 1059 3018 cs.

18 3053 20 3060 ·
103 3039 126 3087 a,
135 3038 170 3080 aa.
191 3026 246 3090 quia
260 3025 346 3076 nullius
360 3025 524 3088 deindepost
540 3024 650 3072 alienatio
664 3023 756 3073 addita
765 3039 826 3074 voce
841 3024 863 3074 ei
875 3024 901 3074 Ο.
916 3025 973 3074 edd.
984 3027 1060 3092 etiam

103 3113 176 3148 meae
186 3097 300 3161 priorca.
361 3091 381 3161 ⁵)
396 3097 414 3144 i.
429 3111 450 3144 e.
465 3101 595 3158 occeptum
609 3093 711 3152 babere,
725 3101 750 3143 ct
761 3095 876 3158 fortasse
890 3097 989 3146 eccidit
1005 3093 1061 3146 ‘oc-

104 3165 226 3232 ceptum’.
252 3167 290 3230 Cf.
301 3179 321 3218 1.
336 3165 358 3216 Ι.
374 3165 442 3230 quib.
457 3165 522 3218 mod.
540 3163 589 3216 obl.
600 3167 652 3214 toll.
668 3163 699 3229 (a,
709 3163 754 3230 aa).
769 3164 801 3213 L.
817 3175 836 3216 t.
852 3165 884 3214 D.
895 3167 927 3216 de
941 3169 1060 3230 acceptil.

104 3238 151 3306 (ea,
165 3237 190 3304 4)
204 3237 316 3300 etinfert
330 3248 351 3296 a,
366 3247 412 3288 loa.
506 3239 511 3243 '

103 3339 320 3354 -—-———-l—n—

177 3401 203 3473 §.
218 3407 260 3456 83.
282 3405 320 3469 Cf.
336 3405 360 3467 ἓ.
375 3403 434 3457 1.·1.
450 3405 494 3454 cit.
504 3419 548 3468 pr.
564 3402 586 3453 1.
602 3403 633 3453 de
647 3411 715 3454 auct.
730 3411 775 3454 tut.
791 3401 822 3469 (1,
837 3399 881 3468 21).
925 3397 950 3468 ξ.
962 3401 1004 3450 84.
1022 3399 1060 3464 Of.

105 3477 130 3538 8.
144 3487 164 3526 2.
180 3475 202 3527 I.
218 3477 262 3525 cit.
277 3475 338 3540 utiq,
357 3474 486 3539 llaeopltil.
504 3474 555 3524 Cic.
574 3473 634 3538 Top.
650 3487 674 3525 11
691 3475 746 3523 init.
817 3469 842 3541 ἕ.
859 3472 900 3523 85.
922 3471 960 3534 Cf.
976 3482 997 3530 a,
1012 3481 1059 3522 111.

108 3547 192 3596 (10.1.
207 3563 230 3597 e.
245 3543 364 3613 proxime]
379 3548 402 3608 ξ.
417 3557 450 3597 80.
