2680 4118
497 165 532 198 nn
550 164 710 202 vsusnvcnv.
1017 147 1077 211 745

190 291 238 352 85.
262 294 289 350 Si
313 303 400 350 tamen
422 309 471 368 per
486 293 683 351 damnationem
706 293 877 352 ususfructus
898 295 1015 370 legetur,
1037 297 1080 352 ius

128 377 302 438 adcresceudi
324 386 425 434 cessat:
448 393 504 434 non
525 377 662 448 inmerito,
686 379 812 452 quoniam
833 378 967 436 damnatio
990 387 1080 452 partes

128 463 200 521 facit.
241 461 356 518 Proinde
371 463 394 516 si
408 463 448 517 rei
459 461 560 517 alienae
576 460 747 519 ususfructus
765 461 887 536 legetur,
906 471 934 520 et
949 478 981 519 en
996 461 1080 520 Nero·

128 549 206 604 niano
222 543 397 602 confirmetur
411 545 545 618 legatum,
568 545 626 600 siue
640 543 721 601 dubio
739 544 882 601 dicendum
898 554 955 616 est,
978 547 1020 602 ius
1036 545 1080 602 ad·

23 641 24 644 ’
129 629 267 692 crescendi
290 642 411 700 cessare,
440 630 462 684 si
484 627 564 684 modo
586 636 650 700 post
675 629 856 686 constitutum
882 627 1081 686 usumfructum

128 714 211 770 fuerit
233 714 354 768 amissus.
399 711 495 784 quodsi
518 705 632 768 'antea1
658 714 749 768 socius
776 713 895 782 amittat,
923 714 974 769 erit
995 713 1081 768 danda

23 863 25 868 ,
129 798 214 854 totius
236 797 343 870 petitio.
387 795 524 869 Idemque,
547 803 574 850 et
596 796 619 850 si
641 795 745 852 sinendi
767 794 848 852 modo
871 795 953 852 fuerit
974 796 1080 870 legatus

23 931 24 934 ,
61 909 62 912 ¹
128 879 309 940 ususfructus.
352 880 393 934 An
415 888 505 935 tamen
527 879 555 934 in
576 873 754 951 Neronianc,²
782 880 908 953 quoniam
930 879 1086 956 exemplum·

23 959 45 1043 ᾖΙ
126 963 315 1022 uindicationis
337 963 487 1036 sequimur,
509 961 604 1018 debeat
623 961 685 1034 dici,
709 962 800 1020 utilem
817 965 959 1036 actionem,
982 965 1080 1020 amisso

126 1047 271 1105 usufructu
286 1046 319 1103 ab
335 1047 432 1118 altero,
448 1047 525 1101 alteri
540 1045 661 1116 dandam,
680 1048 770 1119 quaeri
785 1054 890 1120 potest:
914 1056 940 1102 et
955 1054 1022 1120 puio
1038 1063 1079 1102 se·

127 1131 244 1188 eundum
259 1130 406 1199 Neratium,
429 1128 632 1186 admittendum.
678 1129 706 1184 in
722 1128 929 1188 fideicommissc
950 1129 1080 1187 autemid

126 1216 275 1288 sequimur,
294 1211 367 1286 quod
382 1214 410 1267 in
426 1211 602 1272 damnatione.

190 1292 239 1352 86.
263 1289 442 1368 3Nouissime,
466 1295 539 1368 quod
561 1297 597 1350 ait
615 1295 738 1370 Sabinus,
760 1299 783 1354 si
805 1299 883 1354 uxori
906 1313 966 1356 cum
988 1296 1080 1354 liberis

127 1379 300 1436 ususfructus
322 1379 448 1453 legetur,
477 1378 581 1434 amissis
603 1378 694 1436 liberis
716 1396 773 1437 eam
797 1381 909 1454 habere,
934 1380 1012 1455 quale
1034 1383 1079 1452 sit,

127 1461 282 1520 uidendum.
320 1461 353 1518 Et
368 1461 500 1534 siquidem
517 1459 563 1517 ‘do
579 1462 655 1537 iego'
671 1465 789 1538 legetur,
812 1467 919 1522 tametsi
935 1467 995 1539 quis
1010 1463 1080 1522 filios

126 1547 272 1622 legatarios
289 1547 437 1620 acceperit,
453 1547 510 1602 sine
526 1545 608 1603 dubio
624 1547 713 1606 locum
729 1547 837 1604 habebit
852 1557 964 1622 propter
978 1549 1019 1604 ius
1035 1549 1080 1605 ad·

53 1643 116 1693 [oso]
128 1630 276 1688 crescendi.
312 1631 360 1688 sed
375 1631 396 1686 si
412 1630 534 1705 legatarii
549 1647 604 1687 non
621 1631 731 1704 fuerint,
747 1631 832 1686 multo
845 1633 939 1705 magis,
956 1633 1081 1704 quoniam

126 1723 229 1790 partem
252 1718 276 1771 ei
299 1731 354 1772 non
376 1713 517 1785 fecerunt,
540 1717 646 1769 tametsi
668 1731 728 1770 cum
751 1729 782 1770 ea
805 1722 955 1770 uterentur.
999 1712 1099 1782 Matre¹

127 1808 215 1856 autem
231 1808 352 1870 mortua,
371 1797 503 1870 siquidem
518 1797 642 1870 legatarii
656 1797 781 1867 fuerunt,
806 1796 857 1852 scii
872 1795 1009 1852 habebunt
1023 1797 1082 1852 iure

126 1883 311 1940 adcrescendi:
328 1883 351 1936 si
362 1880 486 1950 heredes,
499 1895 554 1935 non
565 1881 624 1934 inre
635 1879 817 1951 adcrescendi,
829 1879 877 1935 sed
888 1881 946 1935 iure
958 1879 1080 1945 dominii,

127 1965 150 2020 si
166 1965 266 2019 fundus
282 1979 375 2020 eorum
388 1970 439 2034 est,
455 1963 522 2035 ipsis
536 1957 709 2031 ’adcrescit34
723 1965 764 2018 sin
780 1964 878 2034 minus,
894 1962 1003 2018 domino
1015 1949 1082 2038 {tro-

126 2049 258 2122 prietatis.
272 2046 320 2102 sed
328 2047 351 2101 si
360 2063 410 2103 nec
421 2043 534 2100 heredes
541 2045 661 2118 fuerunt,
669 2061 718 2102 nec
727 2045 857 2119 legatarii,
866 2044 1082 2104 nihilhahebunt.

190 2125 237 2199 8⁷,
262 2123 377 2197 ⁵Quodsi
399 2145 447 2204 per
462 2129 657 2185 damnationem
680 2129 764 2186 fuerit
784 2129 954 2186 ususfructus
974 2129 1081 2203 legatus

127 2215 217 2284 matri,
233 2213 364 2288 alquidem
380 2212 504 2284 legatarii
519 2221 582 2268 sunt
604 2211 660 2284 filii,
677 2222 768 2288 partes
786 2207 932 2287 ²(fuetue)⁶
955 2221 1035 2270 suut:
1059 2214 1082 2268 si

126 2314 182 2354 non
197 2307 279 2369 sunt,
301 2295 360 2352 sola
376 2303 461 2352 mater
475 2296 602 2370 legatario
618 2305 675 2367 est,
697 2311 750 2354 nec
765 2296 914 2354 mortalitas
936 2295 1083 2354 liberorum

23 2419 24 2424 κ
126 2389 229 2455 partem
252 2373 343 2437 'eius⁷
367 2380 437 2437 facit.
483 2375 558 2456 [82]
583 2373 714 2436 ⁸Sabinus
737 2389 811 2437 certe
833 2379 923 2438 uerbis
945 2381 1005 2436 istis
1027 2395 1082 2438 non

23 2461 25 2528 ᾗ
128 2463 261 2535 ostendit,
285 2471 376 2520 utrum
399 2463 521 2536 legatarii
543 2463 659 2536 fuerint,
682 2480 730 2520 neo
749 2480 792 2521 ne.
837 2463 884 2520 sed
901 2463 1017 2521 lulianus
1035 2463 1081 2521 tit.

23 2550 32 2572 '⁵
126 2547 223 2606 XXXV.
239 2547 310 2622 dig„
332 2546 416 2602 relata
431 2545 521 2603 Sabini
538 2549 686 2620 scriptura,
709 2549 762 2620 ait,
783 2546 989 2622 intelligendum
1010 2565 1082 2620 eum,

23 2643 24 2648 ’
128 2633 174 2706 qui
190 2631 264 2688 solos
280 2631 379 2688 liberos
394 2631 507 2686 heredes
522 2630 631 2702 scribit,
655 2648 710 2688 non
725 2639 755 2688 ut
776 2631 969 2706 legatariorum
985 2631 1083 2688 fecisse

127 2717 303 2789 mentionem,
319 2714 366 2772 sed
382 2723 412 2770 ut
427 2714 583 2771 ostenderet
599 2717 694 2788 magis,
711 2723 822 2770 matrem
838 2717 875 2772 ita
886 2731 916 2772 se
932 2715 1004 2772 uelle
1019 2715 1082 2786 frui,

127 2808 158 2855 ut
174 2799 274 2857 liberos
294 2815 384 2857 secum
403 2797 512 2855 habeat:
536 2797 702 2874 ‘alioquin’,
724 2800 823 2872 inquit,
846 2796 890 2854 ‘in
912 2797 1082 2856 damnatione

126 2885 195 2940 ratio
223 2900 279 2940 non
305 2882 479 2958 permittebat
507 2883 549 2939 ius
577 2876 792 2940 adcrescendi.’⁹
821 2884 965 2956 proposuit
993 2891 1083 2940 autem

202 3065 222 3132 1)
237 3068 276 3117 De
286 3067 385 3118 Bucdft.
401 3072 432 3132 ej.
449 3077 502 3118 ante
518 3077 541 3120 et
556 3069 613 3119 Vai.
625 3070 682 3120 edd.
735 3065 970 3134 ²)OssGui.2,1et.
1018 3065 1082 3134 ⁸)In

129 3139 253 3202 epitomen
267 3139 369 3203 redegit
382 3139 445 3188 haee
459 3139 490 3187 L.
502 3151 522 3189 c.
543 3140 574 3188 D.
590 3141 621 3188 de
636 3139 719 3202 usufr.
735 3156 805 3190 acer.
821 3139 853 3205 (t,
863 3138 893 3204 n).
915 3139 953 3201 Os.
967 3138 1019 3188 Cic.
1030 3154 1083 3201 pro

131 3209 203 3258 Coeo.
218 3220 239 3258 e.
255 3223 336 3271 supra
351 3210 374 3270 ξ.
389 3219 422 3260 aa.
480 3205 502 3272 ⁴)
518 3209 608 3258 Malim
623 3210 724 3259 adcedit.
783 3208 804 3274 ⁶)
822 3208 969 3258 Orationem
982 3214 1083 3257 antece·

130 3280 214 3328 dentis
228 3280 255 3340 §i
268 3279 310 3328 die
325 3286 353 3328 ut
366 3280 394 3327 ia
408 3279 469 3327 aliis
484 3281 531 3340 §in
548 3281 670 3331 etiamst.
685 3287 710 3328 et
723 3291 768 3338 ee,
783 3281 853 3328 nullo
868 3279 1011 3334 interiecto,
1022 3291 1083 3326 con-

130 3351 237 3408 tinuari,
248 3351 337 3412 palam
351 3356 396 3400 esc.
470 3345 493 3414 θ)
507 3349 626 3409 Excidit,
640 3357 668 3398 ut
682 3356 755 3413 puio,
771 3350 831 3397 facte
846 3347 876 3397 od
890 3347 1083 3396 sicmilitudinem

23 3427 25 3480 t
129 3435 152 3468 u.
166 3426 242 3482 parte,
258 3421 302 3469 cui
316 3435 327 3468 s
342 3435 376 3468 ene
390 3426 444 3469 sunt
458 3419 584 3470 adhaesit.
607 3427 688 3482 partes
702 3425 799 3468 sumunt
812 3417 851 3466 ed.
864 3417 976 3467 Meuanas.
1026 3414 1046 3482 ⁷)
1061 3418 1083 3466 ei

134 3488 193 3538 Vat.
208 3489 266 3538 edd.
336 3487 357 3554 ε)
372 3489 403 3539 L.
419 3501 438 3541 e.
455 3491 497 3539 eit.
514 3490 637 3553 quaedam
651 3504 685 3538 ecc
703 3489 743 3537 lais
762 3487 843 3536 dubet.
914 3483 935 3553 ⁹)
950 3487 986 3538 Et
999 3494 1081 3538 tamen
