2694 4110
242 159 304 227 812
453 174 549 210 rutum
569 174 622 212 nus.
641 173 702 211 uors.
722 173 808 209 runc.
828 161 976 212 334-340.

240 319 406 380 sponsorem
427 304 570 360 conueniat
584 304 654 360 iutra
669 302 810 360 biennium
816 327 826 367 ‚·
848 303 900 360 sed
921 306 989 360 etsi
1002 319 1075 374 opus
1089 320 1199 360 nouum

212 435 214 441 1
240 391 431 458 nuntiauem't,
455 388 503 444 ubi
522 388 704 444 interdictum
723 385 802 444 uobis
822 385 890 442 utile
910 395 953 442 cst
974 401 1059 452 avon
1079 403 1113 444 vl
1134 403 1200 445 uvu

241 488 328 533 canuc.
371 471 463 528 Plane
493 476 561 528 tunc
584 478 611 527 et
633 471 737 546 odir‘pot
764 471 844 528 nadis
865 485 947 527 reum
965 475 1146 540 procurator
1170 479 1201 526 et

240 556 356 630 adquirit
383 555 534 625 cottonem,
562 555 585 610 si
612 558 661 611 cni
686 561 784 612 nostro
812 557 926 612 momine
948 557 1103 627 pecuniam
1133 571 1199 611 mn-

240 646 318 698 tnom
333 640 389 696 det.
1000 643 1002 650 “

302 717 370 780 335.
396 716 491 779 ¹Actor
505 721 681 794 muniprum
701 725 752 795 qui
765 737 805 780 ec
820 723 912 780 edicto
932 721 1090 794 defendere
1111 729 1139 778 et
1161 723 1201 780 de

177 863 180 870 Α
240 813 305 864 rato
321 820 429 864 cauere
444 806 563 878 cogitur,
579 798 734 861 interdum²
749 813 880 862 ueumum
896 813 1055 877 proestare
1076 821 1200 862 necesse

239 890 403 959 nodutum
421 889 542 946 iudicati
560 889 696 946 iudicium
717 890 837 962 occipere
856 891 976 962 cogitur,
997 888 1070 962 quud
1091 888 1200 946 iudicio

238 991 294 1047 pro
308 973 497 1045 municipibus
512 979 631 1044 accepto
639 973 792 1030 damnatus
804 980 855 1043 est,
867 974 937 1030 sicut
949 973 976 1028 iu
988 973 1131 1046 cognitore
1148 973 1199 1030 ob·

240 1063 387 1116 seruatur.
410 1056 577 1113 etmutouds'
593 1059 702 1114 actoris
711 1062 842 1127 potestas
853 1063 895 1112 est
911 1059 941 1112 in
958 1058 1057 1114 iisdem
1077 1056 1197 1125 casibus,

241 1139 338 1216 quibus
353 1148 381 1196 et
395 1141 569 1214 cognitorem
583 1146 696 1196 mutare
705 1142 781 1196 ticet.
803 1147 1005 1213 etpuunpuam
1018 1143 1152 1196 constitui
1169 1143 1202 1196 ei

238 1216 356 1297 potest,³
370 1238 427 1280 non
439 1229 534 1279 tomen
546 1231 625 1278 recte
637 1223 661 1278 ei
673 1221 799 1293 soluitur,
812 1224 883 1280 sicut
895 1239 945 1279 noc
956 1227 1104 1296 capnitori.
1127 1223 1197 1280 Ple-

240 1323 360 1379 rumque
375 1299 484 1362 tamen⁴
500 1313 583 1363 actor
605 1310 762 1378 municipes
777 1310 863 1362 etiam
882 1305 1014 1362 aduersus
1035 1322 1128 1362 omnes
1148 1305 1197 1362 de-

240 1391 358 1448 iendere
373 1393 495 1462 capitur,
508 1393 582 1446 sicut
592 1397 780 1462 procurator,
792 1399 820 1447 et
832 1394 872 1446 ita
884 1392 994 1448 demum
1005 1397 1085 1446 recte
1102 1389 1197 1446 defen·

240 1473 305 1530 dere
325 1472 505 1545 intellcpitur,
526 1477 551 1529 si
569 1476 609 1529 ita
630 1481 662 1529 ut
683 1492 701 1529 a
720 1481 915 1545 procuratore
936 1476 1015 1548 euripi
1033 1476 1114 1542 solet,
1130 1475 1199 1530 satis

240 1555 361 1624 dederit3
377 1563 498 1612 ceterum
509 1572 545 1613 ne
556 1559 632 1614 actio
643 1559 764 1614 indicati
778 1561 808 1614 in
820 1558 988 1627 condetur,
997 1565 1119 1630 praetor
1131 1573 1198 1614 eum

240 1642 373 1698 adiuuare
388 1638 477 1710 dehet,
499 1641 569 1698 sicut
586 1644 617 1696 in
629 1647 826 1712 procuratore
843 1645 1009 1713 praesentis
1025 1642 1195 1700 custoditur.

149 1711 216 1790 Ἦ
302 1719 374 1783 336.
399 1716 475 1780 ⁵titr.
503 1723 522 1780 t.
553 1723 761 1781 Sententiarum.
796 1717 854 1803 (1.)
876 1725 941 1782 Cum
957 1741 1012 1798 quo
1027 1729 1119 1798 agitur
1139 1739 1196 1781 suo

154 1795 226 1834 ΜΤ·
239 1813 361 1880 nomine,
383 1811 412 1864 si
431 1808 542 1882 quidem
562 1811 592 1864 in
613 1821 683 1878 rem,
703 1824 761 1878 pro
772 1810 884 1880 praede
897 1810 956 1866 titis
970 1817 998 1866 et
1019 1809 1194 1864 uindicimurn

240 1893 403 1950 aduersario
424 1893 568 1948 satisdare
590 1895 711 1965 capitur,
734 1895 780 1949 act
802 1894 958 1950 iudicatum
986 1895 1072 1956 solui·
1093 1893 1195 1966 quodsi

239 1978 268 2034 iu
281 1992 424 2051 personam
440 1977 475 2032 sit
486 1977 565 2044 actio,
578 1975 696 2048 depensi
706 1978 753 2032 uei
762 1977 885 2033 iudicati
900 1985 1058 2034 conuentus
1071 1977 1195 2044 dodico-

240 2057 308 2132 tum)
323 2055 418 2134 dolui)
433 2061 564 2116 satisdat.
595 2059 697 2116 Alieno
712 2065 824 2116 nomine
844 2061 872 2116 in
886 2075 944 2116 rem
958 2076 1009 2133 pro
1024 2060 1122 2132 praede
1137 2059 1196 2115 litis

240 2151 269 2201 et
280 2146 471 2201 uindicierum
485 2146 532 2200 uei
547 2139 724 2216 dedicatum)
741 2140 845 2217 dolui),
858 2147 887 2200 in
900 2157 1056 2216 personam
1069 2139 1194 2219 dodica·
1208 2141 1268 2190 [⁷¹⁹1

241 2228 308 2299 tum)
329 2223 423 2302 sicini)
439 2227 607 2285 satisdator
640 2223 691 2300 (2.)
707 2220 832 2283 Actoris⁰
847 2235 1009 2300 procurator
1029 2243 1087 2284 nan
1102 2229 1195 2284 sotum

240 2313 385 2370 absentem
398 2312 564 2382 defendere,
580 2311 633 2368 sed
651 2317 679 2368 et
693 2325 754 2368 rem
768 2317 864 2368 ratam
879 2311 1017 2367 domiuum
1032 2309 1196 2369 habiturum

239 2397 383 2452 satisdare
398 2397 517 2468 eapitur.

301 2473 369 2535 337.
384 2469 565 2532 'Procurator
579 2485 641 2533 unte
654 2482 729 2551 pesti
741 2483 846 2552 repetii
864 2483 984 2544 nomine,
998 2496 1053 2552 quo
1068 2483 1117 2536 cui
1126 2480 1195 2536 odii·

237 2567 324 2636 patus
345 2567 425 2632 erat,
440 2561 561 2634 occipere
574 2559 703 2618 iudicium
729 2564 797 2618 ticet
817 2565 898 2634 finito
920 2563 1053 2618 mandata
1071 2563 1193 2634 frustra

238 2646 390 2703 detrectat.

313 2801 332 2870 ι)
346 2803 454 2854 Sensum
467 2805 626 2856 restituendo
640 2805 793 2870 sipniflccoi.
815 2805 853 2868 Of.
869 2805 901 2856 L.
916 2816 950 2858 33.
965 2807 988 2868 ξ.
998 2818 1020 2858 3.
1035 2806 1066 2856 Ι).
1077 2807 1107 2856 de
1112 2820 1191 2869 proc.

239 2873 270 2940 (3,
284 2873 316 2940 3).
331 2873 363 2924 L.
378 2886 398 2926 3.
413 2876 436 2936 §-
452 2885 472 2926 3.
492 2873 524 2926 D.
540 2876 609 2939 quod
622 2877 720 2940 cuiusq.
736 2877 804 2925 univ.
819 2873 851 2942 (3,
865 2874 897 2939 ι).
912 2875 944 2926 L.
959 2888 980 2926 t.
995 2878 1018 2938 ξ.
1033 2887 1053 2928 3.
1068 2875 1098 2924 D.
1114 2877 1145 2925 de
1160 2891 1193 2926 re

239 2945 292 2994 iud.
308 2942 400 3010 (33.1).
419 2945 450 2994 L.
467 2957 486 2998 3.
509 2945 541 2994 D.
556 2952 640 2994 ratam
654 2960 707 2994 rem
721 2945 770 3010 (to,
788 2944 819 3012 8).
842 2945 898 2995 Gai.
913 2958 939 3002 4,
954 2957 987 2998 33.
1018 2947 1117 2997 Partim
1135 2947 1193 2995 alia

176 3019 188 3052 t
238 3016 352 3064 restituit
372 3013 483 3078 Rudorl.
505 3015 627 3064 Zeitscltr.
647 3014 695 3065 IV.
715 3031 743 3079 p.
758 3027 792 3068 33.
817 3015 860 3082 (de
879 3015 970 3080 quibus
989 3017 1023 3080 cf.
1038 3015 1193 3066 Betdmonn·

238 3085 364 3150 Helium,
381 3085 517 3148 Ciuitproc.
533 3084 570 3134 II.
586 3100 613 3149 p.
628 3084 688 3151 ιιι.)
702 3093 727 3135 et
740 3087 779 3136 ed.
793 3094 891 3150 perpet.
902 3102 931 3150 p.
946 3097 979 3138 33.
1039 3083 1059 3152 ¹)
1075 3086 1194 3137 Maxime

238 3170 272 3206 eu
296 3158 351 3221 depe
374 3157 534 3217 municipali,
558 3162 586 3204 ut
604 3162 676 3219 puta.
752 3153 772 3222 8)
797 3157 835 3220 Cf.
859 3157 890 3206 L.
912 3168 931 3208 3.
957 3158 980 3219 5.
1000 3169 1020 3208 3.
1038 3159 1082 3207 cit.
1106 3157 1138 3206 L.
1157 3169 1192 3208 33.

239 3226 262 3288 ξ.
278 3239 298 3278 1.
319 3227 352 3276 Ι).
368 3227 399 3275 dc
410 3240 518 3288 procur.
534 3223 565 3290 (3,
580 3223 611 3290 3).
676 3223 698 3292 4)
714 3225 752 3289 Cf.
768 3228 807 3289 ἐξ.
822 3239 869 3280 333.
884 3238 931 3279 331.
1001 3224 1022 3292 ⁶)
1036 3227 1143 3277 Initium
1157 3228 1196 3276 od

237 3311 338 3346 sensum
352 3297 461 3345 restitui.
481 3294 588 3361 (Pontio
602 3297 679 3347 aliter
694 3295 819 3362 Momms.)
843 3297 882 3360 Cf.
894 3296 951 3347 Gai.
961 3309 983 3355 4,
992 3308 1089 3350 33-31.
1100 3309 1147 3350 133.
1157 3307 1193 3349 33.

239 3363 261 3431 ⁶)
275 3367 350 3416 Haec
363 3373 468 3416 exstuat
482 3368 509 3416 in
525 3367 636 3417 maante.
651 3379 672 3430 3,
687 3378 707 3418 t.
760 3365 781 3432 1)
796 3365 902 3418 Sensum
916 3369 1075 3418 restituendo
1090 3369 1193 3418 demon·

237 3439 327 3486 stravi.
350 3436 387 3499 Cf.
403 3439 442 3498 §5-
457 3447 504 3488 333.
519 3448 566 3489 333.
590 3437 621 3486 St
630 3444 761 3500 postrema
771 3439 853 3501 primi
866 3453 956 3488 uersus
970 3440 1058 3489 littera
1072 3445 1138 3501 estp
1154 3437 1194 3502 (ut

236 3505 312 3556 nabet
322 3506 350 3556 V
351 3505 391 3572 tt),
396 3507 564 3570 supplendum
571 3508 682 3558 uidetur:
689 3508 831 3558 Procurator
839 3509 1098 3573 autequomdominum
1107 3515 1194 3558 ratum

183 3685 251 3704 Α
