2672 4112
460 245 496 278 nn
513 243 625 280 moruus
644 243 722 278 nmen
740 245 770 282 rr.
1056 235 1097 294 65

133 375 202 431 ciuis
216 388 233 428 e
248 370 401 445 republica
417 372 527 426 manime
543 370 712 443 tuendaeque
721 371 839 426 ciuitatis
850 371 1046 444 paratissimus.
1074 373 1098 427 is

133 459 220 532 igitur
239 464 378 528 sumptum
394 454 491 509 minuit
505 470 561 510 non
575 453 664 510 solum
679 469 782 526 poena,
803 455 850 510 sed
865 456 945 510 etiarn
960 461 1098 528 tempore3

133 550 196 598 ante
211 541 302 596 luoem
323 539 393 595 enlm
415 539 494 593 iussit
514 537 611 592 eilerri.
641 537 792 610 sepulchris
808 545 899 594 autem
915 539 994 602 nouis
1010 535 1098 594 finiuit

132 625 263 693 modum;
278 640 340 679 nam
356 638 440 695 snper
454 631 541 677 terrae
556 621 690 676 tumulum
705 621 793 677 noluit
809 621 873 694 quid
888 624 970 678 statui
985 623 1036 677 nisi
1052 639 1098 679 oo·

132 708 273 765 lumellam
289 705 377 762 trihus
392 705 489 762 cubitis
508 721 542 761 ne
563 705 686 762 altiorem
707 713 753 761 ant
768 721 885 761 mensam
901 714 947 760 aut
961 703 1097 778 labellum,

134 801 165 848 et
179 792 243 847 huic
256 790 443 864 procurationi
455 797 558 845 certum
574 791 762 863 magistratum
777 789 950 862 praefecerat.

200 874 299 930 xxvii.
327 869 374 929 67.
408 872 478 929 Haeo
497 875 582 946 igitur
602 873 782 928 Athenienses
803 874 853 928 tui.
891 873 937 928 sed
959 873 1097 930 uideamus

132 959 295 1030 Platonem,
316 957 363 1031 qui
379 958 451 1013 iusta
463 956 588 1013 iunerum
604 957 681 1012 reicit
695 957 728 1012 ad
742 958 905 1030 interpretes
919 957 1098 1030 religionum:

133 1058 218 1116 quem
239 1058 290 1097 nos
311 1057 415 1096 morem
435 1049 568 1097 tenemus.
598 1040 631 1096 de
651 1040 802 1114 sepulchris
824 1048 913 1096 autem
935 1039 998 1095 dicit
1018 1042 1097 1098 haee:

134 1134 213 1181 uetat
233 1141 265 1181 ex
287 1141 353 1198 agro
369 1124 443 1180 culto
460 1141 539 1195 eone,
556 1125 601 1198 qui
618 1125 671 1179 ooli
686 1125 790 1196 possit,
815 1123 895 1178 ullam
911 1132 1015 1196 partem
1030 1126 1098 1180 sumi

133 1209 299 1283 sepulchro;
320 1207 368 1263 sed
390 1223 457 1281 quae
477 1215 573 1264 natura
589 1209 648 1281 agri
662 1215 767 1263 tantum
782 1207 863 1262 modo
879 1205 986 1263 silicere
1001 1209 1098 1280 possit,

134 1301 169 1349 ut
192 1301 362 1348 mortuorum
385 1308 499 1365 corpora
521 1293 580 1347 sine
602 1293 764 1346 detrimento
784 1293 911 1347 uiuorum
925 1292 1047 1364 recipiat,
1069 1308 1099 1346 ea

135 1377 312 1450 potissimum
326 1383 356 1430 ut
370 1375 545 1448 conpleatur:
561 1391 629 1448 quae
644 1383 733 1430 autem
750 1384 821 1430 terra
836 1374 930 1448 fruges
944 1375 1014 1431 ferre
1026 1383 1053 1431 et
1068 1383 1099 1432 ut

137 1468 231 1514 mater
244 1458 317 1514 eibos
331 1457 504 1532 suppeditare
519 1461 616 1532 possit,
631 1475 689 1514 eam
704 1475 738 1514 ne
754 1461 814 1532 quis
829 1457 906 1514 nohis
917 1461 1099 1516 minuatnene

135 1545 223 1598 uiuos
237 1558 307 1598 neue
320 1550 453 1599 mortuos.
483 1537 532 1600 68.
554 1542 642 1598 extrui
657 1550 746 1598 autem
759 1550 835 1599 uetat
850 1542 1004 1616 seplohrum
1019 1543 1098 1600 altius

133 1643 219 1702 quam
232 1626 305 1700 quod
320 1628 455 1699 (quinque
465 1622 600 1699 homines)
613 1628 732 1700 quinque
746 1626 840 1682 diebus
855 1626 1033 1697 absoluerint,
1049 1644 1100 1683 neo

134 1726 151 1766 e
167 1710 256 1783 lapide
268 1711 378 1765 excitari
390 1709 452 1784 plus
463 1726 514 1766 uec
525 1710 618 1783 inponi
630 1727 710 1784 quam
723 1711 797 1784 quod
808 1711 894 1784 capiat
910 1709 1015 1766 laudem
1027 1727 1099 1767 mor·

133 1795 187 1866 tui,
203 1795 316 1850 incisam
333 1809 367 1849 ne
383 1793 446 1868 plus
465 1801 594 1867 quattuor
611 1794 703 1849 herois
716 1793 849 1865 uersibus,
861 1810 930 1867 quos
942 1794 1043 1866 longos
1054 1811 1100 1867 ap-

131 1877 220 1953 pellat
240 1876 353 1934 Ennius.
383 1877 512 1932 hahemus
533 1879 617 1950 igitur
637 1877 719 1934 huius
739 1892 849 1951 quoque
864 1879 1051 1933 auctoritatem
1067 1877 1100 1932 de

134 1961 289 2035 sepulchris
305 1963 403 2017 summi
418 1963 477 2031 uiri,
495 1979 510 2018 a
525 1978 580 2034 quo
591 1963 656 2016 item
668 1961 793 2017 lunerum
805 1968 930 2033 sumptus
941 1959 1100 2032 praefinitur
1180 2003 1184 2012 .

136 2061 171 2101 en
191 2044 318 2103 censibus
340 2047 448 2100 aminis
465 2047 584 2119 quinque
600 2043 735 2118 usquead
751 2045 860 2100 minam.
889 2042 1016 2116 deinceps
1037 2043 1101 2100 dicit

135 2129 231 2185 eadem
246 2129 293 2184 illa
308 2128 342 2185 de
357 2129 557 2185 immortalitate
577 2130 727 2184 animorum
748 2127 893 2201 etreliqua
907 2135 1100 2200 postmortem

135 2213 338 2286 tranquillitate
352 2211 497 2284 honorum,
512 2214 608 2287 poenis
623 2213 777 2286 impiorum.

200 2292 251 2354 69.
274 2294 384 2352 ilabetis
405 2298 491 2370 igitur
513 2297 671 2371 explicatum
696 2311 812 2368 omnem,
835 2302 867 2351 ut
889 2293 1014 2366 arbitror,
1037 2295 1100 2351 reli·

136 2381 251 2454 pienum
268 2381 370 2438 locum.

206 2464 237 2532 Q.
258 2464 315 2520 Nos
329 2480 407 2536 uero,
423 2464 518 2537 irater,
534 2473 561 2520 et
576 2465 687 2538 copiose
702 2463 825 2537 quidem;
841 2463 886 2518 sed
899 2479 985 2536 perge
999 2470 1098 2518 cetera.

206 2547 246 2604 M.
266 2547 380 2621 Pergam
396 2547 536 2621 equidem,
556 2555 584 2604 et
599 2549 724 2621 quoniam
739 2546 844 2602 libitum
860 2555 903 2601 est
918 2546 995 2602 nohis
1011 2563 1053 2602 me
1068 2547 1101 2602 ad

136 2632 208 2688 haec
220 2631 364 2704 inpellere,
384 2632 517 2688 hodierno
533 2647 659 2687 sermone
674 2629 825 2700 conficiam,
844 2646 934 2704 spero.
957 2630 1010 2686 hoc
1023 2645 1101 2703 prae·

132 2716 234 2772 sertim
249 2715 308 2771 die:
330 2714 411 2771 uideo
426 2717 497 2770 enim
511 2715 650 2771 Platonem
665 2714 736 2771 idem
751 2714 848 2770 iecisse
863 2729 1025 2787 omnemque
1041 2730 1101 2770 ora·

131 2802 243 2856 tionem
265 2801 324 2854 eius
346 2798 380 2854 de
401 2798 508 2873 legibus
530 2806 684 2874 peroratam
705 2815 764 2854 esse
786 2813 840 2854 uno
861 2799 965 2853 aestiuo
980 2798 1033 2854 die.
1063 2799 1102 2853 sio

130 2885 222 2956 igitur
237 2882 332 2939 faciam
348 2889 375 2938 et
390 2882 475 2939 dicam
490 2882 523 2939 de
538 2881 754 2956 magistratibus3
774 2881 801 2937 id
823 2883 894 2937 enim
909 2889 951 2936 est
964 2882 1101 2955 prolecto,
1203 2946 1211 2966 ι

132 2966 215 3040 quod
230 2968 380 3022 constituta
395 2966 528 3040 religione
543 2983 601 3023 rem
616 2966 748 3040 publicam
764 2967 900 3022 contiueat
915 2967 1036 3021 manime.

201 3051 236 3107 A.
261 3050 303 3106 'lu
318 3066 383 3107 uero
399 3050 442 3107 dic
456 3059 484 3106 et
498 3051 577 3106 istam
591 3051 722 3106 rationem
738 3066 816 3123 quam
837 3050 951 3123 coepisti
965 3056 1039 3105 tene.

477 3210 586 3265 LIBER
604 3209 770 3266 TERTIVS.

201 3307 224 3363 1.
246 3303 271 3364 1.
288 3305 329 3363 M.
355 3305 458 3380 Sequar
473 3306 567 3378 igitur,
589 3312 620 3360 ut
643 3305 758 3376 institui,
774 3303 894 3360 diuinum
909 3272 985 3360 illum
1001 3303 1101 3370 uirum,

132 3407 219 3466 quem
243 3390 359 3464 quadam
381 3389 557 3446 admiratione
579 3396 731 3445 commotus
754 3390 860 3462 saepius
882 3388 999 3443 fortasse
1020 3384 1101 3439 laudo

132 3491 217 3549 quam
234 3490 347 3530 neeesse
362 3483 413 3530 est.

202 3559 238 3614 A.
263 3557 402 3614 Platonem
418 3557 546 3614 uidelicet
560 3556 637 3614 dicis.

191 3671 299 3702 aversas.
312 3672 392 3701 ancer.
408 3671 462 3700 nnn.
476 3671 515 3702 no.
539 3671 562 3700 v.
856 3653 872 3702 6
