2680 4112
462 291 490 326 Η.
509 289 637 325 VALEBIVS
656 288 762 326 rubere.

468 483 500 521 rr.
524 482 652 523 vnnunu
664 481 766 524 raoni

360 583 398 638 de
420 585 509 638 iuris
532 579 685 656 (ciuilis)
708 587 867 639 notarum

293 699 594 773 (sipnificotione
617 695 936 772 commentarius).¹

196 815 223 874 1.
253 815 301 871 list
324 815 404 871 etiam
426 819 496 872 circa
510 815 714 890 perscribendas
737 818 781 873 uel
803 817 974 891 paucioribus
996 817 1094 874 litteris

132 899 267 957 notandas
285 915 366 956 uoces
381 899 500 956 studium
515 903 706 957 necessarium.
730 899 807 968 Quod
823 903 918 974 partim
932 917 982 974 pro
998 901 1094 957 uolun-

134 992 190 1040 iate
205 985 340 1057 cuiusque
355 981 395 1055 fit,
411 985 507 1057 partim
522 1001 572 1057 pro
588 1001 639 1040 usu
654 984 762 1058 publico
778 992 804 1040 et
820 983 1007 1040 obseruatione
1022 1002 1095 1041 com·

132 1070 219 1124 muni.
255 1067 375 1140 Namque
390 1067 460 1140 apud
476 1076 583 1124 ueteres
604 1085 664 1124 cum
680 1085 746 1124 ustas
761 1075 884 1124 notarum
905 1067 997 1122 nullus
1012 1077 1094 1140 esset,

132 1153 261 1225 'propter
281 1145 487 1224 perscribendi²
508 1145 721 1208 'difficultateni
749 1153 861 1208 maxime
882 1153 910 1208 io
932 1159 1028 1207 senatu
1050 1153 1095 1224 qui

83 1234 280 1291 inarseribendo
296 1234 418 1307 aderant,
434 1242 464 1290 ut
479 1229 636 1292 ’celeriter4
651 1235 721 1292 dicta
732 1234 1002 1308 comprehenderent,
1015 1251 1095 1308 quae·

134 1319 196 1374 dam
213 1318 295 1374 uerba
309 1327 389 1391 atque
405 1319 511 1374 uomina
531 1335 563 1374 eu
579 1321 713 1375 communi
734 1335 868 1375 consensu
888 1319 981 1392 primis
996 1319 1094 1374 litteris

135 1401 271 1458 notabant
291 1411 317 1458 et
338 1401 462 1476 singulae
483 1401 590 1458 litterae
613 1403 676 1476 quid
698 1401 895 1476 significarent,
917 1403 945 1458 in
967 1411 1095 1477 promptu

138 1492 210 1540 erat.
233 1479 334 1550 'Quadi
347 1486 375 1540 in
390 1485 617 1558 praenominibus,
632 1485 746 1559 publicis
766 1484 978 1560 pontificumque
1000 1503 1095 1542 monu-

136 1569 238 1623 mentis
254 1576 281 1624 et
294 1572 321 1624 in
336 1563 472 1642 ’legibus⁶
493 1563 661 1643 'iurisipne)⁷
682 1569 768 1626 ciuilis
783 1569 858 1625 libris
873 1571 1026 1627 etiamnunc
1040 1586 1094 1625 rua·

133 1660 193 1708 net.
230 1651 270 1706 lo
291 1669 357 1725 quas
376 1653 530 1709 notationes
553 1654 672 1727 publicas
693 1646 834 1710 ’accessit⁸
854 1654 892 1709 ’et
910 1654 1094 1710 studiosorum

133 1735 276 1806 uoluntas,
297 1743 327 1791 ut
349 1738 536 1810 unusquisque
557 1737 700 1794 familiares
720 1737 771 1793 sibi
787 1743 866 1793 notas
889 1753 939 1810 pro
953 1737 1094 1793 uoluntate

132 1821 273 1892 signarei3
295 1836 361 1893 quas
382 1814 634 1894 comprehendere9
656 1819 788 1876 inlinitum
809 1828 859 1876 est.
888 1819 1009 1892 publicae
1031 1837 1094 1875 sane

131 1900 280 1974 tenendae,
296 1896 408 1976 ’quae¹⁰
421 1906 449 1960 in
464 1906 643 1960 monumentis
659 1903 774 1976 publicis
789 1910 817 1959 et
831 1903 1005 1958 historiarum
1020 1903 1094 1958 libris

131 1985 405 2061 sacrisquc‘publicis
420 1989 604 2062 reperiuntur,
620 1981 694 2043 'ut¹⁰

199 2067 228 2127 2.
277 2071 307 2128 P.
361 2097 364 2104 v
465 2071 575 2128 Publius

277 2155 307 2212 L.
465 2153 561 2212 Lucius

277 2237 306 2295 C.
466 2239 544 2294 tinius

180 2315 191 2326 ”
277 2321 311 2378 Μ.
464 2322 567 2378 Marcus

210 2483 231 2551 ¹)
246 2487 370 2550 Haesere
380 2487 453 2536 modo
463 2486 630 2550 supplendam
642 2501 699 2535 esre
709 2485 911 2550 inscriptionem,
922 2501 996 2550 qnam
1007 2485 1097 2549 optimi

135 2557 201 2607 libri
216 2572 271 2606 nass.
282 2557 417 2620 praebent,
427 2559 509 2606 euasit
519 2557 581 2605 milti
593 2556 654 2606 Geli.
667 2567 700 2616 17,
714 2567 735 2608 9.
750 2556 794 2606 nbi
807 2557 919 2606 eiusdem
936 2555 1017 2606 Probi
1031 2559 1096 2606 cita·

134 2636 182 2678 tur
196 2628 391 2678 commentarius
406 2624 447 2676 ‘de
462 2627 554 2676 occulta
569 2627 699 2676 litterarum
718 2627 889 2689 significatione
904 2627 928 2674 in
943 2627 1096 2690 epistularum

134 2698 161 2748 C.
173 2698 284 2747 Caesaris
294 2695 434 2762 scriptura’.
449 2697 484 2746 Ei
492 2699 558 2746 enim
568 2699 680 2747 cicinum
688 2697 756 2746 bunc
766 2704 880 2747 nostrum
890 2699 1097 2746 commentarium

130 2770 226 2833 fnisse,
237 2771 313 2818 etium
318 2767 454 2832 probabile
460 2769 492 2830 pii
505 2783 540 2817 eac
550 2769 719 2831 inscriptione
733 2766 882 2832 quibusdam
892 2768 970 2816 medii
979 2769 1037 2816 aeni
1051 2783 1096 2816 no·

133 2847 221 2889 tarum
232 2838 425 2888 collectionibus
435 2855 451 2887 α
462 2837 548 2888 Probo
554 2837 725 2901 pendentibus
730 2839 868 2901 praefixa:
883 2834 963 2886 ‘notae
975 2838 1027 2886 lulii
1038 2836 1097 2885 Cac-

134 2907 221 2971 saris',
231 2910 264 2958 de
274 2907 365 2973 quibus
375 2909 409 2972 cf.
421 2909 542 2958 Momsen.
554 2913 604 2958 not.
616 2910 706 2957 latere.
718 2923 746 2972 p.
757 2917 804 2959 alt.
835 2904 856 2973 ²)
866 2914 963 2971 propter
976 2907 1097 2956 scribendi

136 2980 201 3030 odd.
217 2987 242 3028 et
256 2981 311 3036 ed.;
323 2981 411 3043 vitione
424 2993 459 3028 eoe
469 2980 616 3042 compendio
627 2993 658 3042 pp
669 2979 806 3041 Psc1·ibendi
816 2985 902 3027 natum
912 2985 957 3026 est.
986 2974 1006 3043 ⁸)
1021 2978 1096 3027 iacul-

134 3059 209 3099 tatem
227 3049 290 3098 Cdd,
307 3057 332 3099 et
345 3050 401 3106 eei.,·
414 3050 461 3098 sed
474 3050 498 3098 di
511 3050 692 3114 pertinendum
706 3057 771 3098 erat.
808 3045 829 3113 ⁴)
845 3047 925 3111 Refer
940 3049 975 3098 ad
987 3063 1097 3113 eompre-

134 3121 276 3181 henderent,
291 3135 341 3170 non
356 3119 476 3169 addicta.
513 3120 648 3169 Celeritnie
660 3119 733 3182 facto
747 3121 968 3169 senatusconsulto
983 3134 1055 3182 opus,
1071 3125 1098 3167 nt

134 3205 196 3240 neon
210 3191 315 3239 adalia
329 3192 466 3240 venirinel
480 3190 580 3240 discedi
589 3197 684 3253 poscet.
715 3187 736 3254 ⁶)
752 3189 863 3246 Quodne
882 3189 943 3238 cdd.
963 3190 1099 3239 Fortasse:

134 3261 180 3318 oui
195 3275 256 3309 mos.
294 3257 315 3324 8)
332 3260 393 3310 Gdd.
409 3267 433 3310 ei
447 3261 485 3310 ed.
506 3259 599 3309 babent
617 3261 800 3322 transpositum
817 3267 875 3323 poci
891 3261 1097 3324 praenominibus;

135 3332 187 3380 eid.
200 3331 316 3395 praefat.
348 3327 368 3396 7)
384 3338 408 3379 ei
421 3331 445 3379 in
460 3331 518 3380 ioris
534 3330 654 3394 &infide
664 3331 745 3394 dipni.
761 3331 866 3394 iurisque
877 3331 968 3380 amisso
983 3335 1059 3378 antea
1074 3337 1098 3377 et

135 3403 159 3450 in
178 3401 212 3450 X.
229 3399 262 3450 A.
300 3398 322 3468 ⁸)
343 3401 435 3450 accedit
451 3401 511 3450 edd.
527 3408 552 3450 et
565 3401 605 3450 ed.
643 3397 665 3467 ⁹)
680 3401 754 3450 Hace
768 3399 939 3464 praecinenti
954 3399 1015 3447 Odd.
1030 3401 1097 3448 seri·

132 3479 238 3535 pteram
252 3472 385 3521 accedam.
403 3472 474 3520 etiam
488 3472 648 3520 studiosorum
663 3471 784 3532 voluutas3
800 3478 835 3520 set
849 3469 1011 3532 unusquisque
1027 3469 1097 3516 iami-

136 3542 206 3591 liarcs
221 3542 268 3590 sibi
282 3549 350 3591 notas
365 3557 408 3606 pro
424 3542 544 3590 uoluntate
555 3556 619 3606 quac
628 3543 740 3606 eipnarit
751 3538 996 3604 comprehenderced.
1008 3537 1097 3589 Monte.

138 3615 229 3662 altera.
271 3609 304 3677 ¹⁰)
319 3611 364 3661 Ean
380 3613 441 3662 ond.
454 3615 480 3660 in
492 3612 618 3662 Momseni
631 3613 671 3661 ed.
687 3614 771 3661 altera
785 3611 885 3660 addidi.
