2672 4112
252 201 318 254 XVI
624 201 839 256 PRAEFATIO.

309 367 370 432 AD
394 367 609 444 QVARTAM
631 367 880 434 EDITIONEM
903 368 1159 438 PRAEFATIO.

317 467 409 544 Quod
430 491 488 554 par
509 469 593 534 hanc
614 473 798 554 provectam
821 473 960 535 aetatem
982 472 1052 537 fore
1067 495 1133 538 non
1149 495 1218 558 spe·

252 573 412 637 ranetam,
436 553 497 618 Dei
515 554 716 639 benignitate
737 554 937 638 factumest,
962 559 997 620 ut
1013 558 1110 621 etiam
1126 580 1218 643 quar·

252 644 321 703 tum
343 637 418 702 huic
442 660 455 702 s
478 639 583 724 llogae
606 637 745 703 edendae
769 660 841 704 curn
864 640 1019 704 vitatum
1042 642 1125 707 vires
1144 665 1218 728 sup·

253 727 408 808 peterent.
487 743 521 787 cc
543 723 612 787 sine
637 745 732 788 causa
752 723 865 788 tertiae
888 723 1038 789 editionis
1064 727 1099 790 in
1121 727 1216 792 titulo

253 807 448 890 adscriptum
465 808 605 892 elogium
622 813 733 873 auctae
749 811 782 872 et
793 809 979 873 emendatae
995 811 1092 874 etiarn
1107 811 1141 875 in
1157 811 1217 877 hac

253 893 366 976 quarta
388 891 525 956 retinere
548 892 645 957 licuit.
683 913 865 976 quanquam
893 893 926 956 id
948 893 1026 978 iarn,
1047 897 1217 980 perpaucis

253 981 284 1041 et
299 977 475 1040 subitaneis
490 979 617 1043 tantum
633 978 667 1039 in
684 977 798 1040 ceteris
813 977 959 1060 partibus
975 980 1127 1062 exceptis,
1149 981 1216 1044 fere

253 1061 357 1126 solum
381 1065 419 1125 ad
440 1060 513 1124 Gaii
534 1060 761 1124 Institutiones
784 1065 909 1144 spectat
931 1083 1016 1126 nunc
1039 1063 1079 1126 ad
1102 1063 1216 1128 Stude·

253 1146 365 1210 mundi
388 1144 609 1229 apographum
627 1149 763 1222 exactas,
788 1147 910 1230 quade
933 1168 967 1210 rc
990 1145 1029 1210 ad
1053 1168 1105 1212 eas
1128 1169 1217 1232 sepa·

252 1231 347 1294 ratim
369 1229 567 1312 praemonui.
605 1227 735 1293 Mallem
751 1251 837 1309 sane,
862 1230 959 1294 etiam
982 1234 1086 1294 cetera
1101 1235 1137 1294 ut
1159 1254 1216 1296 no·

253 1315 300 1378 vis
329 1313 411 1378 curis
439 1313 601 1397 perpetuis
630 1313 781 1378 adhibitis
811 1313 971 1378 limatiora
993 1315 1161 1398 prodirent
1183 1319 1216 1380 et

253 1399 299 1462 ita
322 1399 457 1480 posteris
479 1399 693 1462 traderentua
730 1398 791 1462 Sed
807 1419 860 1462 eas
883 1419 955 1462 cum
978 1400 1217 1464 senescentibus

252 1483 372 1546 viribus
400 1481 584 1566 impendere
605 1503 672 1546 non
695 1483 868 1564 potuerim,
898 1482 1014 1546 solatio
1037 1487 1101 1564 cst,
1131 1483 1216 1566 quod

252 1569 297 1631 sic
327 1567 377 1631 uti
410 1567 514 1631 adhuc
548 1588 628 1650 quae
661 1566 719 1630 edo
752 1565 951 1630 infructuosa
980 1587 1043 1630 non
1073 1567 1214 1650 fuerunt,

253 1651 362 1716 eadem
385 1651 481 1715 etiam
504 1651 537 1713 in
560 1655 722 1734 posterum
740 1650 881 1734 aliquam
902 1649 1075 1715 utilitatem
1097 1651 1216 1716 habere

252 1757 346 1820 posse
368 1736 531 1818 videntur,
554 1741 653 1799 donec
675 1735 860 1800 melioribus
884 1735 1007 1800 cedant.

319 1835 385 1901 Sor.
402 1835 614 1902 Vratislaviae
629 1858 738 1902 mense
755 1835 886 1902 Octobri
902 1841 1170 1898 muoccuxxvru.

316 2027 379 2092 AD
402 2025 605 2103 QVINTAM
627 1999 878 2093 EDITIONEM
901 2022 1158 2091 PRAEFATIO.

316 2127 436 2192 Evenit
449 2127 510 2191 Dei
526 2129 641 2210 gratia,
665 2129 748 2208 quod
765 2147 929 2205 nunquam
950 2145 1152 2204 speraveram
1175 2125 1215 2203 et,

253 2217 290 2275 ut
312 2213 383 2294 ipsa
398 2232 448 2273 res
470 2210 595 2288 elamat,
619 2210 719 2271 multo
742 2207 846 2269 minus
870 2205 965 2268 etiam
989 2225 1084 2287 quarn
1106 2205 1140 2266 in
1164 2225 1216 2267 cu·

252 2296 353 2359 randa
381 2296 494 2375 quarta
522 2292 674 2370 editione,
702 2290 771 2354 fore
800 2288 977 2372 exspectari
1011 2291 1151 2371 poterat,
1180 2291 1217 2352 ut

253 2379 332 2445 adeo
356 2378 486 2460 quintae
509 2375 603 2440 huius
625 2374 769 2458 syllogae
791 2373 887 2437 editio
911 2395 929 2436 a
951 2395 1002 2436 me
1025 2371 1216 2436 desiderare·

254 2469 307 2528 tur
330 2461 422 2544 eique
445 2481 532 2524 nunc
554 2459 764 2544 praefandum
787 2459 838 2522 sit.

318 2545 405 2621 Quae
435 2565 506 2608 cum
535 2547 661 2608 retento
691 2543 797 2627 elogio
828 2543 939 2606 auctae
971 2543 1003 2603 et
1030 2539 1217 2604 emendatae

254 2630 371 2716 prodit,
387 2629 448 2693 hoc
463 2629 546 2712 quod
562 2628 602 2692 ad
619 2631 740 2696 ceteras
756 2625 882 2711 quidem
897 2627 1004 2708 partes
1016 2621 1216 2687 collectionis

257 2716 385 2796 attinet,
409 2735 518 2777 rursus
540 2715 632 2776 utin
654 2715 767 2795 quarta
790 2709 930 2774 editione
951 2707 1154 2792 potissimum
1177 2707 1218 2770 ad

255 2801 326 2864 Gaii
338 2791 1216 2880 institutionesnunc‘SupplemcntisStudemundianis'

255 2888 364 2949 auctas
393 2881 506 2947 referri
534 2883 646 2964 velim,
677 2881 715 2944 de
742 2901 804 2964 qua
825 2899 859 2942 re
887 2878 921 2942 in
944 2876 1142 2961 praefatione
1164 2897 1217 2960 pe-

255 2968 366 3033 culiari
389 2967 569 3032 accuratius
592 2965 735 3030 disserui.
825 2991 828 2997 ·

318 3053 452 3116 Interim
479 3055 588 3116 tamen
616 3050 711 3115 etiam
740 3070 843 3114 novae
877 3047 1032 3132 quaedam
1065 3044 1218 3128 reliquiae

254 3137 521 3220 iurisprudentiae
549 3133 824 3200 anteiustinianae·
847 3133 882 3196 in
910 3131 1014 3197 lucem
1040 3131 1218 3213 protractae

256 3224 348 3304 sunt,
376 3243 456 3306 quae
485 3221 660 3306 permodici
681 3241 741 3284 nec
768 3239 871 3302 paene
894 3219 1059 3302 separatae
1083 3213 1219 3276 editioni

255 3307 288 3370 in
311 3311 475 3390 posterum
499 3305 688 3370 sufficientis
711 3305 849 3368 ambitus
871 3302 911 3366 ob
933 3301 966 3365 id
988 3301 1094 3383 ipsum
1117 3296 1217 3360 multo

256 3392 362 3474 aptius
395 3391 575 3456 collectioni
602 3391 788 3455 inseruntur
816 3391 849 3452 et
876 3389 922 3451 ita
954 3387 1038 3449 hanc
1073 3381 1219 3464 syllogen

255 3480 398 3541 nostram
421 3476 524 3540 denuo
548 3475 702 3540 edendam
724 3494 783 3558 pro
807 3471 941 3538 consilio
957 3473 989 3533 et
1004 3465 1127 3530 ratione
1150 3462 1218 3526 eius

256 3561 347 3644 quasi
369 3561 559 3627 naturaliter
582 3563 747 3626 auxerunt.
