2680 4118
497 193 532 228 nn
550 191 709 230 vsvnsvcrr.
828 229 830 232 .
1017 171 1080 240 735

190 319 242 382 60.
273 317 360 379 ¹1tem.
399 321 459 378 Dies
482 329 571 378 sutem
594 321 777 394 ususfructus,
800 317 894 380 'item²
917 339 998 388 usus,
1022 342 1081 382 non

123 411 209 480 prius
224 409 312 477 cedet,
330 424 416 480 quam
432 408 510 462 adita
526 407 691 462 hereditate.
735 415 762 462 et
777 405 865 463 Labeo
882 408 987 481 quidem
1004 416 1080 480 pute·

126 492 180 562 bat,
201 493 281 548 etiem
297 493 328 546 ab
345 493 454 562 apertis
470 489 574 546 tabuiis
589 491 706 560 cedere,
730 493 816 548 sicuti
830 498 992 550 ceterorum
1006 491 1080 565 lega·

126 585 227 632 torum.
270 574 318 630 sed
333 583 376 630 est
392 575 482 630 uerior
496 573 597 630 iuliani
611 575 728 632 diuersa
744 578 901 630 sententia:
922 582 990 632 tunc
1006 579 1081 632 enim

24 721 33 736 ,
127 659 311 717 constituitur
325 657 507 726 ususfructus,
523 674 584 714 curn
599 659 659 730 quis
675 659 727 713 iem
743 657 802 714 frui
814 663 918 728 potest.
1000 729 1002 734 Ι

190 737 235 800 st,
259 736 348 802 ³itcm.
385 742 477 797 Amitti
492 750 581 798 cirtem
597 741 797 798 usumfructum
809 745 912 812 capitis
926 743 1081 800 minutione

127 832 323 889 constamnes
339 827 429 882 salum
444 824 657 895 usumfructum,
672 825 719 880 sed
731 827 810 882 etiam
822 826 955 882 actionem
967 825 1000 880 de
1017 841 1079 881 usu·

127 909 239 980 fructu,
262 911 341 967 uetiti
361 913 387 965 si
399 913 480 966 isera
500 911 640 980 stipulatu
660 909 800 966 debeatur
820 909 864 965 uel
879 926 928 982 per
943 907 1079 966 fideicom-

126 996 238 1050 missum
253 985 429 1067 legatumue⁴
446 1007 504 1064 per
524 995 734 1049 damnationem
750 993 834 1049 datus
854 996 897 1054 sit.
934 994 973 1051 Et
989 997 1081 1065 parui

126 1079 220 1147 refert,
241 1085 332 1134 utrum
347 1078 407 1132 iure
422 1077 458 1131 sit
472 1078 640 1134 constitutus
654 1076 852 1148 ususfructus,
876 1095 915 1133 an
933 1092 1004 1134 uero
1026 1081 1079 1134 tui·

126 1166 201 1219 tione
220 1164 383 1233 praetoris:
408 1162 531 1230 proinde
552 1153 650 1216 ’licet⁵
674 1161 701 1216 in
724 1160 807 1216 fundo
829 1161 1010 1234 stipendiario
1032 1163 1079 1218 nel

127 1247 290 1314 tributaria,
312 1247 378 1299 item
399 1247 429 1299 in
449 1242 544 1314 funda
566 1245 701 1317 uectiqati
722 1247 767 1300 siet
791 1247 945 1316 superficie
967 1262 1024 1302 non
1043 1248 1078 1301 sit

128 1327 384 1396 iure'constitutus,
407 1327 500 1398 cepitis
522 1327 671 1384 minutione
694 1332 846 1397 amittiinr3
869 1345 936 1385 nam
951 1345 991 1386 en
1008 1343 1077 1401 per·

127 1427 199 1468 sona
217 1411 381 1482 fructuarii
400 1413 503 1480 capitis
518 1411 632 1466 minutio
647 1413 780 1485 extinguit
795 1412 1014 1484 usumfructum.

190 1488 236 1550 62.
260 1485 351 1549 item.6
386 1491 438 1548 Sed
454 1495 491 1549 ita
506 1493 611 1550 demnrn
627 1497 763 1552 emittitur
777 1500 881 1567 capitis
895 1499 1080 1554 diminutione

126 1578 325 1650 ususfructus,
342 1580 368 1633 si
380 1580 437 1634 iam
453 1581 622 1634 constitutus
637 1585 695 1635 est:
718 1587 840 1634 ceterum
856 1581 878 1634 si
893 1589 955 1636 ante
970 1583 1078 1637 aditam

126 1661 303 1718 hereditatem
316 1669 362 1717 aut
373 1669 435 1718 ante
451 1661 522 1718 diem
539 1664 683 1718 cedentem
699 1666 763 1734 quis
779 1666 874 1732 capite
888 1667 1013 1719 mirentus
1025 1671 1080 1732 est,

127 1752 240 1802 constat
259 1761 315 1802 non
332 1747 432 1809 amitti,
454 1755 480 1800 et
497 1747 531 1800 ita
547 1745 662 1803 lulianus
678 1744 722 1804 lib.
736 1745 827 1800 XXX
835 1745 864 1800 V.
887 1745 951 1817 Dia.
967 1747 1077 1802 scribit.

126 1829 159 1886 Si
177 1834 265 1903 icitur
283 1845 339 1900 per
358 1829 577 1884 uindicationern
599 1827 650 1882 fuit
665 1843 697 1882 ex
712 1827 755 1882 die
775 1826 897 1900 legatus,
920 1834 1074 1900 antequam

126 1915 186 1968 dies
200 1916 323 1980 uenerit,
339 1929 395 1966 non
410 1918 493 1966 nocet
509 1913 613 1981 capitis
628 1910 778 1965 diminutio.
802 1909 881 1966 hodie
896 1911 967 1966 enirn
982 1913 1076 1984 incipit

128 1997 167 2050 ad
179 1997 352 2066 leuatarium
362 1996 521 2064 pertinere.

53 2075 116 2126 [64⁰]
191 2072 240 2134 63.
265 2069 360 2131 ⁷ltem.
390 2075 480 2148 Usque
495 2074 563 2130 adeo
579 2085 667 2130 autem
683 2075 778 2148 cepitis
794 2075 938 2133 diminutio
955 2091 1018 2134 eum
1032 2071 1079 2133 de·

127 2178 201 2219 mum
215 2153 429 2232 usumfructum
437 2161 563 2230 perimit,
586 2161 631 2231 qui
646 2161 697 2214 iarn
713 2161 877 2216 constitutus
895 2168 947 2229 est,
968 2169 997 2216 ut
1013 2162 1036 2216 si
1050 2162 1078 2218 in

126 2247 252 2318 sinautas
268 2257 360 2300 annos
374 2244 421 2298 nel
435 2257 547 2298 menses
561 2245 607 2298 net
622 2243 683 2299 dies
701 2245 814 2317 leuatus
828 2247 878 2314 sit,
902 2235 906 2322 f
921 2247 946 2300 is
961 2241 1181 2312 demum[rs]os.c

127 2331 285 2396 amittatur,
307 2329 357 2399 qui
369 2329 426 2382 iam
440 2331 590 2398 processit.
1096 2317 1171 2382 biw-

190 2405 239 2468 64.
261 2403 357 2467 ⁸Item.
395 2409 476 2466 Sicut
490 2413 520 2465 in
535 2426 627 2466 annos
641 2413 767 2484 sinyulos
782 2411 970 2484 ususfructus
984 2415 1080 2486 leuari

124 2502 228 2567 potest,
244 2497 285 2550 ita
301 2509 351 2550 nec
363 2495 457 2567 capitis
470 2492 646 2550 diminutione
659 2496 777 2552 amissus
790 2497 884 2568 leuari
896 2495 1077 2568 prohibetur,

127 2585 158 2635 ut
173 2580 332 2636 adiciatur.-
346 2592 555 2642 averruncare
568 2593 678 2636 curare
689 2594 828 2638 uruvuvs
843 2596 932 2651 cern,
956 2580 1000 2636 uel
1022 2582 1075 2637 sic:

128 2676 281 2726 evomens
297 2675 427 2718 Amissus
438 2675 516 2716 anre
528 2675 742 2726 Verennianus,
760 2678 794 2720 ur
807 2678 847 2720 oo
861 2678 951 2720 taca:
967 2671 994 2720 et
1009 2671 1078 2720 tunc

126 2749 153 2802 si
166 2748 271 2819 capitis
285 2747 434 2802 minutione
449 2748 600 2816 emittatur,
622 2747 753 2819 repetitus
771 2739 936 2818 uidebitur,⁹
960 2751 1034 2806 sicut
1048 2751 1077 2804 in

199 2894 219 2961 ¹)
235 2897 336 2946 Partim
350 2903 423 2946 eactat
436 2899 463 2946 in
477 2896 509 2945 L.
520 2908 539 2946 1.
555 2897 598 2946 cit.
609 2897 631 2956 ξ.
643 2907 663 2946 s.
689 2895 779 2946 Cetera
792 2897 828 2946 od
841 2912 985 2947 mensuram
998 2900 1078 2962 spatii

125 2969 241 3029 supplevi
255 2966 347 3032 (paulo
361 2969 438 3016 aliter
452 2967 546 3016 Hottu.
561 2965 738 3030 ctMomnzs.)..
780 2962 800 3031 ²)
815 2966 875 3032 Diq.
891 2975 916 3016 at
934 2968 992 3018 Vnt.
1008 2969 1079 3018 abest

126 3051 143 3084 a
161 3036 189 3084 V
189 3035 208 3083 ⁶.
260 3033 282 3100 8)
296 3036 344 3086 Est
358 3036 389 3085 L.
405 3050 471 3100 lpr.
490 3036 521 3084 Ι).
538 3036 604 3100 quib.
619 3037 682 3086 mad.
699 3037 796 3095 ususfr.
812 3053 859 3086 am.
875 3036 907 3104 (r,
920 3036 952 3102 a).
981 3037 1023 3086 Ibi
1036 3053 1077 3088 re·

126 3107 184 3155 cisa
195 3107 318 3168 supplevi,
333 3107 457 3169 qrcaedam
470 3106 502 3155 ab
516 3108 577 3155 aliis
587 3113 722 3156 mutuatus.
774 3103 795 3171 ⁴)
810 3107 862 3169 lego
878 3144 883 3156 .
901 3143 907 3156 .
923 3143 929 3156 .
950 3107 1008 3158 Vat.
1019 3109 1076 3157 edd.

127 3173 148 3241 ⁵)
162 3175 258 3226 scilicet
272 3189 306 3224 coa
319 3175 418 3225 Bucfrb.
433 3179 465 3238 cf.
481 3177 520 3224 ed.
535 3177 627 3226 Hofiw.
649 3174 719 3226 ‘item
737 3175 850 3240 quilibet'
867 3175 930 3241 (pro
947 3175 1077 3241 ‘scilicet’)

126 3249 158 3309 cf.
182 3244 232 3295 Ad.
247 3243 460 3294 Sanmiatiaira.
476 3246 500 3294 d.
514 3261 577 3310 gem.
593 3246 687 3296 Rechts
700 3246 752 3298 III.
763 3262 791 3309 p.
802 3257 848 3298 265.
872 3246 905 3294 In
919 3247 1077 3296 restituendo

126 3316 158 3366 ab
175 3315 327 3366 emblematis
349 3315 501 3365 fbibouiani
519 3316 699 3366 discedendum
718 3323 782 3366 erat.
838 3312 859 3380 ⁶)
878 3314 926 3364 Est
945 3315 975 3363 L.
991 3327 1011 3365 1.
1033 3317 1076 3364 cit.

7 3401 9 3442 t
126 3387 149 3446 §-
164 3400 183 3437 1.
212 3385 281 3446 Quae
296 3385 333 3436 ibi
346 3386 536 3444 desiderantur,
549 3387 824 3450 partimHoitweuium
837 3391 940 3434 secutus
952 3386 1076 3447 suppleri.

94 3465 97 3472 ·
128 3451 211 3519 ⁷)Est
225 3457 256 3504 L.
272 3469 292 3507 ι.
308 3458 351 3506 cit.
366 3458 389 3518 ξ.
405 3468 425 3508 s.
500 3453 520 3520 ⁸)
535 3456 584 3505 Est
597 3457 628 3505 L.
643 3467 710 3518 spr.
725 3456 757 3504 D.
773 3455 827 3504 eod.
893 3451 914 3520 ⁹)
933 3453 1078 3518 Quue'pro·

125 3526 195 3574 asine
212 3533 366 3590 sequuntur,
385 3528 495 3576 restitui.
523 3525 588 3576 Inde
606 3541 622 3575 a
640 3525 724 3575 uerbis
742 3525 800 3574 inte
820 3524 908 3574 editum
922 3525 1079 3580 hereditatem
