2672 4112
232 225 271 282 22
570 235 597 272 u.
616 233 726 269 uvnmvs
745 232 845 268 c1cnno.

229 362 289 430 lari,
313 361 416 417 Attico:
439 375 520 433 quem
541 375 597 415 nou
619 374 782 428 recusarem,
806 359 829 413 si
844 359 909 414 mibi
924 358 1010 414 ullum
1025 359 1193 418 tribueretur

230 461 344 501 uacuum
360 453 467 517 tempus
483 450 510 498 et
525 441 655 516 liberum3
672 458 761 515 neque
776 443 846 498 euim
861 452 992 516 occupata
1003 460 1086 516 opera
1101 461 1192 519 neque

228 527 349 602 inpedito
365 529 453 584 animo
468 542 512 582 res
531 534 604 582 tanta
618 525 719 599 suscipi
734 532 839 598 potest:
855 533 1004 600 utrumque
1017 544 1086 600 opus
1099 536 1151 599 est,
1163 539 1192 585 et

229 628 292 668 cura
308 627 404 668 uacare
418 619 446 666 et
461 611 581 682 negotio.

292 693 321 753 9.
342 697 375 750 Α.
400 693 487 761 Quid?
508 693 540 748 ad
562 701 663 764 cetera,
684 709 754 766 quae
776 693 908 766 scripsisti
928 693 1006 767 plura
1022 710 1103 767 quam
1118 697 1190 768 quis·

229 795 309 852 quam
331 795 345 834 e
367 779 479 849 nostris,
502 777 575 850 quod
598 775 646 834 tibi
669 776 776 832 tandem
798 783 904 851 tempus
926 793 1041 834 uacuum
1057 777 1108 834 luit
1124 795 1190 836 oon·

229 863 353 918 eessum‘l

292 946 332 1023 M.
356 942 493 1002 subsiciva
509 943 640 1018 quaedam
656 951 779 1016 tempora
789 945 942 1015 incurrunt,
958 961 1026 1018 quae
1037 963 1090 1020 ego
1102 948 1191 1018 perire

228 1046 283 1085 uon
299 1030 402 1102 patior,
418 1036 460 1102 ut,
475 1032 499 1084 si
514 1030 560 1100 qui
575 1027 632 1084 dies
647 1027 679 1082 ad
694 1027 879 1083 rusticandum
894 1027 948 1084 dati
965 1030 1029 1093 sint,
1046 1029 1078 1085 ad
1094 1045 1190 1086 eorum

228 1129 370 1168 numerum
391 1111 631 1168 adcommodeutur
653 1126 721 1184 quae
742 1109 899 1166 scribimus:
921 1111 1036 1167 historia
1057 1128 1124 1168 uero
1139 1129 1191 1169 nec

228 1197 332 1252 institui
346 1203 439 1270 potest
454 1197 506 1251 uisi
520 1201 678 1269 praeparato
694 1197 750 1250 otio
765 1210 816 1250 nec
828 1195 926 1268 exiguo
939 1203 1060 1269 tempore
1070 1195 1189 1266 absolui3

228 1290 255 1336 et
269 1297 322 1353 ego
338 1281 418 1334 animi
433 1279 551 1352 pendere
565 1277 652 1348 soleo,
669 1295 731 1334 cum
745 1277 828 1333 semel
843 1278 908 1350 quid
924 1296 1002 1335 orsus
1014 1296 1085 1350 sum,
1100 1281 1123 1334 si
1136 1289 1189 1336 tra-

228 1363 313 1419 ducor
327 1363 391 1434 alio,
408 1378 497 1436 neque
517 1371 571 1418 tam
588 1361 664 1418 lacile
683 1361 834 1434 interrupta
849 1371 965 1418 contexo
981 1380 1060 1436 quum
1075 1362 1188 1419 absoluo

227 1448 359 1502 instituta.
481 1445 484 1449 '

289 1525 334 1587 10.
356 1530 391 1585 Α.
413 1527 590 1602 Legationem
604 1528 721 1600 aliquam
735 1529 860 1584 nimirum
875 1529 936 1585 'ista
952 1525 1052 1586 oratio¹
1067 1531 1190 1604 postulat

227 1621 274 1668 aut
288 1614 346 1668 eius
361 1612 434 1668 modi
449 1613 600 1686 quampiam
615 1613 793 1668 cessationem
808 1610 918 1668 liberam
933 1620 1015 1685 atque
1031 1616 1154 1670 otiosam.

291 1696 331 1752 M.
354 1695 412 1769 Ego
440 1712 507 1752 uero
530 1695 624 1751 aetatis
646 1697 738 1768 potius
761 1697 894 1750 uacationi
916 1695 1099 1768 confidebam,
1127 1715 1189 1755 cum

226 1781 384 1853 praesertim
405 1795 461 1836 non
482 1795 645 1850 recusarem,
668 1795 723 1852 quo
746 1780 835 1834 miuus
855 1796 930 1835 more
945 1782 1033 1852 patrio
1048 1781 1144 1836 sedens
1160 1783 1189 1837 iu

227 1863 297 1920 solio
324 1861 529 1920 consulentibus
563 1862 755 1936 responderem
781 1865 982 1937 senectutisque
1010 1881 1066 1920 non
1093 1867 1188 1920 inertis

227 1955 304 2020 grato
325 1955 407 2020 atquc
431 1947 547 2004 honesto
568 1947 698 2018 fungerer
717 1961 836 2004 munere.
866 1949 905 2002 sic
925 1947 995 2003 enim
1016 1949 1080 2004 mibi
1095 1948 1189 2004 liceret

226 2039 254 2086 et
268 2031 314 2086 isti
329 2033 384 2098 rei,
405 2047 484 2104 quam
499 2028 645 2102 desideras,
665 2038 693 2086 et
712 2030 803 2086 multis
825 2028 993 2086 uberioribus
1009 2040 1090 2104 atque
1105 2034 1189 2088 maio·
1279 2027 1285 2042 ’

225 2111 300 2170 ribus
316 2131 413 2188 operae
429 2123 558 2188 quantum
574 2115 672 2170 uellem
686 2113 758 2168 dare.

288 2198 329 2252 lV.
352 2195 392 2255 11.
412 2199 447 2254 Α.
470 2199 553 2270 Atqui
573 2213 686 2266 uereor,
709 2211 743 2251 ne
764 2199 841 2253 istam
864 2213 969 2254 causam
991 2215 1070 2254 nemo
1093 2209 1190 2256 noscat

225 2280 328 2353 tibique
348 2296 455 2352 semper
475 2279 616 2335 dicendum
636 2281 681 2350 sit,
701 2287 729 2335 et
749 2296 781 2335 co
802 2282 897 2354 magis,
920 2280 992 2354 quod
1013 2289 1041 2336 te
1055 2283 1113 2356 ipse
1128 2299 1188 2338 mu·

224 2365 287 2420 testi
308 2371 336 2418 et
357 2361 429 2418 aliud
451 2361 556 2418 dicendi
576 2363 717 2418 instituisti
738 2379 835 2436 genus,
858 2373 898 2436 ut,
921 2381 1002 2438 quem
1023 2365 1056 2421 ad
1078 2366 1188 2424 modum

224 2447 349 2516 Roscius,
372 2445 507 2501 familiaris
531 2454 602 2516 tuus,
624 2447 652 2501 in
674 2455 814 2503 senectute
828 2463 957 2504 numeros
972 2451 999 2505 iu
1014 2457 1095 2505 cautu
1110 2449 1186 2507 'leni-

225 2523 316 2586 uerat²
337 2531 464 2603 ipsasque
488 2528 617 2585 tardiores
640 2529 740 2586 lecerat
761 2531 849 2608 tibias,
872 2533 911 2588 sic
931 2539 962 2588 tu
976 2549 990 2588 a
1005 2535 1186 2590 contentioni·
1210 2577 1214 2584 .

225 2613 284 2684 bus,
302 2612 401 2686 quibus
416 2614 527 2668 summis
542 2615 582 2668 uti
596 2613 712 2684 solebas,
727 2615 838 2670 cottidie
849 2615 953 2671 relaxes
965 2615 1075 2690 aliquid,
1091 2619 1186 2674 utiam

225 2699 312 2753 oratio
329 2705 374 2752 tua
389 2712 444 2752 uon
463 2696 578 2752 multum
599 2714 614 2752 a
632 2697 856 2771 pbilosophorum
876 2699 986 2756 lenitate
1007 2699 1089 2756 absit:
1113 2701 1186 2774 quud
1247 2721 1257 2731 .

224 2782 360 2837 sustinere
380 2796 462 2853 quom
482 2779 527 2836 uel
545 2797 648 2836 summa
669 2789 794 2838 senectus
820 2799 901 2856 posse
924 2783 1061 2856 uideatur,
1085 2784 1186 2841 nullam

224 2863 273 2919 tibi
289 2881 303 2918 a
318 2865 406 2919 causis
422 2865 586 2920 uacationem
601 2864 680 2920 uideo
696 2865 763 2922 dari.

287 2942 332 3004 12.
361 2948 394 3016 Q.
423 2949 459 3002 At
485 2963 527 3003 me
555 2948 665 3004 hercule
687 2965 740 3022 ego
762 2949 908 3006 arbitrabar
929 2967 1012 3024 posse
1032 2951 1060 3007 id
1081 2952 1184 3026 populo

223 3039 320 3087 nostro
336 3029 456 3105 probari,
476 3033 500 3087 si
514 3038 541 3086 te
556 3030 589 3086 ad
603 3033 645 3087 ius
659 3033 879 3106 respondendum
900 3033 1034 3091 dedisses:
1056 3051 1134 3108 quam
1150 3034 1185 3092 ob

223 3130 291 3184 rem,
307 3131 389 3188 quom
406 3113 533 3190 placebit,
549 3116 739 3188 experiendum
754 3117 802 3174 tibi
817 3133 915 3174 censeo
930 3117 967 3174 id.

287 3199 327 3254 M.
351 3197 379 3254 Si
402 3197 520 3272 quidem,
544 3197 654 3272 Quinte,
676 3200 782 3256 nullum
802 3210 876 3257 esset
890 3202 918 3256 in
933 3201 1098 3276 experiundo
1114 3205 1184 3276 peri-

223 3281 328 3338 culum:
351 3281 399 3338 sed
416 3297 513 3338 uereor
527 3299 571 3354 ne,
595 3283 658 3339 dum
680 3286 801 3340 minuere
823 3285 901 3341 uelim
917 3285 1045 3357 laborem,
1070 3301 1182 3360 augeam

222 3375 304 3440 atque
319 3365 351 3422 ad
366 3365 439 3422 illam
458 3382 599 3423 causarum
614 3383 738 3442 operam,
759 3367 792 3424 ad
808 3385 887 3441 quam
901 3385 955 3442 ego
970 3385 1117 3444 numquam
1132 3371 1184 3426 nisi

222 3491 424 3500 -,---

295 3545 314 3611 1)
329 3547 371 3595 Ao
381 3545 493 3596 historiae
505 3547 582 3596 ratio?
608 3543 629 3611 ²)
642 3545 763 3595 cecinerat
771 3546 822 3596 AB
829 3551 962 3598 remissius
971 3550 1092 3600 cecinerat
1101 3551 1140 3600 ed.
1152 3550 1181 3598 V.
