2696 4120
421 234 483 271 asu
501 237 603 272 retentu.
623 217 672 271 III.
692 223 801 273 'id-'ib
1029 219 1092 284 303

51 385 54 392 ’
125 375 1092 451 mmmmmm,fflffldfflmmmmmmmmmmm-

125 469 255 536 peratore
271 463 313 517 ius
327 460 470 529 Qniritium
490 469 655 519 consecutus
671 461 768 518 inerit:
783 458 877 518 'item¹
893 464 916 519 si
926 461 1037 518 Latinus
1052 464 1093 518 in·

125 545 1092 620 mmmmmmmmmmfflfflmmffimmmwm

126 625 1090 704 mmmmuwmwfflmnmffimssmmmmwmmfflm

125 713 1093 785 ummNJwQoefflwmmfflmemmffim

124 797 1092 873 mmmffimmmmummmmmmfflmemd

124 883 204 941 liberi
219 885 279 940 eius
294 883 410 940 heredes
426 900 489 942 esse
503 892 633 959 possunt;
651 891 678 940 et
693 886 720 940 in
736 885 789 941 hoc
799 893 903 940 tantum
915 883 996 941 habet
1008 892 1092 942 testa·

124 970 210 1024 menti
233 968 392 1039 factionem,
415 977 447 1024 nt
468 976 612 1042 patronum
642 969 769 1025 heredem
797 971 922 1025 instituat
944 971 1039 1042 eique,
1068 971 1092 1024 si

124 1053 206 1109 heres
229 1069 289 1108 esse
312 1051 446 1116 noluerit,
470 1053 550 1108 alium
573 1052 740 1108 substituere
767 1055 862 1126 possit.
906 1049 953 1110 78.
975 1052 1008 1109 Et
1031 1054 1091 1126 quia

124 1139 175 1194 hac
190 1137 388 1194 constitutione
408 1136 552 1193 uidebatur
566 1137 708 1210 effectum,
731 1145 761 1192 ut
776 1131 952 1210 'numquam³
974 1139 1019 1192 isti
1041 1137 1107 1192 bo·-

123 1223 211 1278 mines
234 1229 370 1295 tamquam
393 1223 466 1279 ciues
488 1221 601 1277 Romani
622 1229 811 1294 morerentur,
832 1223 954 1294 quamuis
978 1238 1011 1278 eo
1033 1223 1092 1277 iura

123 1315 223 1381 postea
240 1308 281 1362 nsi
296 1313 397 1377 essent,
415 1323 470 1380 quo
486 1306 531 1362 uel
547 1323 579 1362 eu
594 1307 655 1380 lege
670 1307 753 1363 Aelio
766 1305 857 1362 Sentia
872 1307 916 1362 uel
933 1323 965 1362 ex
980 1313 1091 1362 senatus

11 1333 13 1466 l
55 1402 110 1456 lass]
124 1390 255 1447 consulto
271 1391 344 1446 ciues
360 1391 472 1447 Romani
488 1399 589 1456 essent,
613 1391 693 1446 diuus
709 1391 869 1456 Hadrianus,
891 1392 1036 1465 iniquitate
1050 1391 1091 1446 rei

11 1469 13 1530 5
123 1483 229 1544 motus,
246 1483 339 1530 auctor
354 1474 405 1531 init
420 1481 531 1531 senatus
547 1475 666 1531 consulti
679 1475 811 1548 faciundi,
835 1483 865 1531 ut
885 1475 930 1548 qni
946 1477 1091 1549 ignorante

11 1553 13 1610 i
124 1558 172 1614 uei
187 1566 329 1614 recusante
345 1553 482 1634 patrono⁴
497 1559 529 1615 ab
550 1561 712 1634 imperatore
733 1561 774 1616 ius
790 1559 932 1628 Quiritium
952 1559 1092 1616 consecuti

11 1613 13 1710 Ι
124 1651 228 1714 essent,
250 1645 273 1699 si
288 1659 321 1699 eo
344 1645 403 1700 iure
418 1653 514 1718 postea
529 1645 572 1700 usi
587 1653 689 1714 essent,
713 1661 768 1720 quo
785 1661 816 1701 es
831 1644 893 1718 lege
909 1644 983 1699 Aelia
998 1643 1091 1698 Sentis

11 1717 13 1812 p
123 1727 1092 1802 mmmmmmmfflhmmmmmmmmfflmm

123 1820 372 1886 consequerentur,
384 1813 498 1887 proinde
510 1814 561 1886 ipsi
572 1813 748 1886 haberentur,
762 1830 792 1870 ac
802 1814 826 1869 si
838 1815 900 1884 lege
910 1812 985 1868 Aelia
999 1811 1092 1867 Sentis

124 1897 172 1953 uel
187 1906 298 1953 senatus
314 1898 440 1954 consulto
456 1897 488 1952 ad
505 1899 641 1954 ciuitatem
657 1896 803 1953 Romanam
819 1898 1017 1971 peruenissent.
1036 1889 1039 1972 i

190 1976 238 2040 ⁷4.
260 1980 358 2037 Eorum
375 1989 474 2051 antem,
497 1998 566 2055 quos
581 1981 624 2038 lex
640 1981 714 2037 Aelia
730 1981 822 2037 sentia
838 1979 1026 2036 dediticiorum
1043 1995 1091 2034 nu·
1105 1980 1161 2030 147·

123 2081 203 2123 mero
220 2065 294 2136 iacit,
309 2066 382 2144 bona
397 2065 478 2122 modo
495 2067 570 2140 qnasi
586 2069 690 2124 ciuium
705 2067 902 2123 Romanorum
917 2063 1091 2134 libertorum,

123 2150 207 2207 modo
222 2151 298 2224 quasi
311 2150 469 2208 Latinorum
480 2151 513 2207 ad
528 2161 659 2225 patronos
676 2151 822 2224 pertinent.
852 2145 899 2206 75.
915 2147 981 2206 Nam
997 2165 1091 2204 eornm

123 2233 205 2306 bona,
223 2236 280 2308 qni,
299 2237 322 2291 si
337 2238 365 2291 in
381 2235 471 2309 aliquo
487 2237 555 2292 uitio
571 2252 626 2292 non
641 2241 744 2306 esseut,
767 2235 923 2291 manumissi
942 2235 1017 2290 ciues
1037 2234 1091 2289 Ro·

123 2320 198 2376 mani
218 2319 304 2375 iuturi
325 2326 428 2390 essent,
450 2321 526 2394 quasi
542 2322 641 2376 ciuium
656 2320 840 2376 Romanorum
862 2319 982 2393 patronis
998 2317 1091 2374 eadem

123 2404 187 2478 lege
203 2403 374 2460 tribuuntur:
391 2420 446 2459 uon
465 2413 553 2460 tamen
570 2406 600 2461 bi
614 2403 714 2461 habent
730 2407 809 2462 etiam
825 2404 979 2461 testamenti
994 2402 1090 2459 sactio-

123 2502 202 2543 nem:
219 2505 279 2544 tram
295 2488 322 2544 id
337 2488 475 2562 plerisque
490 2489 602 2563 placuit,
618 2505 669 2546 nec
683 2490 820 2546 inmerito.
857 2505 918 2544 nam
933 2486 1091 2544 incredibile

125 2571 280 2645 uidebatur,
296 2574 433 2646 pessimae
448 2573 616 2630 condicionis
632 2573 785 2631 hominibus
802 2574 922 2631 uoluisse
937 2573 1007 2647 legis
1023 2573 1091 2628 lato·

200 2703 219 2772 ²)
235 2721 289 2755 nana
308 2713 428 2772 sequente
447 2715 473 2756 ut
489 2708 514 2757 O.
530 2709 587 2758 edd.
603 2707 651 2774 Bp.
667 2716 691 2759 et
709 2708 783 2759 Stnd.
803 2724 857 2758 nam
876 2709 907 2757 ita
928 2708 1034 2758 Lucbna.
1049 2708 1089 2756 ed.

124 2777 191 2838 item,
207 2783 233 2825 nt
246 2778 304 2826 edd.
319 2793 389 2827 aneae
404 2791 423 2829 1.
439 2791 459 2830 a.
475 2790 495 2829 s.
511 2787 536 2828 et
548 2778 597 2844 Bp.
613 2792 633 2830 o.
654 2783 713 2830 item
732 2780 820 2831 Polen.
855 2780 952 2828 Vitium
965 2795 1000 2829 eoo
1018 2779 1091 2842 feisa

124 2850 327 2911 transpositione
342 2856 437 2907 notam,
453 2851 484 2898 de
499 2865 550 2915 qua
564 2851 615 2902 uid.
625 2866 677 2916 seq.
688 2859 781 2902 notam.
847 2847 956 2916 ²)Huec
970 2849 1048 2899 uerbo
1063 2851 1090 2898 in

127 2918 167 2977 0.,
181 2920 284 2969 scilicet
301 2935 336 2968 eae
350 2922 480 2986 murpine,
500 2921 543 2970 abi
556 2924 675 2986 suppleta
689 2929 777 2982 erant,
797 2923 824 2970 in
841 2921 910 2971 bunc
929 2925 1011 2971 locum
1025 2922 1091 2970 mole

124 2992 294 3054 transposito,
314 2993 436 3056 lepontur
454 2999 513 3041 onte
532 2992 610 3042 uerbo
630 2993 650 3041 si
664 2994 762 3042 Latinus
780 2992 863 3042 inuito.
896 2994 989 3042 iustam
1008 2994 1091 3042 locam

119 3061 253 3124 produnt,
272 3077 338 3126 quoe
351 3077 403 3126 seq.
419 3065 443 3124 ξ.
458 3064 489 3112 de
503 3064 596 3126 effecta
611 3063 688 3114 baias
703 3065 894 3115 constitutionis
907 3063 943 3113 od
957 3069 1091 3127 utramque

125 3146 213 3181 cosam
223 3134 382 3196 pertinentis
396 3134 527 3193 dicantur,
543 3151 589 3184 nec
603 3143 680 3184 sonat
694 3138 776 3186 locam
785 3135 832 3185 sed
840 3136 951 3198 amplius
965 3135 1092 3198 depravat

127 3198 227 3270 [quibas
241 3201 349 3271 casibus]
370 3205 408 3253 ed.
429 3204 502 3254 stud.
518 3221 552 3254 ea
571 3205 685 3256 Momms.
701 3209 734 3270 ej.
809 3202 830 3271 ⁸)
845 3221 875 3254 ne
889 3220 991 3269 unquam
1009 3205 1034 3254 0.
1050 3205 1089 3253 ed.

125 3271 176 3324 Kr.
191 3285 212 3325 a.
277 3270 300 3340 ⁴)
317 3274 374 3324 Nou
390 3291 453 3338 opus
468 3283 505 3326 est
514 3283 611 3340 putore
624 3278 768 3328 eccidisse:
782 3277 820 3326 uel
835 3277 901 3326 saluo
917 3277 968 3324 iura
983 3275 1090 3338 patroni;

126 3359 185 3393 noan
198 3345 247 3395 boc
258 3361 321 3395 casu
336 3347 403 3396 idem
418 3349 512 3406 ualere,
528 3349 596 3411 quod
605 3350 696 3398 utteris
706 3348 805 3399 duobos
820 3347 905 3413 (inuito
916 3346 954 3394 nel
964 3351 1091 3394 recusante

125 3413 250 3481 patrono),
265 3432 300 3466 eac
315 3419 496 3468 constitutione
514 3417 624 3468 iboioni
638 3423 707 3471 altro
720 3419 881 3486 sequebatur.

196 3524 220 3584 ξ.
236 3525 277 3574 ts.
300 3523 338 3586 Cf.
361 3535 386 3588 1,
401 3535 427 3576 aa
441 3539 491 3589 seq.
511 3537 604 3590 seseq.
624 3539 716 3592 seseq.
780 3522 806 3595 ξ.
826 3528 867 3578 nt.
889 3523 927 3586 Cf.
948 3533 1088 3586 1,1aseq.

126 3586 152 3660 §-
168 3595 210 3644 75.
232 3593 270 3654 Of.
285 3607 306 3656 1,
321 3605 354 3646 aa.
370 3606 403 3647 ao.
428 3595 483 3659 top.
498 3607 532 3660 oo,
548 3608 580 3650 aa.
596 3607 629 3648 15.
