2678 4116
484 276 546 314 asu
565 278 668 315 ussum.
686 262 707 316 1.
725 269 766 318 35.
1051 269 1110 334 181

141 418 244 488 stituit,
268 427 299 473 nt
320 419 343 472 si
357 418 479 475 latinus
500 421 528 474 in
551 419 618 477 urbe
641 425 760 479 triennio
783 425 928 498 pistrinum
950 431 1112 502 exercuerit,

140 504 220 573 quod
245 497 294 559 in¹
319 502 375 558 dies
402 504 524 576 singulos
546 521 603 560 non
625 508 714 562 miuus
743 524 822 582 quem
851 519 982 567 centenos
1005 515 1113 571 modios

140 587 272 643 frumenti
301 581 459 660 ρὶιιεεῑει,2
488 588 520 643 ad
543 589 588 646 ius
610 589 755 657 Quiritium
777 599 938 667 perueniret
960 588 965 675 Ι
984 588 1149 644 3—-9-

138 689 183 727 vv.
198 665 412 750 1⁸·3··“··b
428 668 474 730 35.
488 715 495 729 .
510 667 539 730 .⁴
554 676 671 731 maiores
686 677 798 750 triginta
813 695 943 735 annorum
956 685 1113 739 manumissi
1141 719 1143 724 ,

140 764 169 811 et
183 753 274 816 Lutmi
289 757 354 814 iacti
370 773 403 813 eo
417 760 499 814 modo
514 762 646 830 poslsunt
660 762 702 815 ius
718 759 863 827 Quiritium
879 768 1021 838 consequi,
1037 771 1114 840 quod

139 849 173 898 ut
187 845 270 898 serui
289 843 414 916 trilgimn
435 859 567 898 annorum
584 847 813 903 manumittantur
833 852 910 906 iusta
926 865 963 905 ac
984 854 1111 926 lepitima

138 929 364 984 manumissione
380 929 416 983 ab
438 943 481 998 eo,
505 932 643 986 cuiusce
664 933 729 988 iare
744 933 897 1002 Quiritium
911 937 977 990 sint.
1012 940 1111 1010 itaque

138 1013 265 1070 Latinus
280 1015 285 1078 Ι
301 1011 485 1068 manumissus
510 1013 628 1069 uindicta
652 1024 699 1072 aut
721 1033 804 1074 oensu
827 1026 873 1073 aut
894 1025 1059 1078 testamento
1084 1031 1111 1078 et

139 1099 212 1160 ciuis
223 1104 361 1158 Romanus
378 1100 382 1164 Ι
400 1105 427 1152 et
441 1101 504 1154 cius
518 1097 631 1154 libertus
648 1097 689 1171 ut,
705 1103 751 1174 qui
767 1118 828 1158 eum
845 1099 1015 1159 ilamensi
1045 1123 1112 1178 crgo

215 1243 236 1312 ¹)
258 1243 297 1296 ‘in
312 1259 361 1309 quo
376 1241 415 1294 in’
433 1247 466 1304 ci.
480 1243 555 1294 Stud.
569 1245 617 1294 scd
634 1246 717 1308 ipsum
726 1249 870 1310 pistrinum
883 1255 922 1297 est
937 1253 1113 1300 centenarium

139 1319 200 1386 (Fr.
216 1317 245 1368 V
241 1325 275 1367 at.
287 1316 338 1379 uss)
353 1323 377 1365 et
387 1316 422 1378 cs.
433 1323 510 1364 antea
525 1331 600 1380 eaque
611 1317 680 1364 nauis
691 1354 696 1365 .
708 1354 714 1366 .
726 1355 731 1365 .
742 1319 882 1381 pontenarii.
923 1315 943 1383 ²)
957 1317 1032 1379 Quod
1040 1329 1109 1372 anter

139 1391 213 1440 cedit
223 1389 248 1438 b.
258 1405 279 1437 u.
291 1390 392 1452 sipnum
400 1387 486 1450 fuitne
496 1402 511 1450 p
522 1389 614 1436 omisso
625 1402 638 1435 r
648 1386 693 1454 (=
703 1389 784 1451 populi
795 1390 861 1438 ilom.
873 1391 908 1454 cf.
921 1389 965 1440 Fr.
982 1391 1040 1441 Vat.
1051 1391 1111 1458 2³8.)

141 1477 180 1510 an
197 1473 288 1508 errore
298 1459 427 1522 positum?
454 1457 543 1520 Suppl.
559 1456 596 1506 St.
616 1459 655 1507 cd.
676 1459 725 1508 Kr.
741 1471 760 1510 a.
777 1477 804 1524 p.
824 1461 904 1511 XXI.
919 1470 1024 1512 secutus
1042 1480 1112 1514 nunc

142 1532 228 1580 omisi.
285 1524 305 1592 ³)
322 1529 385 1578 Tres
395 1530 496 1592 primos
510 1529 587 1602 buius
597 1545 660 1594 pap.
675 1547 697 1579 a.
709 1545 755 1580 nec
768 1530 843 1583 Stud.
854 1535 939 1598 lepore
950 1537 1036 1597 potuit
1055 1536 1111 1601 (cn-

139 1609 219 1666 cepta
237 1616 267 1650 o:
288 1599 442 1666 (eon?)seqai
461 1601 489 1648 in
508 1615 530 1650 a.
550 1611 571 1650 s.
590 1601 653 1650 med.
669 1603 697 1650 in
710 1601 820 1666 Suppl.).
857 1603 927 1664 Quae
947 1621 1007 1656 cero
1021 1622 1056 1656 cn
1071 1622 1111 1656 se-

137 1672 278 1738 quentibus
292 1689 314 1720 u.
325 1685 355 1722 a.
366 1709 372 1720 .
384 1709 390 1720 .
402 1683 428 1722 18
437 1673 539 1734 passim
548 1673 699 1736 expiscatus
708 1681 753 1734 est,
759 1682 892 1737 postremo
902 1679 978 1725 etiam
988 1680 1111 1728 continuo

137 1746 212 1810 lepit,
222 1743 346 1807 probant,
361 1743 426 1792 baec
440 1745 534 1802 omnia,
549 1749 577 1791 ut
591 1745 667 1791 etiam
681 1743 820 1810 Kriiperus
835 1743 916 1811 (Krit.
931 1745 1013 1798 Bcitr.
1021 1765 1049 1812 p.
1060 1747 1111 1815 114)

137 1817 251 1870 iudicat,
260 1815 296 1863 ad
303 1811 465 1864 iterationem
471 1815 640 1877 pertinuisse,
649 1815 716 1863 unde
724 1831 793 1865 nunc
801 1819 932 1866 conlisere
940 1819 1009 1875 licet,
1020 1818 1112 1868 Gaium

138 1889 166 1935 in
177 1903 201 1936 a.
213 1899 225 1936 1
237 1923 243 1934 .
256 1923 261 1934 .
274 1923 279 1934 .
291 1897 304 1936 ³
315 1886 375 1948 sere
385 1885 494 1943 dixisse,
508 1884 631 1933 Latinam
641 1887 722 1934 solum
732 1889 808 1935 ctiam
823 1895 863 1935 ter
879 1889 983 1936 caiacum
993 1903 1027 1936 esc
1036 1888 1111 1945 sato,

137 1973 239 2008 omnem
253 1957 377 2005 Latinum
391 1955 514 2018 beneficio
525 1957 676 2018 principali
690 1958 731 2005 ius
749 1955 794 2016 Qu.
806 1958 921 2020 consequi
928 1973 1014 2020 posse,
1031 1975 1047 2008 a
1062 1975 1112 2024 quo

138 2029 178 2078 ad
188 2029 358 2084 iterationem,
370 2043 420 2091 qua
431 2029 486 2090 ipse
491 2034 622 2090 patronus
632 2026 680 2076 boc
688 2026 837 2090 beneficium
846 2028 946 2086 tribuit,
953 2029 1045 2091 facilis
1054 2037 1113 2080 erat

138 2101 279 2161 transitus,
293 2101 363 2148 uelut
376 2098 417 2146 bis
430 2097 516 2147 uerbis
530 2099 606 2146 initio
621 2099 643 2158 ἓ.
656 2109 695 2148 ss:
713 2095 765 2146 ‘Ab
779 2099 836 2162 ipso
847 2095 984 2162 patrono'.
1023 2098 1045 2166 ⁴)
1061 2099 1112 2150 Rc-

136 2172 242 2220 stitutio
261 2169 339 2218 buius
362 2170 410 2230 θλ,
434 2171 509 2218 cuius
527 2168 619 2232 ubique
638 2169 719 2232 spatii
737 2177 762 2218 et
780 2171 927 2219 litterarum
946 2167 992 2218 V't
1008 2173 1112 2222 ratione

136 2241 278 2291 babitain
297 2241 337 2289 ed.
357 2252 377 2290 4.
394 2241 542 2302 periculum
557 2239 687 2302 feceram,
710 2243 815 2290 mullum
836 2240 1003 2304 discrepabat
1021 2242 1053 2292 ab
1072 2259 1111 2302 ca,

138 2329 217 2378 quam
235 2311 376 2376 Kriiperus
395 2313 410 2359 l.
427 2327 449 2360 c.
469 2312 641 2375 excapitavit,
661 2313 758 2362 utalia
777 2319 883 2370 taceam,
902 2313 954 2361 iam
968 2329 997 2364 eo
1017 2316 1111 2378 impro-

138 2383 260 2440 babilem,
278 2382 348 2446 quod
366 2389 459 2432 contra
478 2383 604 2430 rationem
624 2383 692 2430 iuris
710 2390 734 2432 ct
753 2381 858 2448 Ulpiani
872 2386 1053 2434 auctoritatem
1067 2401 1112 2435 no·
1151 2414 1153 2418 -

138 2471 198 2504 uum
213 2469 247 2502 ac
261 2451 354 2502 mirum
368 2455 409 2502 ius
424 2455 489 2518 lepis
503 2451 595 2502 Aeliae
609 2451 714 2503 Sentias
729 2455 839 2512 inducit,
858 2462 883 2504 et
902 2457 977 2505 cirea
987 2457 1065 2518 finem
1079 2456 1112 2506 ab

138 2527 190 2576 boc
204 2527 262 2574 loco
272 2527 354 2588 plane
368 2525 456 2574 aliena
465 2520 497 2574 de
507 2530 667 2587 patronatus
677 2526 734 2574 iure
747 2525 812 2575 Gaio
822 2525 944 2576 obtrudit.
971 2525 1025 2577 Sed
1033 2544 1111 2587 nunc,

138 2596 186 2646 abi
198 2594 290 2660 Suppl.
305 2593 345 2646 St.
355 2611 384 2658 p.
404 2594 480 2644 XXI
489 2596 598 2646 meliora
612 2595 748 2656 dederunt,
767 2598 861 2660 etipse
876 2599 903 2645 in
918 2600 1004 2647 multis
1018 2599 1050 2648 ab
1065 2601 1112 2648 illa

139 2667 279 2717 discedere
297 2681 390 2730 copor,
414 2673 439 2715 et
456 2667 567 2716 maaime
586 2666 687 2730 quidem
705 2668 757 2716 iam
775 2669 803 2716 in
822 2683 865 2726 eo,
886 2667 956 2732 quod
973 2671 1008 2731 §.i
1027 2671 1112 2728 initio,

137 2740 264 2802 deceptas
275 2738 358 2802 falsa,
377 2739 416 2786 uti
433 2753 502 2787 nunc
516 2743 634 2800 apparet,
650 2739 744 2800 priore
762 2737 831 2788 Sidi
847 2741 956 2790 lectione
976 2739 1055 2804 (uelut
1073 2739 1113 2788 bis

139 2805 306 2858 ‘Latinorum'
319 2823 372 2870 pro
388 2805 538 2866 ‘annorum’,
554 2805 702 2857 ‘consilium’
715 2825 767 2872 pro
784 2805 921 2874 ‘consequi’
936 2809 1003 2877 cta),
1021 2811 1112 2860 Gaium

137 2883 218 2931 etiam
237 2881 365 2929 minorum
382 2879 472 2928 XXX
485 2895 546 2929 ann.
565 2881 778 2930 manumissorum
792 2883 919 2931 rationem
932 2881 1053 2932 babuisse
1063 2897 1111 2945 po·

136 2967 260 3002 sueram:
274 2951 344 3015 quod
353 2951 454 3000 omnino
465 2949 590 3000 credibile
601 2951 709 3014 quidem,
726 2950 772 3016 (cf.
785 2951 829 3000 Fr.
840 2952 940 3002 Dositb.
952 2965 985 3004 14.
996 2961 1021 3002 et
1029 2969 1112 3016 supra

137 3026 162 3086 5.
175 3033 202 3072 ss
216 3024 245 3070 in
259 3022 341 3084 nata),
355 3022 402 3071 sed
415 3038 450 3070 an
466 3022 567 3086 factum
581 3023 622 3079 sit,
642 3039 712 3072 nunc
730 3024 840 3072 maxime
859 3025 917 3074 coll.
937 3022 992 3088 Ulp.
1008 3035 1028 3084 s,
1043 3036 1063 3076 4.
1084 3025 1111 3072 in

136 3093 220 3144 dubio
230 3093 436 3157 relinquendum.
456 3100 484 3142 at
491 3094 581 3156 potius
591 3094 735 3157 negandum
745 3101 790 3143 est.
823 3093 893 3154 Quae
903 3111 972 3144 nunc
981 3110 1112 3160 propono,

137 3168 168 3214 in
184 3164 302 3214 omnibus
319 3164 379 3226 sere
392 3165 489 3226 peritis
507 3164 681 3226 satisfactura
700 3179 754 3213 esse
774 3165 882 3228 consido,
901 3167 978 3216 etiam
988 3182 1057 3228 prae
1071 3166 1111 3215 ed.

136 3235 191 3284 Kr.
207 3247 238 3294 2.,
253 3250 318 3298 quae
331 3236 389 3284 sine
404 3250 484 3284 causa
497 3237 596 3298 partim
611 3235 698 3284 aliena
717 3237 837 3295 intrudit,
852 3239 951 3300 partim
970 3237 1057 3286 biatus
1071 3238 1111 3285 in·

136 3308 259 3370 expletos
269 3307 403 3369 relinquit,
413 3308 513 3370 partim
522 3312 592 3356 recte
607 3307 706 3355 tradita
716 3313 825 3356 attentat
834 3310 874 3356 ccl
883 3309 983 3357 omittit.
1022 3303 1043 3371 ⁶)
1057 3305 1112 3356 Hic

137 3393 204 3426 usus
224 3377 352 3450 loquendi
366 3382 458 3426 contra
475 3376 535 3427 Ood.
551 3379 732 3426 auctoritatem
746 3380 797 3426 iam
810 3385 871 3442 post
891 3377 935 3425 m.
957 3375 1016 3425 Vat.
1029 3387 1069 3426 221
1083 3378 1111 3424 in

213 3497 240 3570 ξ.
256 3503 299 3552 35.
321 3501 359 3564 Of.
375 3499 430 3564 Uip.
441 3513 462 3560 a,
472 3515 493 3551 4.
514 3513 534 3560 1,
545 3513 579 3550 us.
600 3500 645 3550 Fr.
661 3501 719 3550 Vnt.
730 3512 776 3552 sm.
797 3501 867 3564 Epa.
880 3513 900 3559 1,
916 3511 936 3557 1,
950 3511 971 3548 a.
993 3499 1036 3548 Fr.
1047 3499 1110 3549 Dos.

137 3573 273 3708 ἒῖἰᾳΡοίξὲι.
293 3587 332 3636 ep.
348 3585 368 3633 τ,
384 3584 417 3622 le.
446 3571 528 3621 Tacit.
543 3571 576 3620 A.
597 3585 630 3631 13,
645 3583 679 3624 27.
703 3573 820 3621 bonorum
839 3565 976 3638 possessio]
998 3569 1036 3634 Of.
1050 3582 1070 3631 2,
1086 3581 1113 3622 88
