2684 4112
505 230 597 266 IVLIVS
615 229 743 268 PAVLINS·
1043 214 1106 279 453

143 363 202 426 tur,
225 377 283 414 non
299 363 359 415 tarn
381 362 521 432 corrigere
539 379 618 428 eum,
661 381 727 418 uam
750 363 784 418 de
806 380 903 419 ravare
921 363 1105 430 maluerunt',

144 429 252 485 aboleri
290 429 365 483 raeci
388 431 449 484 eret
471 430 516 496 (ci.
536 429 566 484 L,
584 449 629 489 un.
673 433 700 486 h.
719 432 749 487 O.
794 448 809 486 e
833 434 905 487 sent.
927 437 1105 501 pescate.

144 497 173 552 L.
194 505 217 551 1.
241 447 292 555 ΤΕ.
311 495 340 555 G
364 447 400 551 de
421 513 494 575 resp.
517 499 598 578 prud.
622 507 647 576 l,
669 501 705 567 4).
742 499 823 564 Quod
845 500 914 554 item
938 499 1051 578 deinde,
1075 503 1106 554 ut

143 568 224 620 tanto
242 582 270 618 m
320 583 333 618 s
345 566 428 618 modo
441 581 470 617 m
481 565 630 634 Pap1n1an1
647 567 783 621 honorem
799 568 983 636 praeceptum
995 567 1105 622 ardere-

75 635 198 698 [eutltun
222 631 258 686 ad
307 632 413 686 arcioni
430 632 460 684 in
478 650 543 686 eunr
565 635 646 688 notas
669 634 836 689 translatum
859 637 901 688 cst
923 634 1026 700 (Cenat.
1045 634 1105 688 Deo

145 702 259 756 auctore
277 704 352 778 536),
378 699 434 754 Sed
450 699 504 754 hoc
520 701 703 822 opprobrium
720 703 750 754 in
767 701 929 755 universum
941 701 1040 756 Paullo
1058 701 1106 756 de-

145 769 264 822 traxisse
281 767 402 836 videtur,
423 769 456 821 ut
473 768 519 822 vel
550 769 740 824 ententiarum
758 769 918 834 auctoritas,
937 770 1055 824 fortasse
1073 771 1106 822 nt

144 837 181 890 ab
201 835 283 889 exule
301 835 455 890 editarnm¹
477 837 506 890 ct
522 835 551 890 in
570 837 671 904 quibus
689 853 724 892 ex
740 837 870 891 instituto
891 836 985 890 nullus
1008 838 1106 891 auctor

144 919 234 970 neque
252 902 422 956 laudabatur
440 919 531 972 neque
550 904 823 972 reprehendebatur,
841 906 899 958 iam
917 905 1002 958 antea
1019 904 1106 958 dubia

143 987 239 1050 rursus
265 971 295 1022 in
322 969 440 1024 dubium
468 973 625 1050 vocaretur.
666 973 756 1041 Igitur
781 971 914 1026 sexennio
940 972 1005 1040 post
1029 971 1106 1050 idem

143 1037 756 1185 tuitii‚llrll‘tttttttt‘stt
771 1040 1106 1184 ttlffsstttlttlt

144 1189 201 1241 qua
218 1172 376 1242 praefatus,
395 1189 526 1228 umversa
543 1190 616 1242 quae
635 1177 774 1242 scriptura
790 1174 883 1228 Paulh
900 1175 1106 1237 contineantur,

143 1245 260 1308 recepta
276 1241 444 1296 auctoritate
462 1240 602 1296 firmanda
613 1243 642 1296 et
654 1242 730 1296 omni
741 1242 924 1296 veneratione
938 1241 1108 1295 celebranda

144 1325 213 1374 esse,
232 1307 393 1377 specialiter
411 1308 536 1362 subiicit:
557 1309 688 1430 ‘ideoque
707 1309 917 1364 Sententiarum
933 1308 1028 1374 libros,
1039 1308 1106 1386 'ple'-

144 1376 260 1428 nissima
276 1375 338 1429 luce
357 1377 387 1429 et
403 1376 607 1445 perfectissima
629 1377 787 1431 eocutione
812 1378 841 1432 et
863 1377 1016 1430 iustissima
1037 1392 1105 1429 ruris

144 1443 253 1498 ratione
271 1443 434 1520 succinctos,
451 1445 481 1497 in
498 1443 609 1498 iudiciis
626 1444 751 1523 prolatos
764 1445 856 1500 valere
868 1460 925 1500 non
937 1444 1104 1497 dubitatur?

146 1510 223 1576 Quae
242 1510 356 1578 quidem
378 1511 465 1565 verba
488 1528 551 1564 cum
575 1528 610 1564 ex
632 1513 811 1579 imperatoris
833 1511 974 1568 sententia
994 1512 1106 1566 tantum

145 1578 182 1632 ad
200 1577 453 1632 commendandam
471 1579 545 1633 inter
563 1582 659 1634 cetera
674 1580 765 1634 Paulli
782 1580 886 1647 scripta
897 1579 1106 1634 Sententiarum

143 1647 341 1701 auctoritatem
367 1645 440 1700 forte
467 1647 534 1700 tunc
560 1647 717 1701 lacessitam
748 1648 915 1716 pertinuisse
947 1647 1105 1713 videantur,

143 1716 277 1782 poterant
293 1715 390 1768 tamen
408 1713 494 1768 etiam
512 1715 554 1768 ita
571 1715 674 1784 accipi,
697 1718 730 1769 ut
746 1715 874 1784 singulae
892 1731 1021 1791 quaeque
1044 1730 1106 1768 sen·

142 1781 249 1836 tentiae
267 1783 303 1836 ab
321 1782 493 1858 imperatore
517 1781 698 1836 confirmatae
721 1784 826 1836 essent:
851 1783 1018 1861 praesertim
1042 1798 1106 1835 curn

142 1849 184 1904 ita
202 1849 315 1904 demum
333 1849 514 1916 privilegium
526 1849 626 1903 Paullo
643 1851 674 1902 in
690 1866 747 1904 uno
764 1850 837 1904 libro
847 1849 1005 1919 irrogatum
1021 1849 1107 1916 priui-

143 1917 220 1985 legio
243 1917 273 1970 in
299 1916 389 1970 altero
412 1916 479 1970 dato
502 1919 714 1986 compensatum
742 1920 771 1972 et
793 1917 895 1970 iniuria
916 1931 1025 1972 summo
1046 1914 1106 1968 viro

144 1985 221 2037 iacta
245 1985 403 2052 exaequata
424 1999 484 2038 esse
507 1985 659 2040 videretur.
695 1984 732 2038 Et
757 1985 798 2038 ita
820 1999 921 2038 revera
946 1984 1001 2036 isto
1026 1998 1106 2045 aevo,

146 2051 255 2119 amplas
273 2067 341 2119 opes
363 2051 516 2106 litterarius
536 2052 567 2106 in
593 2053 654 2106 dies
681 2053 772 2122 magia
798 2051 975 2117 fastidiente,
1004 2049 1106 2119 cupide

146 2120 265 2186 accepta
290 2120 363 2171 sunt.
397 2119 470 2172 Nam
497 2118 671 2175 Theodosius
698 2120 733 2179 ΙΙ,
763 2121 793 2174 et
815 2118 1032 2174 Valentinianus
1059 2117 1106 2170 llI.

145 2186 210 2255 lege
229 2193 253 2242 3.
272 2184 323 2242 Th.
342 2185 371 2240 O.
390 2186 451 2244 eod.
474 2186 510 2241 ad
533 2191 663 2242 senatum
685 2189 762 2242 urbis
779 2187 885 2242 Romae
909 2202 933 2242 a.
956 2191 1016 2240 426.
1038 2185 1107 2238 data

145 2255 171 2310 le
195 2269 225 2306 es
252 2259 274 2306 1.
294 2254 323 2307 et
345 2259 369 2305 2.
397 2252 457 2310 citt.
484 2256 644 2323 repetentes
670 2255 763 2310 Paulli
788 2253 943 2310 sententias
971 2267 1106 2321 semper

144 2341 161 2376 v
193 2337 241 2376 ere
259 2320 454 2389 praecipiunt,
472 2321 525 2374 hoc
543 2324 586 2378 eet
602 2323 721 2392 perinde
740 2326 785 2378 ‘ac
803 2322 903 2377 divalis
921 2320 1106 2385 constitutio’,

144 2392 177 2444 ut
195 2389 276 2442 addit
294 2387 418 2441 Consult.
440 2393 463 2449 7,
482 2395 506 2444 3.

214 2455 275 2510 Hac
298 2455 406 2509 ratione
435 2455 565 2510 effectum
592 2460 648 2524 est,
674 2460 707 2513 ut
732 2460 762 2512 in
810 2458 917 2512 artibus
939 2455 1105 2520 occidentis,

144 2523 280 2600 maxime¹
291 2524 321 2576 in
339 2520 495 2578 Galliarum
517 2525 708 2593 praefectura,
731 2477 824 2582 Paufli
841 2524 1004 2579 Sententiae
1019 2523 1107 2590 'quasi

145 2590 361 2714 {rgtg'ularrliugre
379 2599 512 2712 ‘9⁰⁹th
523 2608 590 2672 ‘esse
610 2595 791 2672 censerentur
808 2595 838 2648 et
859 2595 975 2712 cunctzs
997 2593 1106 2712 cteteros

145 2660 1106 2846 .·„,ttt2-tessttttu⁰fttrististristis}tetii

143 2792 1107 2942 trittl}tristitiis-*litet„titutumtetigitte.

143 2929 201 2984 Bur
223 2929 625 2996 undronum,quammed1cto
638 2929 806 2986 Theodorum
815 2929 889 2984 hunc
898 2929 988 2984 solum
1000 2928 1106 2982 librum

145 2997 211 3052 adin
231 2997 301 3050 itum
318 2995 456 3061 videmus,
476 3012 511 3050 ex
529 2997 645 3065 quoius
667 2997 750 3054 civile
772 2999 886 3066 praeter
903 2997 1106 3066 imperatorum

144 3065 360 3120 constitutiones
385 3064 539 3131 peteretur.
575 3064 703 3134 Denique
730 3082 794 3120 cum
820 3065 917 3132 paucis
939 3064 1020 3118 annis
1041 3064 1107 3133 poet

143 3132 272 3186 Alaricus
290 3131 325 3209 ll.
344 3131 426 3208 yetus
442 3132 485 3184 ius
503 3130 532 3184 in
551 3132 694 3200 epitomen
712 3133 867 3202 redigendo
890 3133 985 3201 legem
1004 3132 1106 3186 Roma·

143 3197 1018 3336 tittittttlttlt‘ltpttitlticlitir‘iltiti
1031 3198 1105 3332 riu

144 3350 199 3404 que
227 3333 291 3388 lites
318 3331 528 3399 dirimerentur;
558 3333 621 3389 Gaii
648 3337 723 3390 enim
740 3335 933 3390 Institutiones
960 3333 1050 3401 magis
1076 3333 1106 3384 in

217 3509 238 3578 ¹)
252 3513 330 3562 Etiam
345 3526 516 3575 responsorum
531 3513 604 3563 libros
616 3515 721 3564 Paullum
732 3530 778 3564 uon
794 3520 848 3562 ante
862 3511 982 3574 Elagabali
997 3516 1106 3573 tempora

144 3583 259 3646 edidisse,
270 3583 372 3632 elicitur
382 3583 407 3632 t.
419 3595 444 3634 eo
455 3583 482 3632 l).
498 3583 526 3632 de
537 3585 607 3634 solui.
620 3586 664 3651 (eo,
675 3582 699 3650 a)
711 3585 764 3637 coll.
779 3585 899 3648 lamprid.
911 3582 1062 3634 Seuer.lller.
1071 3592 1105 3633 ue.
