2672 4112
454 277 490 312 un
506 275 619 312 unumve
636 275 715 311 mua
727 277 769 313 111.
1051 267 1091 326 69

125 403 257 459 domum
285 419 357 459 oum
384 403 489 459 lauda
516 398 702 458 redeuntc.
751 403 801 457 rei
831 417 914 457 suae
942 418 1027 476 ergo
1055 419 1093 460 ue

125 490 202 560 quis
225 486 374 560 legatus
396 495 484 543 esto.

188 569 314 626 Plebes
344 587 430 644 quos
458 586 519 644 pro
547 587 582 626 se
610 577 734 627 contra
761 571 828 625 uim
855 568 978 625 auxilii
1006 586 1092 644 ergo

126 655 243 711 decem
270 655 439 726 creassit,
468 655 496 709 ei
525 653 662 710 tribuni
684 654 761 710 eius
783 662 904 722 sunto,
933 653 1092 726 quodque

126 740 150 794 ii
171 736 964 812 prohibessintquodqueplehemrogassint‚
979 745 1092 794 ratum

126 829 219 878 esto:
247 823 432 894 sanctique
460 830 562 876 sunto
585 813 706 893 neque¹
729 819 865 894 plebem
888 819 1003 876 orbam
1025 822 1092 877 cri-

126 904 233 962 bunis
254 905 497 977 relinquunto.
817 925 820 932 ·

190 984 241 1046 10.
273 987 395 1044 Omnes
427 990 658 1062 magistratus
685 989 879 1061 auspicium
905 987 1092 1044 iudicium·

127 1089 193 1146 qne
227 1071 393 1142 habento,
426 1088 533 1144 exque
563 1074 591 1127 is
619 1079 762 1127 senatus
794 1078 883 1127 esto.
933 1072 1006 1126 eius
1035 1071 1092 1126 de·

127 1165 223 1212 oreta
244 1165 317 1212 rata
339 1164 460 1226 sunto,
489 1164 542 1211 ast
569 1149 642 1229 (si)²
664 1163 824 1228 potestas
852 1170 913 1227 par
939 1155 1093 1212 maiorue

126 1238 364 1314 prohibossit‚
391 1241 590 1312 perscripta
616 1247 788 1295 seruanto.
833 1239 862 1293 is
892 1236 975 1293 ordo
1001 1239 1093 1292 uitio

127 1333 270 1393 uocato,
292 1325 422 1380 ceteris
444 1325 616 1396 specimen
639 1331 722 1378 asto.

170 1406 332 1468 ¹Creatio
358 1409 640 1480 magistratuum,
675 1407 803 1462 iudicia
830 1405 965 1479 populi,
998 1406 1093 1462 iussa

130 1492 250 1546 uetita
273 1507 341 1546 eum
361 1493 620 1560 coanimantur,
644 1481 830 1563 suffragia³
857 1489 1092 1564 optumatibus

127 1582 230 1642 nota,
245 1573 337 1648 plebi
351 1574 463 1630 libera
478 1583 592 1630 sunto.

194 1657 239 1718 iv.
262 1658 424 1731 Astquid
447 1660 531 1728 erit,
556 1657 645 1731 quod
661 1659 1092 1730 extramagistratuscoe·

127 1743 200 1798 rari
226 1758 329 1798 cesus
353 1745 415 1812 sit,
445 1743 500 1814 qui
528 1750 649 1798 coeret
671 1740 822 1815 populus
845 1748 964 1797 creato
993 1743 1092 1814 eique

127 1829 183 1883 ius
198 1826 364 1882 onerandi
377 1826 467 1885 dato.

192 1909 665 1984 Cumpopuiopatrihusque
687 1908 812 1982 agendi
835 1910 888 1963 ius
911 1916 988 1962 esto
1010 1923 1093 1964 con·

128 1994 215 2059 suli,
244 1993 422 2067 praetori,
455 1995 624 2066 magistro
653 1991 777 2065 populi
799 1992 1023 2064 equitumque
1044 1992 1093 2046 ei·

130 2094 213 2152 que,
234 2093 333 2150 quem
354 2085 474 2150 patres
489 2076 641 2150 produnt
656 2075 840 2130 consulum
855 2073 1093 2146 rogandarum

130 2177 230 2235 ergo;
261 2155 445 2232 tribunis‚⁴
473 2177 560 2234 quos
588 2159 653 2215 sibi
680 2157 801 2232 plebes
831 2151 1018 2228 creassit,⁵
1039 2160 1093 2212 ius

130 2253 208 2302 esto
236 2261 308 2300 cum
335 2245 491 2318 patribus
519 2243 657 2317 agendi:
690 2235 865 2315 idemque⁰
892 2240 931 2295 ad
958 2239 1094 2314 plebem

130 2329 224 2402 quod
247 2344 349 2384 cesus
371 2331 440 2384 erit
461 2329 613 2384 ierunto.

197 2410 288 2479 Quae
317 2429 390 2468 cum
417 2412 548 2486 populo
576 2427 731 2484 quaeque
754 2412 786 2464 in
807 2407 964 2483 patribus
988 2424 1094 2482 agen·

133 2503 208 2556 tur,
229 2495 360 2553 modica
380 2505 495 2552 sunto.

198 2575 238 2638 ll.
262 2579 439 2649 Senatori,
470 2582 527 2651 qui
559 2595 624 2634 nec
657 2578 784 2652 aderit,
818 2585 876 2632 aut
904 2592 1006 2632 causa
1037 2583 1095 2631 aut

131 2662 236 2736 culpa
258 2672 349 2718 esto:
371 2663 449 2718 loeo
472 2671 616 2718 senator
637 2671 671 2719 et
699 2661 797 2716 modo
827 2667 945 2730 orato,
971 2675 1094 2715 causas

129 2747 257 2821 populi
279 2754 411 2802 taneto.

196 2830 253 2886 Vis
273 2833 308 2886 in
329 2829 462 2904 populo
490 2829 620 2886 abesto.
663 2845 721 2903 par
748 2829 906 2883 maiorue
932 2833 1095 2900 potestas

130 2915 212 2988 plus
245 2913 372 2970 ualato.
421 2923 477 2970 ast
510 2914 592 2986 quid
624 2911 847 2974 turbassitur
877 2913 912 2964 in
945 2909 1093 2980 agendo,

130 2999 228 3054 iraus
252 2999 384 3054 actoris
406 3005 494 3054 esto.
538 3000 764 3053 intercessor
790 2996 843 3050 rei
870 2993 974 3048 maiae
1002 2993 1095 3048 salu-

131 3084 224 3138 taris
247 3083 336 3138 ciuis
359 3090 446 3138 esto.

197 3163 263 3234 Qui
284 3174 402 3239 agent,
425 3167 580 3238 auspicia
602 3171 785 3234 sarnunto,
808 3162 931 3235 auguri
954 3159 1095 3234 publico

130 3257 299 3324 paronio,
333 3249 556 3323 promulgata
586 3249 769 3322 proposita
802 3247 836 3301 in
858 3245 1006 3300 'aerario
1041 3259 1095 3298 co·

207 3453 228 3520 ¹)
242 3469 304 3503 neue
322 3453 378 3503 AB
388 3455 428 3504 ed.
440 3453 471 3503 V.
509 3449 531 3514 ²)
546 3461 583 3502 ast
597 3452 653 3502 AB
664 3454 703 3502 ed.
719 3451 750 3502 V.
789 3447 811 3516 8)
829 3451 941 3509 suffragio
960 3446 1102 3496 coseiscen-

42 3555 46 3562 ·
129 3537 171 3577 tna
186 3523 337 3575 Alaeus
376 3521 398 3588 ⁴)
417 3524 565 3586 tribunisque
583 3522 609 3571 B
625 3524 682 3572 edd.
721 3519 743 3585 ⁶)
760 3521 820 3571 Oum
838 3519 922 3570 Balaio
941 3517 1038 3580 scripsi
1055 3529 1096 3565 ro·

130 3598 209 3660 gessit
223 3593 281 3644 AB
292 3595 349 3644 edd.
388 3591 409 3660 ⁶)
423 3609 468 3658 que
482 3595 533 3644 icoc
546 3595 666 3643 revocavi
680 3593 715 3656 cf.
731 3599 782 3642 aot.
797 3604 818 3641 e.
