2692 4114
281 615 389 683 IVLII
411 613 571 681 PAVLLI
595 611 940 679 SENTENTIARVM

454 727 574 785 LIBER
595 723 772 784 TERTIVS.

66 902 128 953 [sos]
225 879 430 964 [Asianorum
442 887 651 956 possessionem
667 898 706 938 ece
720 883 774 936 boe
788 881 861 937 libro
874 882 1000 952 pertinet

81 965 87 976 '
340 968 372 1024 L.
390 968 438 1028 16.
462 967 496 1024 D.
512 969 547 1024 de
563 969 626 1022 bon.
639 981 717 1038 poss.
734 959 800 1040 (37,
818 959 859 1038 1).

339 1053 371 1110 L.
388 1053 416 1108 t.
440 1051 476 1108 Ι).
492 1058 587 1106 roiam
602 1067 662 1106 rem
677 1041 743 1127 (46,
761 1039 819 1124 8)]

351 1203 412 1244 TIT.
429 1203 451 1244 1.
480 1203 522 1242 Du
538 1199 734 1244 unttssonittto
750 1198 876 1240 EDICTO.

113 1325 115 1328 ·
201 1307 223 1364 1.
251 1306 279 1362 Si
300 1299 358 1379 ’(et)
385 1305 461 1359 fratri
486 1299 599 1378 puberi¹
621 1305 806 1360 controuersia
830 1299 889 1373 iret,
913 1318 946 1358 an
968 1301 1090 1378 ’propter

141 1384 315 1466 (impuberis)
336 1397 363 1444 et
377 1381 508 1464 puberis²
522 1387 621 1444 differri
643 1403 723 1443 eausa
744 1385 856 1458 debeat,
880 1387 1011 1443 uariatum
1034 1395 1088 1442 est:

139 1475 189 1532 sed
204 1475 289 1550 magis
303 1479 356 1548 est,
373 1479 403 1528 ut
418 1471 517 1528 differri
531 1488 585 1527 non
601 1471 706 1528 debeat.

397 1641 459 1684 '1⁹11'-
476 1641 507 1681 Π.
536 1641 578 1682 DE
593 1639 685 1684 BONIS
701 1639 837 1682 LIBER'H.

202 1746 223 1807 l.
248 1739 296 1802 ³In
311 1745 387 1802 bonis
403 1744 490 1800 liberti
506 1746 581 1818 prior
596 1753 638 1801 est
651 1751 792 1818 patronus,
807 1758 885 1816 quem
896 1741 966 1800 filius
979 1743 1090 1800 alterius

138 1831 260 1908 patroni:
282 1832 401 1904 itemque
416 1831 492 1902 prior
506 1837 548 1884 est
563 1828 634 1886 filius
649 1829 768 1904 patroni,
783 1843 862 1900 quam
878 1843 963 1899 nepos
979 1827 1089 1882 alterius

138 1916 256 1990 patroni.
291 1909 319 1970 2.
344 1907 487 1970 4Libertus
509 1911 633 1968 'duorum
654 1919 830 1986 patronorum
848 1902 962 1985 (αῖίοε)ὕ
976 1910 1089 1966 heredes

139 1999 272 2055 instituit:
293 1997 360 2052 alter
375 2013 468 2052 eorum
484 1997 548 2051 uiuo
564 1994 661 2052 liberto
677 1996 807 2053 moritur:
831 1994 865 2066 is,
887 1995 933 2068 qui
955 2004 1089 2068 superest,

139 2089 236 2138 eontra
249 2079 351 2136 tabulas
362 2081 516 2136 testamenti
528 2078 659 2136 bonorum
668 2080 867 2154 possessionem
875 2086 950 2136 reete
959 2079 1088 2152 postulat.

140 2161 170 2222 8,
195 2157 383 2218 “Libertorum
399 2161 532 2218 hereditas
547 2164 574 2218 in
590 2163 684 2236 capite,
700 2165 797 2218 nonin
813 2164 927 2236 stirpes,
944 2161 1090 2232 diuiditur3

141 2256 169 2306 ot
183 2247 245 2304 Ideo
260 2245 284 2301 si
299 2247 379 2302 unius
394 2247 502 2319 patroni
516 2245 570 2302 dno
585 2247 639 2301 sint
654 2245 741 2317 liberi,
757 2246 866 2303 alterius
883 2255 1019 2320 quattuor,
1036 2249 1090 2302 sin·

141 2331 198 2406 guli
215 2330 317 2401 uiriles,
332 2328 359 2384 id
374 2337 417 2385 est
431 2329 555 2402 aequales
570 2330 710 2402 portiones
725 2329 868 2386 habebunt.
906 2329 934 2390 4.
957 2329 1089 2387 Patronus

142 2415 187 2471 uel
204 2414 310 2488 patroni
325 2412 402 2468 liberi
413 2427 445 2468 ex
457 2421 533 2485 parte
544 2411 649 2481 dimidia
660 2412 773 2470 heredes
785 2415 903 2470 instituti
917 2431 961 2471 aes
974 2413 1089 2471 alienum

49 2543 52 2548 .
140 2498 230 2556 liberti
244 2513 294 2572 pro
311 2495 480 2570 portionibus
495 2495 637 2552 exsoluere
652 2506 797 2571 eoguntur.

293 2575 337 2658 [b.
355 2579 403 2638 20.
426 2579 462 2636 D.
478 2581 513 2636 ue
528 2584 592 2636 iure
605 2588 721 2651 patron.
739 2579 801 2652 (37,
818 2576 881 2656 14).

290 2665 323 2722 L.
340 2662 391 2721 49.
414 2664 449 2724 Ι).
464 2665 499 2720 de
514 2665 576 2722 bort.
592 2666 685 2726 libert.
702 2664 767 2740 (38,
784 2658 840 2742 2).]

215 2815 300 2866 tiit.
340 2811 359 2881 ¹)
373 2813 502 2879 Suppleui.
531 2817 597 2866 tratri
616 2816 733 2880 impuberi
752 2817 784 2878 ej,
802 2816 888 2866 Ouiae.
908 2815 1024 2880 (fauente
1045 2819 1088 2868 od.

34 2930 37 2936 .
140 2899 187 2938 aa:
202 2887 299 2936 fratrum
313 2885 417 2950 puberi).
445 2885 566 2936 Fortasse
580 2887 778 2936 restituendum:
791 2886 927 2950 (impuberi
935 2887 969 2952 et)
981 2890 1047 2938 tratri
1058 2891 1088 2938 ei.

140 2955 417 3020 puberi30fi1nterpr.
492 2953 636 3022 ¹)Seripsi.
663 2972 707 3020 pro
726 2964 791 3019 parte
812 2958 940 3020 impuberis
960 2957 994 3023 (st
1013 2960 1088 3022 impu-

139 3027 204 3076 beris
221 3027 263 3076 Cd.
279 3024 310 3091 t.)
332 3025 393 3075 odd.
413 3027 452 3076 ed.
467 3025 500 3074 A.
528 3042 572 3090 pro
590 3033 657 3090 parte
676 3027 772 3090 puberis
789 3027 874 3077 Ouiae.
891 3031 924 3092 ej.
952 3028 991 3078 De
1010 3045 1039 3078 re
1054 3031 1088 3092 ef.

139 3097 171 3148 L.
186 3109 207 3148 s.
222 3099 245 3158 ξ,
259 3108 280 3147 s.
299 3096 332 3144 Ι).
347 3097 378 3144 rie
395 3095 469 3145 Oarb.
484 3097 523 3146 ed.
538 3095 582 3162 (sa,
597 3095 642 3162 ιο).

214 3166 261 3214 Tit.
276 3165 313 3214 ΙΙ.
352 3162 373 3231 ³)
390 3165 427 3228 Cf.
447 3165 501 3229 Uip.
517 3178 555 3225 aa,
570 3179 589 3217 a.
604 3179 625 3217 s.
693 3164 714 3233 ⁴)
731 3167 769 3230 Of.
787 3167 843 3216 Gai.
858 3180 879 3227 s,
894 3180 927 3220 m.
952 3170 983 3218 L.
999 3182 1032 3220 24.
1056 3170 1088 3218 D.

139 3235 241 3286 debon.
256 3236 299 3285 tib.
314 3234 359 3302 (³8,
373 3233 405 3300 2).
479 3234 499 3301 ⁶)
513 3235 623 3300 Scripsi.
653 3238 712 3286 duos
726 3245 838 3300 patronos
853 3238 965 3303 (factum
975 3248 1041 3302 putu
1055 3257 1089 3290 ex

139 3307 206 3355 duor.
226 3312 347 3370 patronos.
368 3313 393 3356 et
415 3305 446 3356 ob
466 3309 657 3356 similitudinem
678 3306 766 3358 ‘otios’
787 3307 926 3372 excidisse)
948 3309 1009 3358 ced.
1030 3311 1088 3359 edd.
1129 3311 1130 3314 ’

74 3397 76 3404 ·
139 3377 198 3426 duos
216 3385 330 3440 patronos
349 3377 431 3425 habuit
449 3375 511 3443 (pro
530 3378 631 3426 heredes
651 3377 762 3444 instituit)
783 3379 869 3427 Ouiae.
890 3381 936 3441 ei,
959 3380 1003 3442 qui
1021 3381 1090 3442 quod

138 3448 184 3505 ait,
199 3448 225 3496 in
241 3446 390 3511 quibusdum
406 3447 467 3498 Cdd.
483 3449 534 3512 lepi
548 3449 634 3498 habers
650 3449 763 3506 instituit,
782 3447 815 3497 ab
829 3447 913 3496 Huen.
929 3463 979 3498 ron
995 3451 1088 3511 confir·

137 3523 230 3580 matur,
244 3518 304 3566 duos
318 3525 431 3581 patronos
445 3518 534 3567 habeus
550 3519 608 3567 alios
622 3517 719 3568 Sebuit.
735 3521 767 3582 qi.
852 3514 872 3583 θ)
890 3517 927 3580 Cf.
947 3517 1002 3582 Uip.
1018 3529 1051 3577 it,
1066 3532 1087 3570 t.
