2678 4116
416 240 474 278 em
492 241 592 278 mmm.
612 223 646 278 11.
666 229 806 280 noe-tua.
1035 225 1097 292 257

195 377 259 441 152.
281 381 401 438 Heredes
424 391 514 440 autern
537 392 583 440 aut
610 385 756 440 necessarii
782 383 909 441 dicuntur
936 393 982 442 ant
1005 387 1048 456 sui
1070 395 1097 443 et

128 467 280 524 necessarii
301 475 347 522 aut
370 469 499 524 extranei.
550 465 614 526 tta.
637 467 809 526 Necessarius
832 469 911 526 heres
935 477 1098 528 cessemus

128 569 192 608 oum
209 550 335 608 libertate
349 551 429 608 heres
444 553 599 618 institutum
623 552 684 610 ideo
699 555 739 610 sio
757 552 924 628 appellatus,
944 555 1022 627 quia,
1038 556 1098 612 siue

87 660 92 667 ·
129 637 199 692 uelit
220 637 280 692 siue
303 634 388 708 nolit,
412 637 566 694 omnimodo
589 646 654 710 post
675 646 788 694 mortem
811 640 950 694 testatoris
972 641 1097 712 protinus

129 720 201 776 liber
223 727 252 776 et
270 721 351 776 heres
371 729 422 777 est.
467 718 530 780 lta
545 721 619 778 Unde
642 723 689 795 qui
711 721 852 780 facultates
872 739 935 780 suas
956 733 1097 797 suspectas

129 804 228 876 habet,
252 805 325 862 sciet
345 821 455 862 sernum
476 807 562 880 primo
585 815 631 862 ant
652 807 772 864 secundo
795 807 839 864 uel
862 809 942 864 etiam
966 807 1096 865 ulteriore

128 889 219 963 gradu
233 889 349 946 liberum
365 897 392 946 et
412 890 539 946 heredem
559 892 715 958 instituere,
737 902 767 950 ut
786 894 809 948 si
830 891 1010 950 creditoribus
1031 895 1096 949 satis

130 991 187 1030 non
214 972 278 1050 fiat,
307 975 400 1047 potius
422 975 502 1032 huius
524 976 631 1034 heredis
654 991 733 1048 quam
756 979 841 1051 ipsius
865 978 1002 1032 testatoris
1025 977 1097 1034 hona

131 1065 264 1128 ueneant‚
293 1057 319 1114 id
343 1066 399 1124 est,
430 1067 461 1116 ut
482 1061 648 1134 ignominia,
677 1077 746 1134 quae
768 1061 863 1118 accidit
885 1077 919 1116 ex
941 1059 1098 1118 uenditioue

129 1141 284 1216 bonorum,
306 1143 379 1200 hunc
398 1145 490 1217 potins
513 1144 641 1200 heredem
659 1161 738 1218 quam
753 1147 843 1218 ipsum
858 1153 1017 1201 testatorem
1032 1161 1097 1202 con·

130 1228 237 1302 tinqat3
262 1243 423 1301 quamquam
438 1231 513 1302 apud
526 1227 658 1284 Fufidium
674 1228 773 1286 Sabino
789 1230 908 1302 placeat,
928 1229 1096 1286 eximendum

124 1328 193 1372 eum
209 1328 269 1368 esse
283 1313 448 1386 ignominia,
470 1314 532 1386 quia
547 1329 602 1370 non
617 1329 668 1370 suo
689 1315 768 1385 uitio,
791 1313 839 1370 sed
854 1316 1017 1372 necessitate
1031 1315 1097 1372 iuris

42 1453 45 1458 ,
129 1395 266 1452 honorum
287 1397 471 1453 uenditionem
489 1389 647 1470 pateretur3
669 1398 718 1454 sed
740 1399 792 1456 alio
813 1399 871 1455 inre
892 1399 1002 1458 utimur.
1032 1395 1096 1456 tto.

130 1479 188 1534 Pro
204 1479 257 1536 hoc
271 1489 357 1538 tamen
371 1481 544 1538 incommodo
559 1481 630 1540 iliud
649 1484 674 1538 ei
689 1483 860 1540 commodum
877 1491 1045 1556 praestatur,
1066 1492 1096 1540 ut

128 1580 174 1634 ea,
192 1580 259 1637 quae
273 1574 336 1638 post
352 1574 468 1624 mortem
483 1568 591 1640 patroni
606 1566 656 1626 sibi
672 1567 841 1642 adquisierit,
857 1570 917 1624 siue
932 1576 995 1625 ante
1010 1568 1097 1625 hono·

127 1665 190 1704 rum
213 1649 395 1706 uenditionem
415 1653 473 1708 siue
499 1659 610 1725 postea,
633 1653 685 1725 ipsi
707 1661 900 1721 reseruentur;
923 1661 950 1708 et
973 1654 1097 1726 quamuis

126 1749 181 1807 pro
203 1728 352 1807 portione¹
376 1733 446 1795 bona
469 1737 619 1808 uenerint,
648 1738 746 1794 iterum
770 1753 802 1793 ea
832 1737 995 1794 hereditaria
1018 1752 1097 1792 causa

126 1817 201 1874 hona
216 1819 274 1876 eius
297 1835 352 1876 non
375 1821 502 1891 uenient,
525 1821 621 1876 nisisi
642 1821 754 1894 quidsi
778 1820 993 1877 exhereditatis
1016 1836 1096 1876 causa

125 1902 213 1958 suerit
228 1903 404 1976 adquisitum,
417 1900 422 1980 )
436 1905 514 1961 uelut
528 1906 551 1960 si
564 1895 664 1960 'Latini
678 1906 767 1976 bonis,
786 1899 883 1982 (quem
892 1898 991 1979 heres)
1003 1903 1095 1978 adqui·
1108 1911 1154 1961 ot.

124 1982 230 2058 sierit,²
244 1987 411 2062 locupletior
426 1989 514 2046 iactus
530 1990 579 2058 sit;
603 2005 664 2046 cum
686 1997 839 2046 ceterorum
855 1989 1006 2059 hominum,
1030 2005 1097 2062 quo·

122 2105 342 2114 ——--—-—.

126 2157 251 2220 aufertur
270 2159 379 2222 ideoque
397 2160 474 2208 etiam
493 2159 593 2222 petenti
615 2158 708 2208 heredi
730 2159 786 2208 doti
803 2159 922 2221 exceptio
942 2159 1097 2220 oppositum

125 2229 169 2276 sin
185 2243 247 2278 nero
261 2235 370 2279 testator
384 2229 486 2279 tabulas
504 2232 649 2279 testamenti
666 2230 791 2280 inciderit
805 2228 865 2294 (quo
885 2244 948 2278 casa
963 2235 1097 2278 testamen·

124 2301 201 2348 taria
214 2299 237 2348 b.
249 2315 277 2362 p.
293 2299 390 2366 deficit)
409 2301 486 2365 idque
500 2307 589 2364 aperte
603 2317 634 2350 ea
649 2308 730 2350 memte
741 2301 850 2364 fecerit,
870 2307 906 2352 ut.
916 2301 1037 2350 intestato
1052 2300 1097 2350 de-

127 2370 245 2429 cederet,
270 2371 292 2420 h.
308 2387 473 2434 possessores
496 2372 527 2422 ud
550 2375 671 2422 intestato
691 2371 806 2422 obtineat
829 2371 998 2421 hereditatem
1020 2372 1097 2420 etiam

125 2443 223 2506 tepetis
238 2442 439 2492 concidentibus.
479 2439 582 2494 ‘uincet
601 2444 701 2508 quidem
720 2457 822 2494 necesse
841 2450 880 2492 est
899 2445 926 2492 im
942 2442 1097 2492 serenitatis

121 2513 267 2575 petitione;
281 2513 328 2562 sed
337 2515 418 2576 116666
433 2516 458 2562 ei
472 2516 547 2578 quusi
561 2515 669 2580 indique
684 2515 788 2578 auferet
801 2514 977 2573 hereditatem,
997 2529 1029 2562 me
1044 2515 1097 2564 ullo

127 2583 204 2632 modo
223 2583 259 2632 ad
276 2599 345 2642 eam,
370 2600 442 2648 quem
465 2592 573 2636 testator
595 2585 713 2634 heredem
736 2585 831 2634 dobere
855 2581 963 2643 moluit’,
985 2583 1034 2634 Kr.
1061 2585 1096 2646 cf.

128 2654 153 2714 ἓ.
169 2665 207 2704 181
224 2655 271 2716 fia.
299 2655 363 2704 Atia
386 2671 455 2704 nanc
473 2658 600 2720 proponit
623 2656 672 2706 Kr.
695 2657 735 2706 ed.
754 2668 773 2706 a.
840 2652 861 2721 ⁹)
880 2654 1003 2719 Sequitur
1027 2656 1097 2704 linea

128 2739 222 2784 vacua,
237 2724 360 2776 rubricae
370 2727 507 2776 destinata.
570 2723 590 2792 ¹)
601 2734 699 2790 propter
708 2727 871 2776 contractione
884 2726 910 2775 0.
920 2741 964 2789 pro
975 2753 1008 2762 —
1021 2753 1053 2762 -
1062 2751 1096 2762 -

128 2823 164 2831 -
180 2823 214 2832 -
228 2807 247 2847 t<
260 2797 300 2846 ed.
315 2795 363 2861 Bp.
404 2797 441 2861 Of.
459 2794 573 2848 ‘Gaius’
589 2814 617 2862 p.
633 2810 667 2850 to.
682 2808 706 2848 et
725 2797 817 2848 Scied.
836 2799 863 2846 ia
882 2813 904 2846 u.
920 2797 1096 2846 damnationem

128 2865 205 2934 infra
219 2868 247 2914 in
263 2869 301 2928 §5-
317 2879 364 2920 106.
380 2880 426 2920 209.
480 2865 499 2933 ²)
514 2869 601 2918 latinus
612 2869 753 2932 adquisierit
765 2868 790 2918 0.
801 2870 877 2918 etiam
892 2863 1003 2916 Vfliedd.
1014 2863 1095 2932 (‘aut’

127 2937 275 2986 addito-ed.
290 2938 338 3004 Bp.
354 2936 387 3016 6.)
415 2939 513 2989 Latinus
528 2955 581 2989 eum
597 2940 731 2990 decesserit
745 2940 784 2989 ed.
795 2955 851 2988 mea
861 2951 880 2989 1.
910 2937 963 2988 Sed
972 2953 1019 2988 aec
1033 2938 1098 2988 daec

203 3093 228 3165 ᾗ.
244 3098 491 3161 152.=pr.I.de
505 3099 559 3150 lter.
580 3101 648 3164 quat.
664 3106 689 3148 et
707 3099 764 3162 diff.
779 3097 812 3164 (a,
827 3096 872 3164 19).
946 3093 1097 3165 §.153.=

127 3169 153 3229 §-
164 3180 185 3219 1.
205 3167 271 3219 Lib.
337 3165 362 3237 ξ.
376 3171 433 3220 154.
445 3172 510 3232 =§.
521 3183 540 3220 1.
560 3171 582 3222 I.
598 3172 642 3220 cit.
657 3171 786 3232 ignominia
801 3166 862 3238 eta]
880 3169 917 3232 Cf.
929 3168 992 3222 Rs.
1013 3167 1056 3218 tt.
1070 3168 1096 3218 0.

127 3239 161 3287 de
176 3239 250 3302 inoff.
265 3245 321 3288 test.
337 3243 368 3306 (1,
378 3239 422 3306 ta).
452 3241 525 3304 infra
538 3253 558 3304 6,
571 3253 604 3294 19.
619 3253 698 3304 4,161.
713 3241 773 3290 Lem
786 3240 836 3292 Iul.
852 3241 945 3290 munic.
961 3257 984 3289 υ.
996 3251 1034 3291 tl't
1044 3254 1096 3303 seq.

128 3309 162 3358 L.
178 3320 212 3360 66.
232 3310 265 3359 D.
281 3326 345 3375 quae
365 3313 392 3360 im
408 3312 446 3374 fr.
467 3313 537 3362 cred.
553 3311 597 3378 (te,
612 3312 643 3377 6).
677 3312 728 3362 Oic.
740 3327 792 3375 pro
810 3310 944 3372 Quintio.
966 3312 988 3372 5.
1003 3321 1029 3360 49
1044 3313 1096 3372 seq'.

129 3380 162 3429 L.
178 3391 200 3432 6.
222 3380 247 3430 0.
263 3383 308 3446 qui
321 3381 378 3432 bom.
394 3383 449 3432 ced.
464 3381 496 3448 (t,
511 3382 555 3450 tt).
628 3379 653 3452 ξ.
671 3385 728 3434 tuo.
745 3384 816 3444 εξ.
831 3395 851 3432 1.
872 3381 952 3430 Leit.
974 3380 1012 3442 Cf.
1028 3379 1059 3426 L.
1076 3392 1095 3428 1.

129 3453 154 3512 ἓ.
170 3462 204 3502 18.
224 3451 257 3500 D.
272 3453 431 3517 deceperat.
448 3453 493 3518 (42,
507 3454 538 3519 6).
555 3455 586 3503 L.
601 3467 622 3506 t.
637 3457 661 3516 ξ.
676 3466 695 3506 6.
716 3454 748 3504 D.
764 3455 795 3503 de
810 3455 901 3502 minor.
916 3449 949 3514 (4,
963 3449 996 3513 t).
1025 3449 1096 3496 eiiam

126 3518 241 3590 saepius]
265 3522 303 3588 Of.
318 3523 350 3573 L.
366 3537 386 3576 6.
401 3537 421 3576 t.
440 3525 472 3574 D.
488 3526 520 3574 de
534 3541 598 3576 cess.
613 3525 671 3576 dou.
686 3524 731 3590 (41,
742 3523 772 3590 a).
792 3524 823 3573 L.
834 3537 854 3576 6.
877 3522 902 3573 0.
914 3521 945 3570 de
960 3520 1015 3570 bon·
1027 3525 1098 3570 auct·

130 3593 186 3642 iud.
204 3591 295 3659 (urs).

182 3695 282 3731 mesre.
294 3696 374 3732 nuum.
388 3699 440 3732 eun.
455 3699 491 3731 nn.
505 3699 528 3732 v.
863 3681 895 3730 17
