2696 4120
256 205 320 271 320
478 181 483 192 1
534 222 594 258 ectr
612 224 709 260 rusum.
727 203 775 262 ΙΙΙ.
797 210 938 261 lat-140.

257 381 290 422 eo
305 366 414 420 nomine
428 363 568 437 stipulatio
591 379 646 420 uon
669 363 728 421 liat:
753 365 826 439 quoti
848 381 935 439 genus
959 365 1133 440 obligationis
1155 383 1222 440 pro·
1260 365 1267 376 '

230 463 237 474 ·
256 449 346 523 prium
360 449 568 524 peregrinorum
584 457 636 506 est.

320 529 382 592 teo.
404 532 544 590 Consensu
566 531 636 589 fiunt
658 533 838 606 obligationes
859 535 887 590 iu
910 534 1093 607 emptionibus
1112 543 1140 591 et
1155 551 1222 594 uen-

257 616 863 688 ditionibus,locationibusconductionibus,
880 619 1066 691 societatibus,
1082 619 1221 681 mandatis.

257 697 321 760 136.
344 701 406 758 ideo
428 709 518 758 autem
546 703 606 758 istis
628 703 715 760 modis
739 719 877 760 consensu
899 703 1011 760 dicimus
1038 702 1219 778 obligationes
1235 717 1298 770 [141]

191 787 391 858 1610000011,
414 789 480 860 qnia
503 802 592 860 neque
614 787 760 844 uerborum
785 781 789 866 Ι
813 803 901 862 neque
916 789 1067 862 scripturae
1082 788 1136 846 ulla
1159 806 1222 862 pro·

257 873 358 946 prietes
381 871 563 942 desideratur,
587 871 636 928 sed
657 870 774 944 sufficit,
797 887 862 944 eos,
885 875 932 945 qui
953 873 1095 946 negotium
1110 882 1222 947 gerunt,

258 957 441 1014 consensisse:
465 955 537 1012 unde
551 957 624 1012 inter
641 955 766 1014 absentes
783 973 893 1030 quoque
913 955 973 1012 talia
988 959 1100 1030 negotia
1115 967 1222 1017 contra·

257 1041 370 1112 buntur,
393 1040 480 1098 ueluti
501 1057 551 1114 per
566 1040 708 1114 epistulam
724 1050 770 1098 aut
785 1057 834 1114 per
848 1043 1057 1113 internuntium,
1078 1057 1140 1098 cum
1155 1041 1221 1100 alio·

258 1127 323 1199 quin
352 1125 498 1182 uerborum
526 1123 657 1200 obligatio
689 1127 761 1182 inter
788 1124 913 1184 absentes
948 1123 1005 1182 fieri
1034 1143 1090 1182 uon
1122 1127 1220 1200 possit.

191 1243 193 1247 ·
259 1204 357 1285 [188]
384 1203 460 1284 ¹(sed
476 1208 580 1266 absenti
597 1226 745 1285 expensum
766 1210 831 1267 ierri
846 1217 955 1284 potest,
979 1211 1031 1266 etsi
1047 1209 1136 1268 uerbis
1152 1209 1220 1268 obli·

258 1296 332 1367 gatio
355 1310 415 1349 cum
438 1293 549 1350 absente
572 1295 696 1352 contrahi
718 1311 773 1352 non
795 1287 906 1372 possit).
948 1289 1013 1352 137.
1035 1294 1102 1352 ltem
1122 1295 1149 1350 in
1176 1295 1219 1350 his

257 1377 441 1434 conmactibus
464 1377 532 1434 alter
552 1377 629 1434 alteri
645 1377 782 1454 obligatur
802 1379 837 1436 de
852 1396 899 1451 ea,
923 1379 996 1453 quod
1011 1379 1127 1438 alterum
1142 1378 1220 1436 alteri

257 1477 290 1517 ex
304 1459 377 1518 bono
394 1470 421 1518 et
436 1479 522 1536 aequo
537 1472 678 1536 praestare
693 1472 814 1538 oportet,
830 1481 892 1522 cum
902 1463 1023 1538 alioquin
1034 1465 1062 1520 iu
1073 1464 1219 1521 uerborum

258 1545 469 1618 obligationibus
484 1546 552 1602 alius
568 1547 722 1622 stipuletur,
740 1548 807 1606 alius
823 1550 973 1624 promittat,
988 1557 1016 1605 et
1026 1549 1054 1604 in
1064 1547 1218 1606 nominibus

258 1629 327 1686 alius
342 1646 489 1704 expensum
505 1631 617 1688 terendo
633 1631 752 1706 obliget,
767 1633 835 1690 alius
851 1632 998 1708 obligetur.

546 1747 579 1794 De
594 1749 720 1810 emptione
735 1755 759 1796 et
773 1748 930 1798 venditione.

321 1848 385 1912 139.
398 1855 511 1928 Emptio
524 1862 552 1912 et
563 1853 688 1913 venditio
702 1849 911 1928 contrabitur‚²
922 1873 982 1913 cum
995 1849 1042 1912 de3
1053 1857 1142 1930 pretio
1156 1872 1219 1912 con·

257 1939 375 2010 acuerit,
392 1940 515 2012 quamuis
530 1941 651 1996 nondum
666 1941 784 2014 pretium
802 1949 972 1998 numeratum
988 1941 1034 2012 sit,
1054 1956 1084 1997 ac
1105 1957 1139 1998 ne
1161 1956 1219 1996 arra

257 2022 366 2097 quidem
381 2023 444 2080 data
459 2023 557 2080 luerit:
580 2041 641 2080 nam
657 2023 731 2098 quod
747 2041 827 2082 arrae
849 2027 957 2082 nomine
972 2025 1060 2096 datur,
1076 2041 1219 2100 argumen-

255 2115 312 2163 tum
335 2116 377 2164 est
397 2107 542 2182 emptionis
564 2116 592 2166 et
613 2107 775 2166 uenditiouis
797 2117 961 2168 contractae.
1010 2104 1078 2167 140.
1100 2109 1219 2166 Pretium

256 2199 346 2248 autem
371 2201 477 2250 certum
504 2211 564 2250 esse
591 2191 685 2250 debet:
712 2210 772 2250 nam
800 2193 920 2266 alioquin
941 2195 964 2251 si
983 2195 1022 2250 ita
1046 2195 1119 2250 inter
1138 2186 1220 2250 'uos4

255 2277 426 2346 conuenerit,
443 2285 474 2333 ut
490 2279 584 2352 quanti
598 2277 686 2334 Titius
699 2293 756 2334 rem
767 2279 964 2352 aestimauerit,
981 2280 1050 2335 tanti
1066 2280 1101 2334 sit
1117 2287 1218 2352 empta,

255 2360 343 2416 Labeo
360 2363 479 2434 negauit,
496 2362 578 2419 ullam
594 2364 648 2419 uim
664 2362 717 2420 boc
731 2363 872 2437 negotium
888 2362 1003 2433 habere;
1019 2365 1097 2421 cuius
1113 2365 1219 2438 opinio·

330 2508 349 2576 ¹)
369 2511 456 2562 Verba
474 2513 551 2562 baias
565 2515 592 2573 §i
605 2529 670 2578 qaae
685 2516 712 2562 in
728 2514 754 2563 (J.
767 2516 927 2577 past§.1tt.
943 2517 1078 2580 leguntur,
1097 2531 1148 2566 non
1163 2532 1220 2566 cam

255 2581 340 2648 Kriip.
361 2584 387 2632 in
406 2584 445 2633 ed.
460 2582 534 2634 Stoa.
554 2591 582 2633 at
597 2587 725 2651 glossema
739 2585 907 2648 capellenda,
926 2587 974 2648 sed
987 2587 1103 2652 fugitiva
1117 2594 1178 2636 sant
1194 2594 1219 2636 et

255 2654 279 2704 b.
296 2655 312 2703 l.
323 2655 446 2718 ponenda
460 2661 522 2706 ante
535 2657 557 2718 ξ.
573 2667 620 2708 tet.
636 2653 730 2721 (simite
744 2655 781 2705 ibi
794 2657 995 2708 additamentum
1010 2665 1037 2706 nt
1053 2659 1075 2718 ξ.
1091 2656 1149 2722 tte).
1175 2657 1220 2706 nbi

256 2741 312 2774 cum
326 2726 486 2776 caecidissent
500 2733 525 2774 et
538 2727 574 2776 ad
587 2729 729 2792 marginem
741 2729 860 2791 suppleta
874 2735 972 2789 essent,
992 2727 1118 2776 librarius
1131 2743 1162 2775 ea
1177 2729 1216 2774 in·

255 2802 343 2845 certus
357 2813 406 2860 quo
416 2799 589 2860 pertinerent,
604 2799 631 2848 in
639 2800 691 2861 fine
697 2813 749 2862 pra
760 2813 829 2850 more
844 2800 906 2863 (aid.
916 2815 964 2849 aar
974 2796 1216 2847 Pandelctenlcritile.

255 2876 316 2918 1870.
335 2882 364 2931 p.
383 2879 417 2920 itt.
437 2866 482 2932 aa).
506 2870 524 2918 i.
540 2884 576 2918 e.:
594 2877 656 2933 post
670 2871 694 2931 ᾖ.
709 2881 756 2922 lst-
775 2885 807 2918 ea
826 2871 858 2919 de
877 2884 957 2920 caasa
971 2869 1089 2934 posuisse
1104 2867 1218 2928 videtur,

255 2939 325 3002 qaod
337 2941 448 3002 spatium
462 2939 499 2989 ibi
512 2955 621 2990 uacuam
630 2942 658 2989 in
670 2939 740 3003 aaa,
754 2941 822 2990 ande
832 2939 1001 2998 describebat,
1015 2940 1121 2988 invenit.
1153 2937 1219 2990 Nam

255 3015 280 3057 et
300 3011 355 3072 ipse
374 3009 411 3060 ibi
424 3027 446 3060 a.
462 3022 496 3062 ts.
511 3011 571 3074 sere
586 3013 704 3060 trientem
717 3027 825 3062 uacuum
839 3013 946 3077 reliquit
958 3019 984 3061 et
997 3027 1019 3060 a.
1030 3021 1063 3064 te.
1078 3011 1219 3061 secandam

260 3075 305 3127 Vit
326 3079 449 3131 rubricae
468 3083 615 3132 destinavit.
686 3078 708 3147 ²)
726 3082 772 3131 Em
795 3079 848 3132 W.
913 3079 934 3148 8)
954 3082 1020 3132 Num
1038 3089 1137 3133 uetusta
1156 3084 1219 3134 vitto

255 3152 374 3201 omissam
388 3167 414 3201 re
429 3154 469 3201 et?
533 3149 556 3218 ⁴)
571 3152 616 3202 Em
634 3169 689 3204 mea
707 3156 740 3217 ai.
752 3155 873 3217 firmante
892 3149 945 3203 Vae,
970 3169 1011 3202 eos
1029 3153 1054 3203 0.
1069 3154 1127 3204 edd.
1143 3155 1220 3204 etiam

254 3237 309 3273 mea
320 3235 339 3274 1.
357 3223 521 3274 lastinianus
526 3239 578 3287 pro
588 3239 658 3276 more
667 3240 714 3276 sno
725 3227 919 3290 imperatoriam
929 3226 1085 3276 maiestatem
1095 3227 1220 3290 exemplis

254 3309 384 3359 nunquam
398 3295 578 3346 immiscendae
593 3297 620 3346 in
634 3295 719 3348 Instit.
733 3298 809 3346 etiam
823 3295 847 3346 b.
864 3299 880 3346 l.
891 3311 944 3359 pro
959 3311 1003 3345 nos
1013 3297 1104 3360 posuit
1118 3296 1219 3360 aliquos.

325 3432 352 3505 ξ.
373 3438 521 3489 tea-13⁷.
541 3459 575 3480 --ι
594 3438 626 3488 L.
642 3451 662 3489 a.
681 3440 714 3487 Ι).
729 3439 761 3490 de
780 3438 828 3489 obl.
848 3445 873 3488 et
891 3445 943 3489 act.
958 3436 1008 3505 (1-1,
1024 3437 1055 3504 7).
1086 3437 1134 3486 Tit.
1149 3436 1171 3485 I.
1187 3438 1220 3486 de

254 3523 324 3558 eones.
340 3507 496 3576 oblimet).
569 3511 592 3572 ἓ.
610 3511 668 3562 139.
684 3526 772 3573 =pr.
788 3509 810 3558 I.
825 3510 857 3560 de
871 3516 945 3573 empt.
967 3508 1003 3574 (tt,
1018 3509 1063 3574 28).
1094 3508 1132 3571 Cf.
1147 3507 1219 3572 Epit.

253 3589 274 3641 t,
288 3591 309 3630 0.
329 3580 352 3640 5.
368 3591 401 3629 tt.
474 3576 499 3648 ξ.
518 3582 576 3631 140.
598 3581 636 3643 Of.
652 3582 674 3642 ξ.
690 3593 710 3632 1.
730 3580 800 3630 Lib.
