2684 4112
531 932 689 1008 IVLIVS
716 932 942 1007 PAVLLVS.

317 1092 359 1133 Da
381 1090 466 1133 IVLIO
489 1089 609 1132 PAVLLO
632 1087 766 1136 mvsova
789 1089 1027 1131 sauraumuvu
1053 1087 1157 1129 LIBRIS

623 1172 848 1214 Pnnnuonrrro.

329 1303 416 1356 Iulius
427 1301 551 1366 Paullus,
564 1317 619 1355 non
632 1303 718 1370 poeta
733 1301 782 1355 ille
801 1302 974 1370 temporibus
992 1301 1062 1370 Imp.
1081 1302 1214 1355 Antonini
1225 1324 1287 1374 [3521

261 1371 305 1424 Pii
323 1369 412 1423 clarus
431 1368 557 1435 ((14115,
576 1375 599 1422 4.
624 1375 664 1434 16,
685 1375 723 1423 10.
744 1374 784 1433 19,
803 1371 837 1436 1.)
855 1368 905 1422 sed
923 1368 1010 1434 lCtus,
1028 1368 1103 1422 unde
1121 1369 1214 1422 oriun-

263 1439 314 1490 dus
331 1436 424 1500 fuerit,
442 1436 526 1514 plano
545 1437 587 1488 est
604 1435 750 1488 incertum.
782 1434 1053 1500 Ρ414114414141444,
1073 1451 1108 1488 ex
1120 1437 1215 1490 statua

262 1502 373 1556 Patavii
396 1502 466 1555 Iuho
484 1501 583 1555 Paullo
604 1502 715 1554 cuidam
737 1502 844 1578 dicata,
867 1503 900 1555 ut
916 1503 1036 1556 recentis
1054 1503 1155 1555 aetatis
1171 1504 1214 1555 in-

159 1580 163 1586 '
263 1570 442 1647 scriptionem
452 1571 569 1634 taceam,
579 1569 657 1622 nullo
667 1569 727 1622 iure
737 1570 899 1623 adstruitur.
923 1569 988 1622 Fuit
996 1568 1213 1622 autem-Domitii

265 1637 376 1714 Ulpiani
394 1637 518 1704 aequalis
537 1639 566 1689 et
582 1651 633 1704 per
649 1651 745 1689 omnes
756 1637 815 1689 fere
827 1636 963 1690 honorum
976 1635 1079 1705 gradus
1092 1651 1212 1690 consors.

263 1705 386 1758 Primum
399 1705 516 1756 fortasse
530 1702 759 1756 advocationibus
770 1702 875 1756 Romae
888 1719 955 1756 occu
978 1705 1040 1756 4144
1050 1703 1089 1772 (L.
1100 1708 1140 1756 18.
1152 1704 1175 1762 §-
1185 1709 1211 1758 6.

263 1771 293 1824 D.
302 1771 336 1824 de
345 1771 372 1824 le
395 1777 432 1824 ,3.
450 1769 617 1823 Artemidor.
626 1769 741 1826 onirocr.
748 1775 772 1834 4,
779 1776 811 1824 80
824 1721 1212 1824 colszsolrirneroZeilsebr.

262 1838 280 1894 f.
293 1837 351 1892 Ro.
389 1837 422 1890 11.
441 1853 468 1904 p.
483 1838 558 1905 143),
571 1853 633 1890 4441
647 1836 697 1888 sub
710 1837 796 1904 impp.
811 1835 914 1892 Severo
927 1839 956 1890 et
968 1835 1111 1890 Caracalla
1120 1839 1212 1890 Aemi·

262 1905 300 1958 lio
313 1904 466 1974 Papiniano
485 1903 628 1971 praefecto
646 1903 787 1972 praetorio
805 1903 936 1956 scrinium
954 1903 1105 1958 memoriae
1124 1920 1211 1972 agens

262 1972 411 2026 assedisset
429 1969 577 2039 (Spartian.
591 1971 668 2027 Pesc.
682 1969 744 2037 Nig.
759 1972 793 2036 1.)
813 1973 842 2023 41
863 1970 1164 2038 ipsis-imperatoribus
1181 1971 1211 2024 in

262 2040 376 2093 oonsilio
399 2038 498 2092 fuisset
528 2035 668 2105 Lamprid.
687 2036 765 2090 Alex.
784 2042 823 2092 26.
852 2035 990 2105 Spartian.
1008 2037 1084 2095 Peso.
1103 2036 1167 2106 Nig.
1187 2043 1209 2095 7.

261 2105 290 2158 L.
308 2112 349 2163 40.
376 2106 410 2160 D.
434 2105 469 2159 ds
491 2121 520 2158 re
544 2145 549 2156 .
574 2104 647 2158 cred.
669 2109 713 2169 12,
735 2109 756 2159 l.
779 2103 809 2157 L.
827 2110 866 2158 91.
892 2103 925 2157 D.
944 2105 979 2158 de
998 2120 1057 2172 aeq.
1075 2122 1101 2157 v.
1118 2103 1209 2181 omitt.

261 2173 319 2227 her.
338 2179 379 2239 13,
398 2179 421 2226 2.
441 2171 470 2225 L.
489 2177 520 2226 38
538 2189 580 2239 pr.
600 2169 634 2224 D.
654 2170 689 2224 de
707 2170 804 2224 minor.
824 2177 848 2236 4,
866 2177 890 2224 4.
909 2170 938 2223 L.
957 2177 997 2226 50.
1015 2175 1048 2225 D.
1064 2171 1098 2224 de
1116 2188 1133 2226 1.
1151 2171 1211 2226 fisci

260 2247 303 2306 49,
324 2246 363 2294 14.
389 2239 419 2297 L.
436 2245 460 2294 9.
487 2237 521 2295 D.
541 2238 575 2291 ds
594 2237 686 2292 decur.
705 2243 751 2301 50,
770 2239 809 2306 2),
831 2237 922 2292 factus
945 2239 987 2291 est
1004 2238 1039 2292 ab
1057 2237 1108 2290 Ela
1130 2238 1211 2292 abalo

261 2307 316 2373 vel,
336 2306 412 2372 quod
429 2305 557 2374 plerique
575 2305 679 2358 maiore
698 2304 781 2358 veris
803 2304 861 2358 eois
873 2305 1026 2372 tradidere,
1045 2305 1080 2358 ab
1094 2255 1211 2358 Alexan·
1325 2373 1328 2380 .

262 2375 311 2426 dro
325 2374 438 2426 demum
450 2371 608 2439 praefectus
645 2371 763 2425 raetorio
777 2377 785 2436 (
810 2387 854 2425 am
876 2371 927 2424 rid.
940 2372 959 2425 l.
973 2376 1022 2438 o.);
1041 2372 1211 2441 Elagabalus

262 2441 337 2494 enim
355 2456 419 2517 eum
437 2388 642 2515 relegasserel
657 2389 1000 2516 deportassenlexander
1011 2441 1085 2493 inter
1097 2439 1211 2493 exordia

261 2503 1210 2627 441444444414414144141·44

261 2641 345 2704 cavit,
364 2639 442 2692 velut
453 2637 627 2691 Modestinus
638 2611 670 2690 Li
685 2589 760 2704 1131.
774 2589 810 2695 aq
822 2638 854 2715 D.
870 2639 904 2693 de
917 2590 1010 2695 excusi
1022 2645 1074 2704 (27,
1089 2589 1123 2707 lp
1143 2639 1209 2694 Gor·

261 2707 361 2762 dianus
377 2706 408 2764 1..
426 2711 450 2758 o.
473 2703 502 2758 O.
525 2704 560 2758 ds
584 2706 662 2774 nupt.
681 2708 720 2772 (o,
737 2710 778 2770 4),
801 2705 992 2761 Diocletianus
1014 2705 1044 2759 L.
1064 2713 1101 2763 ll.
1126 2706 1209 2760 (1.4(1

261 2775 316 2843 leg.
335 2774 416 2828 Corn.
436 2772 470 2825 de
488 2771 548 2825 1414.
567 2773 602 2840 (9,
620 2773 676 2840 11),
695 2772 864 2825 Iustinianus
882 2775 969 2830 const.
1005 2772 1122 2830 Omnem
1140 2775 1209 2842 reip.

261 2846 284 2906 ξ.
296 2847 328 2906 o,
349 2841 379 2894 et
395 2839 458 2907 ipsa
471 2838 563 2917 Paulli
581 2841 692 2959 scripta,
712 2855 790 2918 quae⁸
802 2841 959 2908 supersunt,
978 2841 1125 2905 testantur,
1144 2856 1209 2894 eum

260 2909 334 2961 inter
352 2922 473 2960 summos
490 2923 558 2960 14114
577 2922 628 2960 444
650 2908 734 2960 itores
751 2907 845 2970 141444,
884 2907 913 2959 ui
924 2908 1030 2976 ingenii
1041 2907 1168 2962 acumine
1182 2910 1210 2962 et

260 2973 480 3043 iurisprudentia
496 2973 601 3028 nemini
614 2973 736 3040 cesserit,
754 2923 893 3027 scribendi
906 2990 970 3028 vero
983 2976 1111 3029 ubertate
1125 2975 1209 3028 etiam

260 3042 352 3111 pleros
373 3058 408 3095 44
425 3042 533 3099 vicerit.

327 3059 404 3163 Inter
420 3108 506 3163 libros
525 3108 585 3162 eius
602 3107 648 3161 rix
666 3106 714 3160 alii
731 3106 866 3185 maiorem
884 3107 959 3176 a'pud
996 3109 1103 3162 osteros
1116 3111 1208 3163 aucto·

260 3177 373 3231 ritatem
389 3176 466 3229 nacti
484 3177 557 3240 sunt,
595 3190 660 3228 uam
673 3173 892 3228 ‘Sententiarum
906 3175 941 3228 ad
953 3125 1040 3228 filium
1052 3175 1117 3228 libri
1130 3176 1208 3242 quin·

260 3253 335 3312 que’,
354 3243 458 3298 similes
474 3241 518 3294 illi
554 3242 583 3293 ui
605 3257 648 3294 em
667 3242 697 3294 et
713 3240 830 3296 14114444
848 3241 952 3294 aemuli
970 3241 1083 3362 Ulpiani
1096 3241 1208 3310 Opinio·

259 3312 354 3378 nibus,
376 3310 429 3364 nisi
448 3308 522 3376 quod
564 3323 596 3360 oc
615 3323 696 3376 opus,
719 3309 796 3362 cuius
819 3310 995 3362 sextantum
1023 3309 1078 3362 ibri
1095 3310 1207 3378 priores,
1322 3367 1323 3370 ,

260 3378 469 3434 Sententiarum
486 3374 576 3442 primo
599 3375 629 3428 41
646 3374 727 3428 alteri
744 3375 802 3430 iere
824 3391 868 3429 res
889 3376 1040 3442 ondentes,
1063 3376 1208 3430 Iustiniani

260 3462 360 3500 aevum
381 3443 517 3502 tulerant,
540 3440 629 3493 multo
651 3442 784 3508 prolixius
806 3393 918 3496 videtur
939 3443 1033 3497 fuisse.
1079 3443 1206 3498 Ceterum

259 3513 379 3588 utroque
392 3525 475 3586 opere
488 3507 517 3560 id
529 3510 648 3586 egerunt
660 3510 795 3586 auctores,
808 3511 841 3562 ut
850 3509 933 3563 edicti
942 3511 1073 3629 perpetui
1083 3511 1207 3564 ordinem
1321 3555 1322 3566 .

259 3579 347 3631 444411
360 3578 516 3644 potrssrmas
528 3592 597 3628 14114
610 3577 769 3642 4441441144,
785 3591 857 3644 quae
870 3593 922 3630 usu
934 3577 999 3630 inva
1011 3579 1117 3642 uerunt,
1130 3579 1207 3645 quasi
