<?xml version="1.0" encoding="UTF-8"?>
<!DOCTYPE html PUBLIC "-//W3C//DTD XHTML 1.0 Transitional//EN"
    "http://www.w3.org/TR/xhtml1/DTD/xhtml1-transitional.dtd">
<html xmlns="http://www.w3.org/1999/xhtml" xml:lang="en" lang="en">
 <head>
  <title>
</title>
<meta http-equiv="Content-Type" content="text/html;charset=utf-8" />
  <meta name='ocr-system' content='tesseract 3.04.00' />
  <meta name='ocr-capabilities' content='ocr_page ocr_carea ocr_par ocr_line ocrx_word'/>
</head>
<body>
  <div class='ocr_page' id='page_1' title='image "./ivrisprvdentiae00huscgoog_0557.png"; bbox 0 0 2692 4114; ppageno 0'>
   <div class='ocr_carea' id='block_1_1' title="bbox 428 166 1095 234">
    <p class='ocr_par' dir='ltr' id='par_1_1' title="bbox 428 166 1095 234">
     <span class='ocr_line' id='line_1_1' title="bbox 428 166 1095 234; baseline -0.001 -11"><span class='ocrx_word' id='word_1_1' title='bbox 428 189 494 226; x_wconf 78' lang='lat' dir='ltr'>sven</span> <span class='ocrx_word' id='word_1_2' title='bbox 511 188 606 225; x_wconf 76' lang='lat' dir='ltr'>revera</span> <span class='ocrx_word' id='word_1_3' title='bbox 625 189 696 224; x_wconf 79' lang='lat' dir='ltr'>esur.</span> <span class='ocrx_word' id='word_1_4' title='bbox 715 169 748 222; x_wconf 88' lang='lat' dir='ltr'>V.</span> <span class='ocrx_word' id='word_1_5' title='bbox 769 167 808 224; x_wconf 69' lang='lat' dir='ltr'>bb.</span> <span class='ocrx_word' id='word_1_6' title='bbox 1030 166 1095 234; x_wconf 82' lang='lat'>535</span> 
     </span>
    </p>
   </div>
   <div class='ocr_carea' id='block_1_2' title="bbox 143 315 1099 1296">
    <p class='ocr_par' dir='ltr' id='par_1_2' title="bbox 143 315 1099 1296">
     <span class='ocr_line' id='line_1_2' title="bbox 143 315 1096 396; baseline -0.003 -19"><span class='ocrx_word' id='word_1_7' title='bbox 143 319 285 396; x_wconf 87' lang='lat' dir='ltr'>appellari,</span> <span class='ocrx_word' id='word_1_8' title='bbox 314 334 402 391; x_wconf 89' lang='lat' dir='ltr'>neque</span> <span class='ocrx_word' id='word_1_9' title='bbox 425 319 451 374; x_wconf 88' lang='lat' dir='ltr'>in</span> <span class='ocrx_word' id='word_1_10' title='bbox 474 317 584 391; x_wconf 86' lang='lat' dir='ltr'>duplum</span> <span class='ocrx_word' id='word_1_11' title='bbox 606 318 728 374; x_wconf 87' lang='lat' dir='ltr'>reuocari</span> <span class='ocrx_word' id='word_1_12' title='bbox 751 325 850 390; x_wconf 89' lang='lat' dir='ltr'>potest.</span> <span class='ocrx_word' id='word_1_13' title='bbox 899 315 929 373; x_wconf 86' lang='grc'>8.</span> <span class='ocrx_word' id='word_1_14' title='bbox 958 317 1010 374; x_wconf 85' lang='lat' dir='ltr'>lies</span> <span class='ocrx_word' id='word_1_15' title='bbox 1033 317 1096 374; x_wconf 89' lang='lat' dir='ltr'>olim</span> 
     </span>
     <span class='ocr_line' id='line_1_3' title="bbox 144 392 1097 476; baseline -0.003 -15"><span class='ocrx_word' id='word_1_16' title='bbox 144 405 258 462; x_wconf 81' lang='lat' dir='ltr'>iudicata</span> <span class='ocrx_word' id='word_1_17' title='bbox 287 411 351 476; x_wconf 88' lang='lat' dir='ltr'>post</span> <span class='ocrx_word' id='word_1_18' title='bbox 378 402 490 475; x_wconf 84' lang='lat' dir='ltr'>longum</span> <span class='ocrx_word' id='word_1_19' title='bbox 518 401 655 456; x_wconf 87' lang='lat' dir='ltr'>sitentium</span> <span class='ocrx_word' id='word_1_20' title='bbox 683 401 710 456; x_wconf 93' lang='lat' dir='ltr'>in</span> <span class='ocrx_word' id='word_1_21' title='bbox 737 392 865 458; x_wconf 77' lang='lat' dir='ltr'>iudiciuin</span> <span class='ocrx_word' id='word_1_22' title='bbox 899 396 1013 458; x_wconf 70' lang='grc' dir='ltr'>(1854ιοίί</span> <span class='ocrx_word' id='word_1_23' title='bbox 1041 418 1097 458; x_wconf 92' lang='lat' dir='ltr'>non</span> 
     </span>
     <span class='ocr_line' id='line_1_4' title="bbox 145 477 1097 563; baseline -0.003 -20"><span class='ocrx_word' id='word_1_24' title='bbox 145 497 252 563; x_wconf 84' lang='lat' dir='ltr'>potest,</span> <span class='ocrx_word' id='word_1_25' title='bbox 273 501 323 542; x_wconf 84' lang='lat' dir='ltr'>nee</span> <span class='ocrx_word' id='word_1_26' title='bbox 338 502 370 542; x_wconf 91' lang='lat' dir='ltr'>eo</span> <span class='ocrx_word' id='word_1_27' title='bbox 387 487 494 540; x_wconf 85' lang='lat' dir='ltr'>nomine</span> <span class='ocrx_word' id='word_1_28' title='bbox 508 486 536 540; x_wconf 91' lang='lat' dir='ltr'>in</span> <span class='ocrx_word' id='word_1_29' title='bbox 552 484 662 557; x_wconf 81' lang='lat' dir='ltr'>dapium</span> <span class='ocrx_word' id='word_1_30' title='bbox 683 477 832 540; x_wconf 81' lang='lat' dir='ltr'>reuocari.²</span> <span class='ocrx_word' id='word_1_31' title='bbox 874 483 986 558; x_wconf 75' lang='lat' dir='ltr'>longum</span> <span class='ocrx_word' id='word_1_32' title='bbox 1009 493 1097 541; x_wconf 88' lang='lat' dir='ltr'>autern</span> 
     </span>
     <span class='ocr_line' id='line_1_5' title="bbox 147 567 1097 645; baseline -0.004 -17"><span class='ocrx_word' id='word_1_33' title='bbox 147 582 252 645; x_wconf 88' lang='lat' dir='ltr'>tempus</span> <span class='ocrx_word' id='word_1_34' title='bbox 268 569 391 643; x_wconf 78' lang='lat' dir='ltr'>exempto</span> <span class='ocrx_word' id='word_1_35' title='bbox 407 569 504 642; x_wconf 78' lang='lat' dir='ltr'>longae</span> <span class='ocrx_word' id='word_1_36' title='bbox 519 568 740 642; x_wconf 78' lang='lat' dir='ltr'><strong>praescriptionis</strong></span> <span class='ocrx_word' id='word_1_37' title='bbox 756 567 878 624; x_wconf 82' lang='lat' dir='ltr'>decennii</span> <span class='ocrx_word' id='word_1_38' title='bbox 890 570 961 624; x_wconf 88' lang='lat' dir='ltr'>inter</span> <span class='ocrx_word' id='word_1_39' title='bbox 972 585 1097 644; x_wconf 87' lang='lat' dir='ltr'>praesen·</span> 
     </span>
     <span class='ocr_line' id='line_1_6' title="bbox 145 645 1098 728; baseline -0.002 -18"><span class='ocrx_word' id='word_1_40' title='bbox 145 663 203 728; x_wconf 86' lang='lat' dir='ltr'>tes,</span> <span class='ocrx_word' id='word_1_41' title='bbox 226 663 253 710; x_wconf 93' lang='lat' dir='ltr'>et</span> <span class='ocrx_word' id='word_1_42' title='bbox 275 655 347 710; x_wconf 88' lang='lat' dir='ltr'>inter</span> <span class='ocrx_word' id='word_1_43' title='bbox 370 652 495 710; x_wconf 76' lang='lat' dir='ltr'><strong>absentes</strong></span> <span class='ocrx_word' id='word_1_44' title='bbox 518 653 633 708; x_wconf 86' lang='lat' dir='ltr'>uicennii</span> <span class='ocrx_word' id='word_1_45' title='bbox 655 645 852 724; x_wconf 79' lang='lat' dir='ltr'>consputatur.³</span> <span class='ocrx_word' id='word_1_46' title='bbox 900 648 929 708; x_wconf 82' lang='grc'>9.</span> <span class='ocrx_word' id='word_1_47' title='bbox 953 647 1000 708; x_wconf 76' lang='lat' dir='ltr'>⁴bt</span> <span class='ocrx_word' id='word_1_48' title='bbox 1020 669 1098 710; x_wconf 83' lang='lat' dir='ltr'>causa</span> 
     </span>
     <span class='ocr_line' id='line_1_7' title="bbox 144 734 1098 811; baseline -0.003 -17"><span class='ocrx_word' id='word_1_49' title='bbox 144 737 253 811; x_wconf 85' lang='lat' dir='ltr'>capitali</span> <span class='ocrx_word' id='word_1_50' title='bbox 268 737 363 793; x_wconf 81' lang='lat' dir='ltr'>absens</span> <span class='ocrx_word' id='word_1_51' title='bbox 378 753 458 794; x_wconf 87' lang='lat' dir='ltr'>nemo</span> <span class='ocrx_word' id='word_1_52' title='bbox 474 735 631 804; x_wconf 81' lang='lat' dir='ltr'>damnatur3</span> <span class='ocrx_word' id='word_1_53' title='bbox 647 751 736 808; x_wconf 90' lang='lat' dir='ltr'>neque</span> <span class='ocrx_word' id='word_1_54' title='bbox 752 734 846 792; x_wconf 77' lang='lat' dir='ltr'>absens</span> <span class='ocrx_word' id='word_1_55' title='bbox 862 751 911 808; x_wconf 88' lang='lat' dir='ltr'>per</span> <span class='ocrx_word' id='word_1_56' title='bbox 925 735 1005 791; x_wconf 89' lang='lat' dir='ltr'>aliurn</span> <span class='ocrx_word' id='word_1_57' title='bbox 1021 751 1098 793; x_wconf 85' lang='lat' dir='ltr'>aesn-</span> 
     </span>
     <span class='ocr_line' id='line_1_8' title="bbox 145 813 1098 894; baseline -0.002 -16"><span class='ocrx_word' id='word_1_58' title='bbox 145 839 205 878; x_wconf 90' lang='lat' dir='ltr'>sare</span> <span class='ocrx_word' id='word_1_59' title='bbox 228 829 273 877; x_wconf 87' lang='lat' dir='ltr'>ant</span> <span class='ocrx_word' id='word_1_60' title='bbox 294 822 413 878; x_wconf 80' lang='lat' dir='ltr'>accusari</span> <span class='ocrx_word' id='word_1_61' title='bbox 428 827 530 894; x_wconf 90' lang='lat' dir='ltr'>potest.</span> <span class='ocrx_word' id='word_1_62' title='bbox 573 814 620 875; x_wconf 90' lang='grc'>10.</span> <span class='ocrx_word' id='word_1_63' title='bbox 647 813 748 874; x_wconf 78' lang='lat' dir='ltr'>⁶Falsis</span> <span class='ocrx_word' id='word_1_64' title='bbox 763 820 952 876; x_wconf 74' lang='lat' dir='ltr'>instrumentis</span> <span class='ocrx_word' id='word_1_65' title='bbox 966 820 1098 892; x_wconf 79' lang='lat' dir='ltr'>religione</span> 
     </span>
     <span class='ocr_line' id='line_1_9' title="bbox 146 895 1099 976; baseline -0.002 -14"><span class='ocrx_word' id='word_1_66' title='bbox 146 905 240 962; x_wconf 85' lang='lat' dir='ltr'>iudicis</span> <span class='ocrx_word' id='word_1_67' title='bbox 255 905 448 976; x_wconf 85' lang='lat' dir='ltr'>circumducta,</span> <span class='ocrx_word' id='word_1_68' title='bbox 461 905 484 960; x_wconf 90' lang='lat' dir='ltr'>si</span> <span class='ocrx_word' id='word_1_69' title='bbox 499 903 588 959; x_wconf 86' lang='lat' dir='ltr'>&#39;modo</span> <span class='ocrx_word' id='word_1_70' title='bbox 604 895 693 959; x_wconf 78' lang='lat' dir='ltr'>diota⁸</span> <span class='ocrx_word' id='word_1_71' title='bbox 708 905 841 958; x_wconf 85' lang='lat' dir='ltr'>sententia</span> <span class='ocrx_word' id='word_1_72' title='bbox 857 905 931 976; x_wconf 88' lang='lat' dir='ltr'>prius</span> <span class='ocrx_word' id='word_1_73' title='bbox 944 901 977 958; x_wconf 87' lang='lat' dir='ltr'>de</span> <span class='ocrx_word' id='word_1_74' title='bbox 989 905 1099 960; x_wconf 86' lang='lat' dir='ltr'>erimine</span> 
     </span>
     <span class='ocr_line' id='line_1_10' title="bbox 146 986 1098 1060; baseline 0 -14"><span class='ocrx_word' id='word_1_75' title='bbox 146 989 262 1046; x_wconf 85' lang='lat' dir='ltr'>admisso</span> <span class='ocrx_word' id='word_1_76' title='bbox 278 991 450 1059; x_wconf 85' lang='lat' dir='ltr'>eonstiterit,</span> <span class='ocrx_word' id='word_1_77' title='bbox 473 989 531 1044; x_wconf 91' lang='lat' dir='ltr'>eius</span> <span class='ocrx_word' id='word_1_78' title='bbox 554 1001 649 1042; x_wconf 82' lang='lat' dir='ltr'>causae</span> <span class='ocrx_word' id='word_1_79' title='bbox 671 988 829 1042; x_wconf 80' lang='lat' dir='ltr'>instauratio</span> <span class='ocrx_word' id='word_1_80' title='bbox 851 989 910 1050; x_wconf 88' lang='lat' dir='ltr'>iure</span> <span class='ocrx_word' id='word_1_81' title='bbox 932 986 1098 1060; x_wconf 84' lang='lat' dir='ltr'>deposcitur.</span> 
     </span>
     <span class='ocr_line' id='line_1_11' title="bbox 146 1066 1099 1144; baseline -0.003 -14"><span class='ocrx_word' id='word_1_82' title='bbox 146 1067 207 1130; x_wconf 88' lang='lat'><strong>⁷11.</strong></span> <span class='ocrx_word' id='word_1_83' title='bbox 230 1066 326 1129; x_wconf 68' lang='lat' dir='ltr'>narret</span> <span class='ocrx_word' id='word_1_84' title='bbox 347 1072 444 1130; x_wconf 82' lang='lat' dir='ltr'>calculi</span> <span class='ocrx_word' id='word_1_85' title='bbox 465 1071 574 1144; x_wconf 79' lang='lat' dir='ltr'>saepius</span> <span class='ocrx_word' id='word_1_86' title='bbox 588 1087 618 1125; x_wconf 89' lang='lat' dir='ltr'>se</span> <span class='ocrx_word' id='word_1_87' title='bbox 640 1072 741 1143; x_wconf 90' lang='lat' dir='ltr'>patitur</span> <span class='ocrx_word' id='word_1_88' title='bbox 763 1072 920 1144; x_wconf 89' lang='lat' dir='ltr'>supputari,</span> <span class='ocrx_word' id='word_1_89' title='bbox 935 1078 1016 1144; x_wconf 89' lang='lat' dir='ltr'>atque</span> <span class='ocrx_word' id='word_1_90' title='bbox 1038 1071 1099 1128; x_wconf 88' lang='lat' dir='ltr'>ideo</span> 
     </span>
     <span class='ocr_line' id='line_1_12' title="bbox 145 1153 1099 1231; baseline -0.002 -19"><span class='ocrx_word' id='word_1_91' title='bbox 145 1165 238 1231; x_wconf 92' lang='lat' dir='ltr'>potest</span> <span class='ocrx_word' id='word_1_92' title='bbox 254 1171 425 1230; x_wconf 80' lang='lat' dir='ltr'>quocumque</span> <span class='ocrx_word' id='word_1_93' title='bbox 447 1165 570 1229; x_wconf 87' lang='lat' dir='ltr'>tempore</span> <span class='ocrx_word' id='word_1_94' title='bbox 591 1157 747 1218; x_wconf 81' lang='lat' dir='ltr'>retraetari,</span> <span class='ocrx_word' id='word_1_95' title='bbox 769 1155 792 1209; x_wconf 89' lang='lat' dir='ltr'>si</span> <span class='ocrx_word' id='word_1_96' title='bbox 808 1170 863 1210; x_wconf 89' lang='lat' dir='ltr'>non</span> <span class='ocrx_word' id='word_1_97' title='bbox 878 1153 962 1228; x_wconf 79' lang='lat' dir='ltr'>longo</span> <span class='ocrx_word' id='word_1_98' title='bbox 979 1163 1099 1229; x_wconf 85' lang='lat' dir='ltr'>tempore</span> 
     </span>
     <span class='ocr_line' id='line_1_13' title="bbox 147 1249 302 1296; baseline 0 0"><span class='ocrx_word' id='word_1_99' title='bbox 147 1249 302 1296; x_wconf 87' lang='lat' dir='ltr'>euaneseat.</span> 
     </span>
    </p>
   </div>
   <div class='ocr_carea' id='block_1_3' title="bbox 148 1394 1099 1462">
    <p class='ocr_par' dir='ltr' id='par_1_3' title="bbox 148 1394 1099 1462">
     <span class='ocr_line' id='line_1_14' title="bbox 148 1394 1099 1462; baseline 0.003 -5"><span class='ocrx_word' id='word_1_100' title='bbox 148 1396 237 1458; x_wconf 74' lang='lat' dir='ltr'>*ren</span> <span class='ocrx_word' id='word_1_101' title='bbox 252 1394 296 1458; x_wconf 58' lang='grc' dir='ltr'><strong>ν’.</strong></span> <span class='ocrx_word' id='word_1_102' title='bbox 330 1415 372 1456; x_wconf 79' lang='lat' dir='ltr'>ns</span> <span class='ocrx_word' id='word_1_103' title='bbox 392 1415 490 1459; x_wconf 78' lang='lat' dir='ltr'>neers</span> <span class='ocrx_word' id='word_1_104' title='bbox 511 1415 1099 1462; x_wconf 59' lang='grc'><strong>48815814811851818108811188518.</strong></span> 
     </span>
    </p>
   </div>
   <div class='ocr_carea' id='block_1_4' title="bbox 77 1513 1101 1848">
    <p class='ocr_par' dir='ltr' id='par_1_4' title="bbox 77 1513 1101 1764">
     <span class='ocr_line' id='line_1_15' title="bbox 211 1513 1100 1594; baseline 0.001 -16"><span class='ocrx_word' id='word_1_105' title='bbox 211 1517 236 1578; x_wconf 88' lang='lat'>1.</span> <span class='ocrx_word' id='word_1_106' title='bbox 259 1513 398 1593; x_wconf 73' lang='lat' dir='ltr'>⁹PupiiIo‚</span> <span class='ocrx_word' id='word_1_107' title='bbox 421 1521 443 1576; x_wconf 90' lang='lat' dir='ltr'>si</span> <span class='ocrx_word' id='word_1_108' title='bbox 466 1535 519 1576; x_wconf 91' lang='lat' dir='ltr'>non</span> <span class='ocrx_word' id='word_1_109' title='bbox 536 1519 709 1593; x_wconf 81' lang='lat' dir='ltr'>defendatur,</span> <span class='ocrx_word' id='word_1_110' title='bbox 732 1521 759 1574; x_wconf 92' lang='lat' dir='ltr'>in</span> <span class='ocrx_word' id='word_1_111' title='bbox 779 1521 951 1594; x_wconf 83' lang='lat' dir='ltr'>possessione</span> <span class='ocrx_word' id='word_1_112' title='bbox 967 1521 1100 1578; x_wconf 89' lang='lat' dir='ltr'>bonorum</span> 
     </span>
     <span class='ocr_line' id='line_1_16' title="bbox 77 1601 1101 1677; baseline -0.002 -13"><span class='ocrx_word' id='word_1_113' title='bbox 77 1623 137 1673; x_wconf 79' lang='grc'><strong>[441]</strong></span> <span class='ocrx_word' id='word_1_114' title='bbox 149 1603 327 1663; x_wconf 85' lang='lat' dir='ltr'>oreditoribus</span> <span class='ocrx_word' id='word_1_115' title='bbox 343 1605 514 1671; x_wconf 89' lang='lat' dir='ltr'>constitutis,</span> <span class='ocrx_word' id='word_1_116' title='bbox 531 1621 563 1660; x_wconf 81' lang='lat' dir='ltr'>es</span> <span class='ocrx_word' id='word_1_117' title='bbox 578 1604 620 1660; x_wconf 91' lang='lat' dir='ltr'>his</span> <span class='ocrx_word' id='word_1_118' title='bbox 636 1602 770 1676; x_wconf 87' lang='lat' dir='ltr'>usquead</span> <span class='ocrx_word' id='word_1_119' title='bbox 793 1601 960 1677; x_wconf 85' lang='lat' dir='ltr'>pubertatem</span> <span class='ocrx_word' id='word_1_120' title='bbox 977 1606 1101 1662; x_wconf 84' lang='lat' dir='ltr'>alimenta</span> 
     </span>
     <span class='ocr_line' id='line_1_17' title="bbox 147 1681 1100 1764; baseline 0.002 -20"><span class='ocrx_word' id='word_1_121' title='bbox 147 1688 305 1764; x_wconf 87' lang='lat' dir='ltr'>praestanda</span> <span class='ocrx_word' id='word_1_122' title='bbox 321 1697 394 1744; x_wconf 91' lang='lat' dir='ltr'>sunt.</span> <span class='ocrx_word' id='word_1_123' title='bbox 431 1685 459 1746; x_wconf 77' lang='lat'>2.</span> <span class='ocrx_word' id='word_1_124' title='bbox 471 1681 584 1758; x_wconf 74' lang='lat' dir='ltr'>&#39;¹⁰Eius‚</span> <span class='ocrx_word' id='word_1_125' title='bbox 601 1689 647 1760; x_wconf 91' lang='lat' dir='ltr'>qui</span> <span class='ocrx_word' id='word_1_126' title='bbox 662 1686 695 1742; x_wconf 91' lang='lat' dir='ltr'>ab</span> <span class='ocrx_word' id='word_1_127' title='bbox 711 1685 836 1750; x_wconf 82' lang='lat' dir='ltr'>hostibus</span> <span class='ocrx_word' id='word_1_128' title='bbox 852 1697 946 1762; x_wconf 84' lang='lat' dir='ltr'>eaptus</span> <span class='ocrx_word' id='word_1_129' title='bbox 962 1697 1015 1760; x_wconf 91' lang='lat' dir='ltr'>est,</span> <span class='ocrx_word' id='word_1_130' title='bbox 1030 1688 1100 1746; x_wconf 87' lang='lat' dir='ltr'>bone</span> 
     </span>
    </p>

    <p class='ocr_par' dir='ltr' id='par_1_5' title="bbox 85 1771 775 1848">
     <span class='ocr_line' id='line_1_18' title="bbox 85 1771 775 1848; baseline -0.007 -15"><span class='ocrx_word' id='word_1_131' title='bbox 85 1829 86 1833; x_wconf 75' lang='grc'><strong>,</strong></span> <span class='ocrx_word' id='word_1_132' title='bbox 147 1774 240 1832; x_wconf 92' lang='lat' dir='ltr'>uenire</span> <span class='ocrx_word' id='word_1_133' title='bbox 257 1790 311 1830; x_wconf 92' lang='lat' dir='ltr'>non</span> <span class='ocrx_word' id='word_1_134' title='bbox 326 1780 455 1848; x_wconf 77' lang='lat' dir='ltr'>possunt,</span> <span class='ocrx_word' id='word_1_135' title='bbox 471 1771 597 1846; x_wconf 86' lang='lat' dir='ltr'>quamdin</span> <span class='ocrx_word' id='word_1_136' title='bbox 613 1779 775 1828; x_wconf 87' lang='lat' dir='ltr'>reuertatur.</span> 
     </span>
    </p>
   </div>
   <div class='ocr_carea' id='block_1_5' title="bbox 146 1909 358 1918">
    <p class='ocr_par' dir='ltr' id='par_1_6' title="bbox 146 1909 358 1918">
     <span class='ocr_line' id='line_1_19' title="bbox 146 1909 358 1918; baseline -0.014 0"><span class='ocrx_word' id='word_1_137' title='bbox 146 1909 358 1918; x_wconf 74' lang='lat'><strong>——-—-—</strong></span> 
     </span>
    </p>
   </div>
   <div class='ocr_carea' id='block_1_6' title="bbox 147 1973 1104 3586">
    <p class='ocr_par' dir='ltr' id='par_1_7' title="bbox 147 1973 1102 3220">
     <span class='ocr_line' id='line_1_20' title="bbox 147 1973 1099 2039; baseline 0 -13"><span class='ocrx_word' id='word_1_138' title='bbox 147 1978 273 2026; x_wconf 84' lang='lat' dir='ltr'>sententio</span> <span class='ocrx_word' id='word_1_139' title='bbox 288 1976 351 2025; x_wconf 81' lang='lat' dir='ltr'>boec</span> <span class='ocrx_word' id='word_1_140' title='bbox 362 1979 503 2037; x_wconf 84' lang='lat' dir='ltr'>ponuntur.</span> <span class='ocrx_word' id='word_1_141' title='bbox 531 1974 570 2022; x_wconf 87' lang='lat' dir='ltr'>De</span> <span class='ocrx_word' id='word_1_142' title='bbox 585 1975 663 2036; x_wconf 82' lang='lat' dir='ltr'>reos.</span> <span class='ocrx_word' id='word_1_143' title='bbox 678 1974 709 2026; x_wconf 84' lang='lat' dir='ltr'>L.</span> <span class='ocrx_word' id='word_1_144' title='bbox 725 1987 745 2026; x_wconf 92' lang='lat'>1.</span> <span class='ocrx_word' id='word_1_145' title='bbox 770 1973 814 2024; x_wconf 80' lang='lat' dir='ltr'>Gr.</span> <span class='ocrx_word' id='word_1_146' title='bbox 832 1974 856 2024; x_wconf 81' lang='lat'>0.</span> <span class='ocrx_word' id='word_1_147' title='bbox 872 1973 939 2039; x_wconf 84' lang='lat' dir='ltr'>quib.</span> <span class='ocrx_word' id='word_1_148' title='bbox 958 1989 1002 2024; x_wconf 85' lang='lat' dir='ltr'>res</span> <span class='ocrx_word' id='word_1_149' title='bbox 1020 1977 1099 2026; x_wconf 87' lang='lat' dir='ltr'>indie.</span> 
     </span>
     <span class='ocr_line' id='line_1_21' title="bbox 148 2042 1100 2110; baseline 0 -13"><span class='ocrx_word' id='word_1_150' title='bbox 148 2047 193 2109; x_wconf 84' lang='lat'><em>(10,</em></span> <span class='ocrx_word' id='word_1_151' title='bbox 208 2044 240 2110; x_wconf 91' lang='lat'>1.)</span> <span class='ocrx_word' id='word_1_152' title='bbox 252 2061 279 2108; x_wconf 85' lang='lat' dir='ltr'>p.</span> <span class='ocrx_word' id='word_1_153' title='bbox 294 2057 327 2096; x_wconf 83' lang='grc'>88.</span> <span class='ocrx_word' id='word_1_154' title='bbox 348 2045 432 2092; x_wconf 88' lang='lat' dir='ltr'>Hoen.</span> <span class='ocrx_word' id='word_1_155' title='bbox 448 2042 480 2090; x_wconf 87' lang='lat' dir='ltr'>L.</span> <span class='ocrx_word' id='word_1_156' title='bbox 492 2054 525 2094; x_wconf 81' lang='grc'>48.</span> <span class='ocrx_word' id='word_1_157' title='bbox 540 2045 564 2104; x_wconf 69' lang='grc'>5.</span> <span class='ocrx_word' id='word_1_158' title='bbox 580 2046 623 2092; x_wconf 89' lang='lat' dir='ltr'>ult.</span> <span class='ocrx_word' id='word_1_159' title='bbox 639 2043 670 2092; x_wconf 86' lang='lat' dir='ltr'>D.</span> <span class='ocrx_word' id='word_1_160' title='bbox 682 2045 713 2094; x_wconf 90' lang='lat' dir='ltr'>de</span> <span class='ocrx_word' id='word_1_161' title='bbox 728 2045 807 2094; x_wconf 78' lang='lat' dir='ltr'>indie.</span> <span class='ocrx_word' id='word_1_162' title='bbox 823 2044 853 2109; x_wconf 89' lang='grc'>(5,</span> <span class='ocrx_word' id='word_1_163' title='bbox 865 2044 895 2110; x_wconf 87' lang='lat' dir='ltr'>t).</span> <span class='ocrx_word' id='word_1_164' title='bbox 911 2044 942 2094; x_wconf 84' lang='lat' dir='ltr'>L.</span> <span class='ocrx_word' id='word_1_165' title='bbox 954 2058 973 2096; x_wconf 87' lang='lat'>1.</span> <span class='ocrx_word' id='word_1_166' title='bbox 991 2045 1015 2094; x_wconf 82' lang='lat'>0.</span> <span class='ocrx_word' id='word_1_167' title='bbox 1027 2061 1100 2110; x_wconf 85' lang='lat' dir='ltr'>quor.</span> 
     </span>
     <span class='ocr_line' id='line_1_22' title="bbox 148 2109 1102 2180; baseline 0 -14"><span class='ocrx_word' id='word_1_168' title='bbox 148 2117 241 2180; x_wconf 84' lang='lat' dir='ltr'>appeti.</span> <span class='ocrx_word' id='word_1_169' title='bbox 257 2131 281 2164; x_wconf 89' lang='lat' dir='ltr'>n.</span> <span class='ocrx_word' id='word_1_170' title='bbox 298 2130 351 2163; x_wconf 85' lang='lat' dir='ltr'>ree.</span> <span class='ocrx_word' id='word_1_171' title='bbox 367 2112 398 2178; x_wconf 84' lang='lat' dir='ltr'>(t,</span> <span class='ocrx_word' id='word_1_172' title='bbox 408 2109 454 2176; x_wconf 82' lang='grc'><strong>85).</strong></span> <span class='ocrx_word' id='word_1_173' title='bbox 506 2109 526 2177; x_wconf 88' lang='lat'>1)</span> <span class='ocrx_word' id='word_1_174' title='bbox 541 2112 581 2162; x_wconf 85' lang='lat' dir='ltr'>At</span> <span class='ocrx_word' id='word_1_175' title='bbox 596 2119 683 2163; x_wconf 83' lang='lat' dir='ltr'>actore</span> <span class='ocrx_word' id='word_1_176' title='bbox 697 2130 768 2164; x_wconf 82' lang='lat' dir='ltr'>reum</span> <span class='ocrx_word' id='word_1_177' title='bbox 782 2113 923 2164; x_wconf 83' lang='lat' dir='ltr'>absolutum</span> <span class='ocrx_word' id='word_1_178' title='bbox 933 2117 1041 2180; x_wconf 86' lang='lat' dir='ltr'>quidem,</span> <span class='ocrx_word' id='word_1_179' title='bbox 1055 2119 1102 2166; x_wconf 89' lang='lat' dir='ltr'>sed</span> 
     </span>
     <span class='ocr_line' id='line_1_23' title="bbox 148 2183 1101 2252; baseline 0 -16"><span class='ocrx_word' id='word_1_180' title='bbox 148 2187 276 2236; x_wconf 86' lang='lat' dir='ltr'>sententia</span> <span class='ocrx_word' id='word_1_181' title='bbox 286 2186 367 2245; x_wconf 82' lang='lat' dir='ltr'>nnita,</span> <span class='ocrx_word' id='word_1_182' title='bbox 377 2183 479 2232; x_wconf 82' lang='lat' dir='ltr'>dicente</span> <span class='ocrx_word' id='word_1_183' title='bbox 490 2183 596 2246; x_wconf 86' lang='lat' dir='ltr'>ideoque</span> <span class='ocrx_word' id='word_1_184' title='bbox 606 2186 746 2247; x_wconf 85' lang='lat' dir='ltr'>pristinam</span> <span class='ocrx_word' id='word_1_185' title='bbox 756 2187 881 2236; x_wconf 84' lang='lat' dir='ltr'>ontionem</span> <span class='ocrx_word' id='word_1_186' title='bbox 891 2188 966 2250; x_wconf 85' lang='lat' dir='ltr'>quasi</span> <span class='ocrx_word' id='word_1_187' title='bbox 975 2188 1101 2252; x_wconf 85' lang='lat' dir='ltr'>inteqrom</span> 
     </span>
     <span class='ocr_line' id='line_1_24' title="bbox 149 2248 1100 2320; baseline 0.003 -15"><span class='ocrx_word' id='word_1_188' title='bbox 149 2271 243 2306; x_wconf 85' lang='lat' dir='ltr'>rursus</span> <span class='ocrx_word' id='word_1_189' title='bbox 256 2256 412 2304; x_wconf 83' lang='lat' dir='ltr'>instituente.</span> <span class='ocrx_word' id='word_1_190' title='bbox 481 2248 502 2317; x_wconf 64' lang='grc'>9)</span> <span class='ocrx_word' id='word_1_191' title='bbox 517 2252 541 2300; x_wconf 84' lang='grc' dir='ltr'><em>Α</em></span> <span class='ocrx_word' id='word_1_192' title='bbox 555 2269 609 2312; x_wconf 86' lang='lat' dir='ltr'>reo,</span> <span class='ocrx_word' id='word_1_193' title='bbox 623 2269 651 2303; x_wconf 90' lang='lat' dir='ltr'>se</span> <span class='ocrx_word' id='word_1_194' title='bbox 665 2256 857 2306; x_wconf 81' lang='lat' dir='ltr'>condemnatum</span> <span class='ocrx_word' id='word_1_195' title='bbox 871 2257 971 2320; x_wconf 85' lang='lat' dir='ltr'>quidem</span> <span class='ocrx_word' id='word_1_196' title='bbox 984 2257 1031 2307; x_wconf 84' lang='lat' dir='ltr'>sed</span> <span class='ocrx_word' id='word_1_197' title='bbox 1042 2272 1100 2308; x_wconf 85' lang='lat' dir='ltr'>sen-</span> 
     </span>
     <span class='ocr_line' id='line_1_25' title="bbox 150 2325 1101 2390; baseline 0.002 -15"><span class='ocrx_word' id='word_1_198' title='bbox 150 2328 230 2376; x_wconf 82' lang='lat' dir='ltr'>tentia</span> <span class='ocrx_word' id='word_1_199' title='bbox 245 2327 317 2374; x_wconf 80' lang='lat' dir='ltr'>notin</span> <span class='ocrx_word' id='word_1_200' title='bbox 330 2325 440 2381; x_wconf 82' lang='lat' dir='ltr'>dicente,</span> <span class='ocrx_word' id='word_1_201' title='bbox 455 2330 546 2373; x_wconf 84' lang='lat' dir='ltr'>eontra</span> <span class='ocrx_word' id='word_1_202' title='bbox 560 2339 632 2388; x_wconf 85' lang='lat' dir='ltr'>quem</span> <span class='ocrx_word' id='word_1_203' title='bbox 645 2326 757 2374; x_wconf 85' lang='lat' dir='ltr'>indicati</span> <span class='ocrx_word' id='word_1_204' title='bbox 771 2329 840 2376; x_wconf 86' lang='lat' dir='ltr'>aetio</span> <span class='ocrx_word' id='word_1_205' title='bbox 854 2329 882 2376; x_wconf 91' lang='lat' dir='ltr'>in</span> <span class='ocrx_word' id='word_1_206' title='bbox 896 2327 1000 2390; x_wconf 86' lang='lat' dir='ltr'>duplum</span> <span class='ocrx_word' id='word_1_207' title='bbox 1013 2329 1101 2389; x_wconf 85' lang='lat' dir='ltr'>datur,</span> 
     </span>
     <span class='ocr_line' id='line_1_26' title="bbox 149 2394 1101 2464; baseline 0.002 -18"><span class='ocrx_word' id='word_1_208' title='bbox 149 2399 174 2446; x_wconf 87' lang='lat' dir='ltr'>si</span> <span class='ocrx_word' id='word_1_209' title='bbox 187 2411 248 2446; x_wconf 89' lang='lat' dir='ltr'>vero</span> <span class='ocrx_word' id='word_1_210' title='bbox 262 2398 338 2462; x_wconf 83' lang='lat' dir='ltr'>lonqo</span> <span class='ocrx_word' id='word_1_211' title='bbox 353 2402 464 2456; x_wconf 85' lang='lat' dir='ltr'>ternpore</span> <span class='ocrx_word' id='word_1_212' title='bbox 473 2396 553 2452; x_wconf 88' lang='lat' dir='ltr'>situit,</span> <span class='ocrx_word' id='word_1_213' title='bbox 565 2397 606 2444; x_wconf 89' lang='lat' dir='ltr'>rei</span> <span class='ocrx_word' id='word_1_214' title='bbox 614 2395 747 2446; x_wconf 83' lang='lat' dir='ltr'>iudicatae</span> <span class='ocrx_word' id='word_1_215' title='bbox 756 2399 896 2446; x_wconf 77' lang='lat' dir='ltr'>exsecutio.</span> <span class='ocrx_word' id='word_1_216' title='bbox 945 2394 965 2464; x_wconf 82' lang='lat'>⁸)</span> <span class='ocrx_word' id='word_1_217' title='bbox 979 2395 1038 2447; x_wconf 80' lang='lat' dir='ltr'>Ione</span> <span class='ocrx_word' id='word_1_218' title='bbox 1044 2399 1101 2448; x_wconf 84' lang='lat' dir='ltr'>Ho-</span> 
     </span>
     <span class='ocr_line' id='line_1_27' title="bbox 150 2465 1101 2528; baseline 0.005 -13"><span class='ocrx_word' id='word_1_219' title='bbox 150 2469 271 2516; x_wconf 82' lang='lat' dir='ltr'>drionum</span> <span class='ocrx_word' id='word_1_220' title='bbox 284 2467 332 2515; x_wconf 79' lang='lat' dir='ltr'>boe</span> <span class='ocrx_word' id='word_1_221' title='bbox 347 2465 517 2522; x_wconf 82' lang='lat' dir='ltr'>constituisse,</span> <span class='ocrx_word' id='word_1_222' title='bbox 531 2467 664 2528; x_wconf 81' lang='lat' dir='ltr'>suspicari</span> <span class='ocrx_word' id='word_1_223' title='bbox 677 2468 737 2515; x_wconf 83' lang='lat' dir='ltr'>lieet</span> <span class='ocrx_word' id='word_1_224' title='bbox 751 2481 786 2515; x_wconf 71' lang='lat' dir='ltr'>ess</span> <span class='ocrx_word' id='word_1_225' title='bbox 799 2467 899 2516; x_wconf 84' lang='lat' dir='ltr'>Dositb.</span> <span class='ocrx_word' id='word_1_226' title='bbox 910 2467 996 2518; x_wconf 86' lang='lat' dir='ltr'>Hodr.</span> <span class='ocrx_word' id='word_1_227' title='bbox 1005 2477 1069 2518; x_wconf 86' lang='lat' dir='ltr'>sent.</span> <span class='ocrx_word' id='word_1_228' title='bbox 1080 2483 1101 2522; x_wconf 86' lang='grc'>8.</span> 
     </span>
     <span class='ocr_line' id='line_1_28' title="bbox 150 2535 1102 2604; baseline 0.003 -18"><span class='ocrx_word' id='word_1_229' title='bbox 150 2535 172 2600; x_wconf 79' lang='lat'>⁴)</span> <span class='ocrx_word' id='word_1_230' title='bbox 189 2537 226 2600; x_wconf 83' lang='lat' dir='ltr'>Of.</span> <span class='ocrx_word' id='word_1_231' title='bbox 241 2536 273 2585; x_wconf 87' lang='lat' dir='ltr'>L.</span> <span class='ocrx_word' id='word_1_232' title='bbox 287 2545 353 2599; x_wconf 78' lang='lat' dir='ltr'>opr.</span> <span class='ocrx_word' id='word_1_233' title='bbox 377 2535 409 2584; x_wconf 89' lang='lat' dir='ltr'>D.</span> <span class='ocrx_word' id='word_1_234' title='bbox 424 2536 456 2584; x_wconf 91' lang='lat' dir='ltr'>de</span> <span class='ocrx_word' id='word_1_235' title='bbox 471 2549 546 2598; x_wconf 91' lang='lat' dir='ltr'>poen.</span> <span class='ocrx_word' id='word_1_236' title='bbox 562 2535 611 2601; x_wconf 89' lang='grc'><strong>(48,</strong></span> <span class='ocrx_word' id='word_1_237' title='bbox 632 2535 676 2600; x_wconf 84' lang='grc'><strong>18).</strong></span> <span class='ocrx_word' id='word_1_238' title='bbox 699 2535 731 2585; x_wconf 86' lang='lat' dir='ltr'>L.</span> <span class='ocrx_word' id='word_1_239' title='bbox 747 2549 813 2599; x_wconf 81' lang='lat' dir='ltr'>tpr.</span> <span class='ocrx_word' id='word_1_240' title='bbox 836 2537 868 2587; x_wconf 85' lang='lat' dir='ltr'>D.</span> <span class='ocrx_word' id='word_1_241' title='bbox 888 2538 920 2588; x_wconf 88' lang='lat' dir='ltr'>de</span> <span class='ocrx_word' id='word_1_242' title='bbox 937 2541 1102 2604; x_wconf 82' lang='lat' dir='ltr'>requirendis</span> 
     </span>
     <span class='ocr_line' id='line_1_29' title="bbox 149 2605 1100 2676; baseline 0.003 -18"><span class='ocrx_word' id='word_1_243' title='bbox 149 2607 195 2674; x_wconf 87' lang='grc'><strong>(48,</strong></span> <span class='ocrx_word' id='word_1_244' title='bbox 205 2605 249 2672; x_wconf 83' lang='lat' dir='ltr'>st).</span> <span class='ocrx_word' id='word_1_245' title='bbox 265 2606 296 2655; x_wconf 86' lang='lat' dir='ltr'>L.</span> <span class='ocrx_word' id='word_1_246' title='bbox 305 2618 338 2658; x_wconf 88' lang='grc'>18.</span> <span class='ocrx_word' id='word_1_247' title='bbox 354 2607 377 2668; x_wconf 62' lang='grc' dir='ltr'>ὅ.</span> <span class='ocrx_word' id='word_1_248' title='bbox 389 2619 407 2656; x_wconf 92' lang='grc'>1.</span> <span class='ocrx_word' id='word_1_249' title='bbox 424 2605 455 2654; x_wconf 89' lang='lat' dir='ltr'>D.</span> <span class='ocrx_word' id='word_1_250' title='bbox 466 2607 498 2654; x_wconf 87' lang='lat' dir='ltr'>de</span> <span class='ocrx_word' id='word_1_251' title='bbox 508 2605 580 2669; x_wconf 81' lang='lat' dir='ltr'>pubi.</span> <span class='ocrx_word' id='word_1_252' title='bbox 596 2605 650 2655; x_wconf 84' lang='lat' dir='ltr'>ind.</span> <span class='ocrx_word' id='word_1_253' title='bbox 666 2605 752 2670; x_wconf 86' lang='grc'><strong>(48,1).</strong></span> <span class='ocrx_word' id='word_1_254' title='bbox 767 2606 798 2655; x_wconf 88' lang='lat' dir='ltr'>L.</span> <span class='ocrx_word' id='word_1_255' title='bbox 809 2619 830 2658; x_wconf 85' lang='grc'>8.</span> <span class='ocrx_word' id='word_1_256' title='bbox 848 2607 873 2657; x_wconf 84' lang='grc'>0.</span> <span class='ocrx_word' id='word_1_257' title='bbox 884 2609 916 2657; x_wconf 85' lang='lat' dir='ltr'>de</span> <span class='ocrx_word' id='word_1_258' title='bbox 929 2623 1015 2658; x_wconf 81' lang='lat' dir='ltr'>aecus.</span> <span class='ocrx_word' id='word_1_259' title='bbox 1026 2608 1100 2676; x_wconf 82' lang='grc'><strong>(1,1).</strong></span> 
     </span>
     <span class='ocr_line' id='line_1_30' title="bbox 151 2674 1101 2742; baseline 0.003 -15"><span class='ocrx_word' id='word_1_260' title='bbox 151 2677 171 2742; x_wconf 75' lang='lat'>⁶)</span> <span class='ocrx_word' id='word_1_261' title='bbox 192 2677 230 2740; x_wconf 75' lang='lat' dir='ltr'>Cf.</span> <span class='ocrx_word' id='word_1_262' title='bbox 246 2677 278 2726; x_wconf 84' lang='lat' dir='ltr'>L.</span> <span class='ocrx_word' id='word_1_263' title='bbox 295 2689 328 2728; x_wconf 95' lang='grc'>11.</span> <span class='ocrx_word' id='word_1_264' title='bbox 349 2676 382 2725; x_wconf 81' lang='grc' dir='ltr'><strong>Ι).</strong></span> <span class='ocrx_word' id='word_1_265' title='bbox 399 2677 432 2725; x_wconf 87' lang='lat' dir='ltr'>de</span> <span class='ocrx_word' id='word_1_266' title='bbox 450 2683 550 2740; x_wconf 75' lang='lat' dir='ltr'>except,</span> <span class='ocrx_word' id='word_1_267' title='bbox 567 2674 617 2741; x_wconf 92' lang='grc'><strong>(44,</strong></span> <span class='ocrx_word' id='word_1_268' title='bbox 636 2675 668 2740; x_wconf 88' lang='grc'>1).</span> <span class='ocrx_word' id='word_1_269' title='bbox 700 2675 747 2726; x_wconf 78' lang='lat' dir='ltr'>nn.</span> <span class='ocrx_word' id='word_1_270' title='bbox 770 2677 795 2725; x_wconf 84' lang='lat' dir='ltr'>O.</span> <span class='ocrx_word' id='word_1_271' title='bbox 813 2679 837 2726; x_wconf 86' lang='lat' dir='ltr'>si</span> <span class='ocrx_word' id='word_1_272' title='bbox 853 2693 888 2726; x_wconf 77' lang='lat' dir='ltr'>ex</span> <span class='ocrx_word' id='word_1_273' title='bbox 903 2679 965 2742; x_wconf 81' lang='lat' dir='ltr'>fals.</span> <span class='ocrx_word' id='word_1_274' title='bbox 985 2681 1101 2732; x_wconf 84' lang='lat' dir='ltr'>instrum.</span> 
     </span>
     <span class='ocr_line' id='line_1_31' title="bbox 149 2744 1100 2814; baseline -0.002 -14"><span class='ocrx_word' id='word_1_275' title='bbox 149 2748 180 2814; x_wconf 89' lang='lat' dir='ltr'>(t,</span> <span class='ocrx_word' id='word_1_276' title='bbox 190 2747 234 2814; x_wconf 87' lang='grc'><strong>58).</strong></span> <span class='ocrx_word' id='word_1_277' title='bbox 281 2744 302 2814; x_wconf 74' lang='lat'>⁶)</span> <span class='ocrx_word' id='word_1_278' title='bbox 317 2747 363 2796; x_wconf 85' lang='lat' dir='ltr'>ism</span> <span class='ocrx_word' id='word_1_279' title='bbox 373 2747 435 2796; x_wconf 88' lang='lat' dir='ltr'>dieta</span> <span class='ocrx_word' id='word_1_280' title='bbox 447 2748 565 2811; x_wconf 85' lang='lat' dir='ltr'>plerique</span> <span class='ocrx_word' id='word_1_281' title='bbox 577 2746 638 2795; x_wconf 83' lang='lat' dir='ltr'>Odd.</span> <span class='ocrx_word' id='word_1_282' title='bbox 650 2747 706 2796; x_wconf 89' lang='lat' dir='ltr'>edd.</span> <span class='ocrx_word' id='word_1_283' title='bbox 718 2747 806 2794; x_wconf 83' lang='lat' dir='ltr'>indicta</span> <span class='ocrx_word' id='word_1_284' title='bbox 816 2749 919 2812; x_wconf 86' lang='lat' dir='ltr'>qnidam</span> <span class='ocrx_word' id='word_1_285' title='bbox 929 2751 1018 2812; x_wconf 84' lang='lat' dir='ltr'>optimi</span> <span class='ocrx_word' id='word_1_286' title='bbox 1029 2751 1100 2809; x_wconf 70' lang='lat' dir='ltr'>cdd,</span> 
     </span>
     <span class='ocr_line' id='line_1_32' title="bbox 149 2815 1100 2883; baseline 0.002 -15"><span class='ocrx_word' id='word_1_287' title='bbox 149 2827 176 2868; x_wconf 89' lang='lat' dir='ltr'>ut</span> <span class='ocrx_word' id='word_1_288' title='bbox 191 2825 256 2883; x_wconf 85' lang='lat' dir='ltr'>puto</span> <span class='ocrx_word' id='word_1_289' title='bbox 272 2830 324 2882; x_wconf 83' lang='lat' dir='ltr'>pro</span> <span class='ocrx_word' id='word_1_290' title='bbox 345 2815 438 2882; x_wconf 81' lang='lat' dir='ltr'>m(o‹lo)</span> <span class='ocrx_word' id='word_1_291' title='bbox 459 2818 534 2876; x_wconf 80' lang='lat' dir='ltr'>‹tieta3</span> <span class='ocrx_word' id='word_1_292' title='bbox 555 2818 670 2881; x_wconf 81' lang='lat' dir='ltr'>inietiiqe</span> <span class='ocrx_word' id='word_1_293' title='bbox 689 2818 840 2866; x_wconf 84' lang='lat' dir='ltr'>sententiam</span> <span class='ocrx_word' id='word_1_294' title='bbox 858 2819 890 2867; x_wconf 88' lang='lat' dir='ltr'>de</span> <span class='ocrx_word' id='word_1_295' title='bbox 906 2819 972 2882; x_wconf 82' lang='lat' dir='ltr'>falsi</span> <span class='ocrx_word' id='word_1_296' title='bbox 992 2823 1100 2870; x_wconf 84' lang='lat' dir='ltr'>erimine</span> 
     </span>
     <span class='ocr_line' id='line_1_33' title="bbox 148 2885 1101 2954; baseline 0.003 -16"><span class='ocrx_word' id='word_1_297' title='bbox 148 2891 251 2938; x_wconf 86' lang='lat' dir='ltr'>dietam.</span> <span class='ocrx_word' id='word_1_298' title='bbox 304 2885 325 2954; x_wconf 70' lang='lat'>²)</span> <span class='ocrx_word' id='word_1_299' title='bbox 339 2887 423 2937; x_wconf 76' lang='lat' dir='ltr'>Extat</span> <span class='ocrx_word' id='word_1_300' title='bbox 437 2889 464 2936; x_wconf 85' lang='lat' dir='ltr'>in</span> <span class='ocrx_word' id='word_1_301' title='bbox 480 2886 542 2936; x_wconf 83' lang='lat' dir='ltr'>Odd.</span> <span class='ocrx_word' id='word_1_302' title='bbox 558 2898 689 2938; x_wconf 76' lang='grc'><strong>181814.</strong></span> <span class='ocrx_word' id='word_1_303' title='bbox 705 2897 737 2938; x_wconf 89' lang='grc'>15.</span> <span class='ocrx_word' id='word_1_304' title='bbox 753 2899 785 2938; x_wconf 79' lang='grc'>14.</span> <span class='ocrx_word' id='word_1_305' title='bbox 806 2889 844 2938; x_wconf 84' lang='lat' dir='ltr'>De</span> <span class='ocrx_word' id='word_1_306' title='bbox 859 2904 889 2938; x_wconf 86' lang='lat' dir='ltr'>re</span> <span class='ocrx_word' id='word_1_307' title='bbox 903 2891 937 2952; x_wconf 77' lang='lat' dir='ltr'>of.</span> <span class='ocrx_word' id='word_1_308' title='bbox 954 2890 986 2940; x_wconf 84' lang='lat' dir='ltr'>L.</span> <span class='ocrx_word' id='word_1_309' title='bbox 1002 2904 1021 2942; x_wconf 93' lang='lat'>1.</span> <span class='ocrx_word' id='word_1_310' title='bbox 1041 2893 1064 2954; x_wconf 61' lang='grc' dir='ltr'>ἕ.</span> <span class='ocrx_word' id='word_1_311' title='bbox 1081 2905 1101 2942; x_wconf 95' lang='grc'>1.</span> 
     </span>
     <span class='ocr_line' id='line_1_34' title="bbox 149 2956 1101 3025; baseline 0.003 -17"><span class='ocrx_word' id='word_1_312' title='bbox 149 2959 181 3010; x_wconf 86' lang='lat' dir='ltr'>D.</span> <span class='ocrx_word' id='word_1_313' title='bbox 196 2974 261 3024; x_wconf 87' lang='lat' dir='ltr'>quoe</span> <span class='ocrx_word' id='word_1_314' title='bbox 275 2965 339 3008; x_wconf 84' lang='lat' dir='ltr'>sent.</span> <span class='ocrx_word' id='word_1_315' title='bbox 354 2957 399 3022; x_wconf 83' lang='grc'>(58,</span> <span class='ocrx_word' id='word_1_316' title='bbox 413 2956 445 3022; x_wconf 88' lang='grc'>8).</span> <span class='ocrx_word' id='word_1_317' title='bbox 465 2957 497 3005; x_wconf 87' lang='lat' dir='ltr'>L.</span> <span class='ocrx_word' id='word_1_318' title='bbox 512 2969 532 3007; x_wconf 88' lang='lat'>1.</span> <span class='ocrx_word' id='word_1_319' title='bbox 554 2956 579 3005; x_wconf 82' lang='lat'>0.</span> <span class='ocrx_word' id='word_1_320' title='bbox 595 2957 626 3005; x_wconf 87' lang='lat' dir='ltr'>de</span> <span class='ocrx_word' id='word_1_321' title='bbox 640 2973 731 3007; x_wconf 85' lang='lat' dir='ltr'>errore</span> <span class='ocrx_word' id='word_1_322' title='bbox 745 2961 809 3008; x_wconf 87' lang='lat' dir='ltr'>eote.</span> <span class='ocrx_word' id='word_1_323' title='bbox 820 2958 852 3025; x_wconf 90' lang='grc'>(1,</span> <span class='ocrx_word' id='word_1_324' title='bbox 863 2959 894 3025; x_wconf 91' lang='grc'><strong>5).</strong></span> <span class='ocrx_word' id='word_1_325' title='bbox 909 2960 941 3009; x_wconf 80' lang='lat' dir='ltr'>t.</span> <span class='ocrx_word' id='word_1_326' title='bbox 952 2973 972 3011; x_wconf 97' lang='grc'>1.</span> <span class='ocrx_word' id='word_1_327' title='bbox 990 2961 1015 3010; x_wconf 80' lang='lat'>0.</span> <span class='ocrx_word' id='word_1_328' title='bbox 1026 2963 1058 3011; x_wconf 89' lang='lat' dir='ltr'>de</span> <span class='ocrx_word' id='word_1_329' title='bbox 1072 2977 1101 3011; x_wconf 84' lang='lat' dir='ltr'>re</span> 
     </span>
     <span class='ocr_line' id='line_1_35' title="bbox 149 3023 1102 3096; baseline 0.002 -18"><span class='ocrx_word' id='word_1_330' title='bbox 149 3031 201 3082; x_wconf 86' lang='lat' dir='ltr'>ind.</span> <span class='ocrx_word' id='word_1_331' title='bbox 217 3029 248 3094; x_wconf 83' lang='grc'><strong>(4,</strong></span> <span class='ocrx_word' id='word_1_332' title='bbox 263 3023 308 3094; x_wconf 81' lang='grc'><strong>51).</strong></span> <span class='ocrx_word' id='word_1_333' title='bbox 328 3028 360 3077; x_wconf 88' lang='lat' dir='ltr'>L.</span> <span class='ocrx_word' id='word_1_334' title='bbox 376 3040 408 3079; x_wconf 88' lang='grc'>18.</span> <span class='ocrx_word' id='word_1_335' title='bbox 424 3029 447 3089; x_wconf 63' lang='grc' dir='ltr'>ὅ.</span> <span class='ocrx_word' id='word_1_336' title='bbox 463 3041 483 3078; x_wconf 89' lang='grc'>1.</span> <span class='ocrx_word' id='word_1_337' title='bbox 498 3026 531 3075; x_wconf 87' lang='lat' dir='ltr'>D.</span> <span class='ocrx_word' id='word_1_338' title='bbox 546 3027 578 3076; x_wconf 88' lang='lat' dir='ltr'>de</span> <span class='ocrx_word' id='word_1_339' title='bbox 592 3027 642 3076; x_wconf 87' lang='lat' dir='ltr'>din.</span> <span class='ocrx_word' id='word_1_340' title='bbox 658 3035 730 3091; x_wconf 86' lang='lat' dir='ltr'>temp.</span> <span class='ocrx_word' id='word_1_341' title='bbox 742 3043 861 3092; x_wconf 80' lang='lat' dir='ltr'>praesen.</span> <span class='ocrx_word' id='word_1_342' title='bbox 878 3029 922 3096; x_wconf 88' lang='grc'><strong>(44,</strong></span> <span class='ocrx_word' id='word_1_343' title='bbox 937 3029 968 3096; x_wconf 92' lang='grc'>8).</span> <span class='ocrx_word' id='word_1_344' title='bbox 987 3031 1019 3080; x_wconf 84' lang='lat' dir='ltr'>L.</span> <span class='ocrx_word' id='word_1_345' title='bbox 1034 3045 1102 3096; x_wconf 83' lang='lat' dir='ltr'>spr.</span> 
     </span>
     <span class='ocr_line' id='line_1_36' title="bbox 148 3096 1102 3168; baseline 0.001 -18"><span class='ocrx_word' id='word_1_346' title='bbox 148 3101 180 3150; x_wconf 87' lang='lat' dir='ltr'>D.</span> <span class='ocrx_word' id='word_1_347' title='bbox 195 3101 227 3150; x_wconf 86' lang='lat' dir='ltr'>de</span> <span class='ocrx_word' id='word_1_348' title='bbox 241 3101 307 3149; x_wconf 83' lang='lat' dir='ltr'>adm.</span> <span class='ocrx_word' id='word_1_349' title='bbox 322 3113 375 3147; x_wconf 83' lang='lat' dir='ltr'>rer.</span> <span class='ocrx_word' id='word_1_350' title='bbox 387 3098 422 3146; x_wconf 90' lang='lat' dir='ltr'>od</span> <span class='ocrx_word' id='word_1_351' title='bbox 435 3099 484 3147; x_wconf 84' lang='lat' dir='ltr'>eto.</span> <span class='ocrx_word' id='word_1_352' title='bbox 495 3096 539 3163; x_wconf 82' lang='grc'>(58,</span> <span class='ocrx_word' id='word_1_353' title='bbox 550 3098 582 3162; x_wconf 87' lang='grc'>8).</span> <span class='ocrx_word' id='word_1_354' title='bbox 598 3098 630 3146; x_wconf 86' lang='lat' dir='ltr'>L.</span> <span class='ocrx_word' id='word_1_355' title='bbox 641 3108 661 3148; x_wconf 91' lang='grc'>1.</span> <span class='ocrx_word' id='word_1_356' title='bbox 679 3099 705 3148; x_wconf 81' lang='lat'>0.</span> <span class='ocrx_word' id='word_1_357' title='bbox 715 3099 747 3148; x_wconf 88' lang='lat' dir='ltr'>de</span> <span class='ocrx_word' id='word_1_358' title='bbox 761 3100 778 3147; x_wconf 89' lang='lat' dir='ltr'>i.</span> <span class='ocrx_word' id='word_1_359' title='bbox 791 3099 903 3166; x_wconf 57' lang='lat' dir='ltr'>piscibu,</span> <span class='ocrx_word' id='word_1_360' title='bbox 914 3099 945 3166; x_wconf 89' lang='lat'>1).</span> <span class='ocrx_word' id='word_1_361' title='bbox 994 3100 1015 3168; x_wconf 79' lang='lat'>⁸)</span> <span class='ocrx_word' id='word_1_362' title='bbox 1030 3101 1102 3152; x_wconf 86' lang='lat' dir='ltr'>Sert-</span> 
     </span>
     <span class='ocr_line' id='line_1_37' title="bbox 149 3169 488 3220; baseline -0.012 0"><span class='ocrx_word' id='word_1_363' title='bbox 149 3169 256 3220; x_wconf 85' lang='lat' dir='ltr'>bendum</span> <span class='ocrx_word' id='word_1_364' title='bbox 270 3169 373 3218; x_wconf 85' lang='lat' dir='ltr'>videtur</span> <span class='ocrx_word' id='word_1_365' title='bbox 386 3169 488 3217; x_wconf 86' lang='lat' dir='ltr'>Erratio.</span> 
     </span>
    </p>

    <p class='ocr_par' dir='ltr' id='par_1_8' title="bbox 148 3237 1104 3586">
     <span class='ocr_line' id='line_1_38' title="bbox 223 3237 1103 3302; baseline 0.001 -13"><span class='ocrx_word' id='word_1_366' title='bbox 223 3239 271 3289; x_wconf 79' lang='lat' dir='ltr'>tn.</span> <span class='ocrx_word' id='word_1_367' title='bbox 297 3239 323 3288; x_wconf 89' lang='lat' dir='ltr'><em>V</em></span> <span class='ocrx_word' id='word_1_368' title='bbox 326 3237 348 3288; x_wconf 68' lang='grc' dir='ltr'>Β.</span> <span class='ocrx_word' id='word_1_369' title='bbox 372 3253 406 3288; x_wconf 82' lang='lat' dir='ltr'>ero</span> <span class='ocrx_word' id='word_1_370' title='bbox 424 3239 524 3289; x_wconf 80' lang='lat' dir='ltr'>inserto</span> <span class='ocrx_word' id='word_1_371' title='bbox 543 3239 616 3302; x_wconf 81' lang='lat' dir='ltr'>sonte</span> <span class='ocrx_word' id='word_1_372' title='bbox 633 3241 746 3302; x_wconf 85' lang='lat' dir='ltr'>primum</span> <span class='ocrx_word' id='word_1_373' title='bbox 767 3242 794 3289; x_wconf 89' lang='lat' dir='ltr'>in</span> <span class='ocrx_word' id='word_1_374' title='bbox 813 3241 853 3290; x_wconf 87' lang='lat' dir='ltr'>ed.</span> <span class='ocrx_word' id='word_1_375' title='bbox 874 3241 960 3290; x_wconf 76' lang='lat' dir='ltr'>Ouiae.</span> <span class='ocrx_word' id='word_1_376' title='bbox 981 3250 1039 3292; x_wconf 84' lang='grc'><strong>1588.</strong></span> <span class='ocrx_word' id='word_1_377' title='bbox 1065 3248 1103 3290; x_wconf 86' lang='lat' dir='ltr'>est</span> 
     </span>
     <span class='ocr_line' id='line_1_39' title="bbox 149 3309 1101 3374; baseline -0.001 -14"><span class='ocrx_word' id='word_1_378' title='bbox 149 3312 241 3360; x_wconf 87' lang='lat' dir='ltr'>editus.</span> <span class='ocrx_word' id='word_1_379' title='bbox 265 3309 411 3360; x_wconf 84' lang='lat' dir='ltr'>Sententiae</span> <span class='ocrx_word' id='word_1_380' title='bbox 425 3311 501 3358; x_wconf 86' lang='lat' dir='ltr'>etium</span> <span class='ocrx_word' id='word_1_381' title='bbox 515 3317 605 3358; x_wconf 75' lang='lat' dir='ltr'>entant</span> <span class='ocrx_word' id='word_1_382' title='bbox 619 3309 650 3358; x_wconf 87' lang='lat' dir='ltr'>L.</span> <span class='ocrx_word' id='word_1_383' title='bbox 662 3321 687 3362; x_wconf 88' lang='grc'>88</span> <span class='ocrx_word' id='word_1_384' title='bbox 693 3309 736 3374; x_wconf 79' lang='lat' dir='ltr'>pr.</span> <span class='ocrx_word' id='word_1_385' title='bbox 752 3312 775 3371; x_wconf 68' lang='lat'>§-</span> <span class='ocrx_word' id='word_1_386' title='bbox 785 3323 804 3360; x_wconf 91' lang='lat'>1.</span> <span class='ocrx_word' id='word_1_387' title='bbox 819 3311 852 3358; x_wconf 91' lang='lat' dir='ltr'>D.</span> <span class='ocrx_word' id='word_1_388' title='bbox 864 3311 895 3358; x_wconf 88' lang='lat' dir='ltr'>de</span> <span class='ocrx_word' id='word_1_389' title='bbox 905 3309 958 3358; x_wconf 85' lang='lat' dir='ltr'>reb.</span> <span class='ocrx_word' id='word_1_390' title='bbox 969 3317 1036 3359; x_wconf 86' lang='lat' dir='ltr'>ouet.</span> <span class='ocrx_word' id='word_1_391' title='bbox 1048 3311 1101 3359; x_wconf 85' lang='lat' dir='ltr'>iud.</span> 
     </span>
     <span class='ocr_line' id='line_1_40' title="bbox 148 3376 1101 3446; baseline -0.002 -14"><span class='ocrx_word' id='word_1_392' title='bbox 148 3379 199 3446; x_wconf 88' lang='grc'><strong>(41,</strong></span> <span class='ocrx_word' id='word_1_393' title='bbox 212 3379 249 3446; x_wconf 84' lang='grc'>5),</span> <span class='ocrx_word' id='word_1_394' title='bbox 267 3381 314 3430; x_wconf 87' lang='lat' dir='ltr'>sed</span> <span class='ocrx_word' id='word_1_395' title='bbox 327 3381 406 3444; x_wconf 79' lang='lat' dir='ltr'>prior</span> <span class='ocrx_word' id='word_1_396' title='bbox 424 3386 528 3429; x_wconf 82' lang='lat' dir='ltr'>mutata.</span> <span class='ocrx_word' id='word_1_397' title='bbox 593 3376 616 3444; x_wconf 82' lang='lat'>⁰)</span> <span class='ocrx_word' id='word_1_398' title='bbox 631 3380 668 3444; x_wconf 79' lang='lat' dir='ltr'>Cf.</span> <span class='ocrx_word' id='word_1_399' title='bbox 684 3380 715 3429; x_wconf 84' lang='lat' dir='ltr'>L.</span> <span class='ocrx_word' id='word_1_400' title='bbox 730 3392 756 3431; x_wconf 87' lang='grc'>88</span> <span class='ocrx_word' id='word_1_401' title='bbox 766 3395 809 3443; x_wconf 84' lang='lat' dir='ltr'>pr.</span> <span class='ocrx_word' id='word_1_402' title='bbox 833 3379 866 3428; x_wconf 89' lang='lat' dir='ltr'>D.</span> <span class='ocrx_word' id='word_1_403' title='bbox 880 3379 937 3428; x_wconf 86' lang='lat' dir='ltr'>eod.</span> <span class='ocrx_word' id='word_1_404' title='bbox 957 3379 988 3428; x_wconf 89' lang='lat' dir='ltr'>L.</span> <span class='ocrx_word' id='word_1_405' title='bbox 1003 3391 1024 3430; x_wconf 89' lang='grc'>8.</span> <span class='ocrx_word' id='word_1_406' title='bbox 1043 3381 1066 3441; x_wconf 69' lang='grc' dir='ltr'>ξ.</span> <span class='ocrx_word' id='word_1_407' title='bbox 1082 3394 1101 3432; x_wconf 91' lang='grc'>1.</span> 
     </span>
     <span class='ocr_line' id='line_1_41' title="bbox 149 3447 1104 3516; baseline 0.001 -17"><span class='ocrx_word' id='word_1_408' title='bbox 149 3451 181 3500; x_wconf 87' lang='lat' dir='ltr'>D.</span> <span class='ocrx_word' id='word_1_409' title='bbox 196 3451 263 3514; x_wconf 83' lang='lat' dir='ltr'>quib.</span> <span class='ocrx_word' id='word_1_410' title='bbox 278 3466 312 3501; x_wconf 80' lang='lat' dir='ltr'>en</span> <span class='ocrx_word' id='word_1_411' title='bbox 327 3458 396 3502; x_wconf 83' lang='lat' dir='ltr'>cons.</span> <span class='ocrx_word' id='word_1_412' title='bbox 412 3452 440 3499; x_wconf 88' lang='lat' dir='ltr'>in</span> <span class='ocrx_word' id='word_1_413' title='bbox 450 3463 521 3514; x_wconf 83' lang='lat' dir='ltr'>poss.</span> <span class='ocrx_word' id='word_1_414' title='bbox 536 3449 580 3516; x_wconf 88' lang='grc'><strong>(41,</strong></span> <span class='ocrx_word' id='word_1_415' title='bbox 594 3451 625 3516; x_wconf 87' lang='grc'><strong>4).</strong></span> <span class='ocrx_word' id='word_1_416' title='bbox 680 3447 712 3516; x_wconf 83' lang='lat'>²⁰)</span> <span class='ocrx_word' id='word_1_417' title='bbox 729 3451 766 3514; x_wconf 75' lang='lat' dir='ltr'>Of.</span> <span class='ocrx_word' id='word_1_418' title='bbox 782 3449 814 3498; x_wconf 85' lang='lat' dir='ltr'>L.</span> <span class='ocrx_word' id='word_1_419' title='bbox 829 3461 849 3501; x_wconf 85' lang='grc'>8.</span> <span class='ocrx_word' id='word_1_420' title='bbox 864 3451 888 3510; x_wconf 72' lang='lat'>§-</span> <span class='ocrx_word' id='word_1_421' title='bbox 899 3461 919 3500; x_wconf 87' lang='grc'>1.</span> <span class='ocrx_word' id='word_1_422' title='bbox 938 3449 970 3498; x_wconf 84' lang='grc' dir='ltr'><strong>Ι).</strong></span> <span class='ocrx_word' id='word_1_423' title='bbox 986 3449 1052 3514; x_wconf 85' lang='lat' dir='ltr'>quib.</span> <span class='ocrx_word' id='word_1_424' title='bbox 1068 3466 1104 3500; x_wconf 75' lang='lat' dir='ltr'>ex</span> 
     </span>
     <span class='ocr_line' id='line_1_42' title="bbox 149 3519 449 3586; baseline 0 -16"><span class='ocrx_word' id='word_1_425' title='bbox 149 3535 220 3570; x_wconf 82' lang='lat' dir='ltr'>eane.</span> <span class='ocrx_word' id='word_1_426' title='bbox 236 3523 263 3570; x_wconf 86' lang='lat' dir='ltr'>in</span> <span class='ocrx_word' id='word_1_427' title='bbox 273 3535 342 3584; x_wconf 81' lang='lat' dir='ltr'>poss.</span> <span class='ocrx_word' id='word_1_428' title='bbox 358 3519 403 3586; x_wconf 86' lang='grc'><strong>(41,</strong></span> <span class='ocrx_word' id='word_1_429' title='bbox 417 3519 449 3584; x_wconf 89' lang='grc'><strong>4).</strong></span> 
     </span>
    </p>
   </div>
   <div class='ocr_carea' id='block_1_7' title="bbox 0 0 1361 4114">
    <p class='ocr_par' dir='ltr' id='par_1_9' title="bbox 0 0 1361 4114">
     <span class='ocr_line' id='line_1_43' title="bbox 0 0 1361 4114; baseline 0 0"><span class='ocrx_word' id='word_1_430' title='bbox 0 0 1361 4114; x_wconf 95' lang='lat' dir='ltr'> </span> 
     </span>
    </p>
   </div>
  </div>
 </body>
</html>
