2680 4112
247 260 309 318 108
514 265 626 302 amira
645 265 759 301 runcone
777 263 935 301 mormanus.

245 411 324 468 quem
343 393 376 450 ad
387 393 524 449 Caesarem
541 392 574 448 de
585 391 799 465 indigitamentis
811 392 942 464 scriptum
953 388 1074 462 reliquit.
1085 419 1127 430 ·-
1140 387 1209 445 Cen·

245 479 329 536 soriu.
346 477 374 534 3.
390 473 418 550 §.
436 477 465 532 2.
901 491 915 526 a

308 559 337 618 2.
361 559 472 616 Causam
487 575 554 615 uero
570 559 649 614 buius
664 559 803 614 uarietatis
818 557 888 630 apud
904 556 1030 612 Granium
1042 555 1208 612 Licinianum
1216 567 1260 616 [aa]

246 644 314 700 libro
341 643 460 700 secundo
487 643 601 715 diligens
622 642 710 698 lector
729 643 860 697 inueniet.
901 642 1052 710 illenim,
1073 640 1208 696 nundinas

246 729 318 783 louis
333 727 413 783 ferias
428 743 498 797 esse,
515 726 646 798 siquidem
661 724 792 780 flaminica
809 723 932 780 omnibus
948 723 1076 780 nundinis
1090 725 1118 779 in
1133 725 1210 797 regia

246 812 303 867 loui
319 813 430 866 arietem
445 811 531 866 soleat
546 809 699 865 immolare:
722 809 769 864 sed
785 808 845 880 lege
860 807 1005 864 Hortensia
1020 807 1156 876 effectum,
1178 815 1209 862 ut

247 895 331 950 lastae
345 902 447 964 essent,
463 895 504 949 uti
519 893 624 964 rustici,
646 894 692 965 qui
707 891 872 948 nundinandi
887 909 967 948 causa
980 893 1008 946 in
1024 889 1117 946 urbem
1132 891 1209 946 ueni·

248 979 338 1048 ebant,
358 978 420 1033 lites
441 984 650 1051 componerent;
672 975 777 1032 neiasto
800 977 870 1030 enim
891 975 933 1030 die
955 975 1073 1048 praetori
1089 973 1140 1029 iari
1154 989 1210 1029 non

248 1061 353 1118 licebat.
369 1091 407 1102 -
424 1061 541 1118 blacrob.
558 1059 613 1120 Sat.
632 1060 658 1130 1,
677 1059 725 1116 16.
744 1055 771 1132 S.
789 1057 839 1116 30.

309 1141 339 1204 3.
362 1145 427 1200 ltem
442 1145 546 1200 boeotii
560 1143 706 1200 Parnasum
728 1149 847 1198 montem
862 1141 986 1216 Apollini
1001 1149 1134 1198 sacratum
1149 1155 1211 1198 esse

247 1237 438 1300 memorantes,
458 1227 539 1284 simul
559 1235 648 1282 tamen
663 1229 691 1282 iu
705 1227 800 1282 eodem
815 1233 843 1281 et
858 1225 996 1281 oraculum
1012 1225 1167 1298 Delphicum
1182 1231 1212 1281 et

248 1313 388 1386 speluncas
403 1312 542 1368 Bacchicas
558 1312 604 1366 uni
623 1310 674 1366 deo
691 1318 858 1366 consecratas
873 1308 977 1364 colunt.
999 1309 1070 1364 unde
1085 1316 1113 1364 et
1127 1306 1211 1380 dpol·

248 1397 295 1452 lini
322 1404 350 1450 et
370 1393 467 1450 Libero
488 1396 559 1468 patri
587 1396 615 1456 iu
641 1386 736 1449 eode‘m
757 1401 848 1448 monte
871 1409 914 1448 res
936 1392 1027 1448 diuina
1047 1391 1211 1448 celebratur.

248 1478 326 1546 Quod
348 1494 409 1533 cum
424 1487 451 1533 et
468 1477 550 1533 Varro
566 1484 594 1532 et
609 1476 723 1532 Grauius
739 1475 850 1533 Flaccus
867 1473 1012 1547 affirment,
1034 1475 1115 1531 etiam
1131 1473 1208 1531 Euri-

248 1563 324 1635 pides
340 1561 381 1616 his
397 1561 476 1616 docet
490 1568 543 1616 etc.
564 1591 598 1600 -
616 1559 732 1616 llacrob.
748 1559 802 1616 Sat.
821 1560 849 1626 1,
868 1559 914 1616 18.
932 1556 961 1632 §-
977 1558 1006 1618 4.

311 1643 340 1701 4.
364 1644 535 1718 Aristoteles,
558 1652 588 1700 ut
603 1643 715 1698 Granius
736 1651 876 1714 memorat,
898 1644 941 1698 uir
961 1643 1072 1716 ingenio
1093 1659 1209 1715 praepo-

248 1738 308 1786 tens
323 1737 405 1800 atque
420 1729 447 1782 iu
462 1727 585 1784 doctrina
599 1729 772 1800 praecipuus,
787 1726 933 1782 lliueruam
948 1742 1008 1782 esse
1026 1725 1128 1782 bunam
1144 1742 1210 1799 pro-

247 1811 379 1868 babilibus
400 1813 566 1884 argumentis
585 1810 699 1884 explicat
725 1818 753 1867 et
779 1810 898 1866 litterata
919 1811 1079 1867 auctoritate
1098 1808 1211 1866 demon-

248 1905 325 1955 strat.
343 1925 382 1936 —-
398 1893 500 1950 Aruob.
518 1893 548 1963 3,
564 1895 614 1951 31.
648 1888 651 1894 ’

310 1977 338 2036 5.
361 1979 520 2034 Nouensiles
532 1978 594 2034 Piso
613 1978 679 2034 deos
698 1993 758 2034 esse
775 1977 860 2034 credit
871 1993 971 2034 nouem
982 1978 1010 2032 in
1021 1975 1125 2032 Sabinis
1138 1973 1211 2049 apud

248 2063 370 2120 Trebiam
397 2063 572 2119 constitutos.
613 2061 668 2118 llos
690 2061 801 2118 Granius
823 2060 912 2116 llusas
932 2067 1024 2133 putat,
1047 2074 1210 2116 consensum

249 2147 452 2204 accommodans
468 2146 555 2203 Aelio.
571 2177 613 2187 —
627 2143 728 2204 druob.
743 2144 773 2214 3,
789 2143 840 2201 38.

245 2278 375 2340 fastorum
394 2277 545 2338 scriptores,
564 2274 732 2338 Tarquinium
746 2273 867 2324 Priscum
885 2275 1001 2338 aliosque
1018 2273 1050 2323 de
1069 2274 1212 2338 disciplina

248 2346 362 2395 Etrusca
377 2347 520 2406 scriptores
537 2343 704 2408 (Bernhardq
723 2347 739 2392 l.
755 2359 808 2408 cp.
824 2354 871 2395 858.
886 2343 918 2392 L.
933 2343 991 2392 Ian.
1006 2344 1042 2392 ad
1051 2343 1170 2393 Macrob.
1181 2360 1211 2408 p.

248 2415 307 2481 664.)
316 2417 374 2463 item
382 2416 573 2478 qrammaticos‚
584 2429 728 2478 quanquam
738 2429 772 2462 eac
781 2414 821 2463 itis
832 2414 935 2478 quidam
944 2414 993 2464 boc
1003 2429 1065 2463 acuo
1073 2416 1113 2464 uel
1118 2416 1211 2477 paullo

247 2493 305 2549 post
319 2487 388 2532 oelut
401 2484 493 2532 Aelius
506 2482 580 2541 Stilo,
594 2482 701 2542 Santra,
721 2484 831 2533 Verrius
845 2484 963 2543 Flaccus,
984 2483 1098 2534 Cloatius
1117 2485 1212 2544 Verus,

248 2556 296 2604 alii
310 2555 386 2603 etiam
404 2553 466 2602 XII
479 2552 574 2602 tabuiis
588 2555 698 2618 aliisque
717 2555 938 2618 iurisprudcntiac
949 2553 1066 2617 fontibus
1083 2556 1212 2619 insiqncm

248 2639 352 2687 operam
362 2624 495 2673 dederant.
517 2622 570 2672 Nec
582 2623 608 2672 0.
618 2623 717 2672 Bassus
727 2623 836 2689 (Gauius
846 2626 898 2684 ille,
909 2631 937 2673 ut
943 2623 1018 2690 puto)
1026 2624 1057 2672 de
1067 2624 1120 2672 diis
1129 2624 1210 2688 (Lyd.

247 2696 280 2744 de
288 2709 365 2742 mens.
375 2706 397 2755 4,
412 2692 443 2758 a),
458 2693 574 2756 Lepidus
588 2692 705 2759 (oratori
724 2695 775 2743 Cic.
790 2693 865 2742 Brut.
880 2693 913 2745 ab.
931 2697 954 2756 ξ.
970 2694 1006 2760 aa)
1020 2694 1052 2744 de
1064 2694 1211 2744 sacerdoti-

247 2765 293 2813 bus
303 2763 380 2827 (qu.
392 2765 423 2812 dc
433 2779 497 2829 maq.
514 2776 535 2825 1,
546 2763 591 2828 ιτ),
606 2763 688 2812 Titius
697 2765 729 2813 de
741 2765 820 2828 feriis
831 2763 959 2828 (Macrob.
969 2763 1024 2814 Sat.
1036 2775 1099 2826 1,1s.
1110 2765 1145 2828 cf.
1157 2775 1179 2827 a,
1189 2777 1212 2816 a.

247 2836 316 2882 alius
326 2841 364 2882 est
375 2834 400 2883 C.
416 2833 498 2882 ditias
508 2834 540 2882 ib.
552 2846 572 2896 a,
583 2833 619 2900 12)
629 2836 740 2898 aliisque
749 2835 785 2882 ad
795 2836 936 2900 reliqiones
945 2834 1120 2897 spectantibus
1130 2833 1212 2900 (Fest.

248 2921 269 2952 a.
284 2904 436 2966 offendices.
453 2903 519 2952 Rica
527 2919 555 2967 p.
567 2916 613 2955 205.
624 2904 682 2970 sse),
693 2919 724 2952 nc
736 2903 919 2969 Fulqcntiunos
933 2905 1056 2968 quosdam
1066 2920 1213 2955 commemo-

247 2990 300 3022 rem
311 2973 478 3038 (Bernhardy
493 2977 509 3022 i.
526 2990 547 3022 c.
558 2990 586 3038 p.
600 2985 647 3026 ato.
663 2971 720 3038 868),
736 2989 785 3038 quo
797 2976 906 3024 consitio
920 2976 1085 3038 scripserint,
1101 2981 1211 3026 constat.

249 3043 399 3103 Nicostrati,
418 3051 528 3094 ceterum
546 3046 603 3093 item
613 3046 708 3093 incerti
718 3045 857 3106 scriptoris
871 3044 1009 3108 inferioris
1019 3047 1122 3104 aetatis,
1132 3046 1165 3095 de
1172 3061 1212 3095 se-

247 3121 309 3162 natu
324 3114 440 3164 babendo
455 3114 524 3178 quod
537 3121 623 3164 exstat
633 3115 733 3178 tusique
743 3114 839 3178 sraqm.
850 3115 921 3177 apud
932 3115 998 3164 Fest.
1007 3131 1028 3164 c.
1040 3113 1173 3165 Senacula
1182 3131 1212 3180 p.

247 3195 294 3234 att.
309 3183 352 3233 ltic
366 3188 454 3234 saltem
464 3184 627 3234 adscribam:
642 3183 755 3232 Senacula
765 3184 810 3232 tria
820 3184 893 3233 luisse
904 3183 1000 3246 Romae,
1010 3185 1035 3234 in
1045 3185 1131 3249 quibus
1141 3200 1213 3235 scua-

247 3263 285 3302 tus
298 3255 379 3303 haberi
394 3256 478 3303 solitus
489 3255 528 3316 sit,
539 3253 666 3302 memoriae
680 3253 785 3316 prodidit
799 3253 947 3304 Nicostratus
957 3255 982 3303 in
997 3255 1067 3318 libro,
1077 3256 1214 3319 quiinscri-

246 3325 310 3373 bitur
325 3325 353 3373 de
373 3333 456 3374 senatu
474 3323 592 3372 babendo.
621 3337 701 3380 unum,
723 3323 762 3371 ubi
776 3338 838 3372 nunc
853 3329 891 3372 est
909 3325 974 3372 aedis
990 3323 1136 3375 Concordiae
1151 3327 1215 3375 inter

247 3393 387 3458 Capitolium
402 3397 518 3454 otiorum,
528 3394 606 3455 inquo
615 3393 722 3440 solebant
732 3393 881 3453 magistratus
892 3391 1057 3460 d(um)t(arat)
1068 3409 1122 3444 cum
1132 3396 1215 3445 senio·
1264 3425 1265 3430 =

246 3465 312 3514 ribus
328 3466 467 3514 deliberare.
497 3463 596 3511 alterum
610 3461 640 3510 ad
659 3470 751 3524 portam
766 3460 891 3526 Capenam,
905 3465 1002 3513 tertium
1017 3465 1077 3514 citra
1092 3466 1214 3528 Bellonae,

247 3535 270 3582 in
286 3550 332 3598 quo
348 3541 480 3582 exterarum
495 3531 615 3580 nationum
630 3532 721 3594 legatis,
740 3547 799 3596 quos
814 3533 838 3581 in
852 3533 936 3582 urbem
950 3533 1075 3584 admittere
1089 3536 1215 3601 uolebant,

247 3611 343 3651 senatus
358 3603 465 3651 dabatur.
