<?xml version="1.0" encoding="UTF-8"?>
<!DOCTYPE html PUBLIC "-//W3C//DTD XHTML 1.0 Transitional//EN"
    "http://www.w3.org/TR/xhtml1/DTD/xhtml1-transitional.dtd">
<html xmlns="http://www.w3.org/1999/xhtml" xml:lang="en" lang="en">
 <head>
  <title>
</title>
<meta http-equiv="Content-Type" content="text/html;charset=utf-8" />
  <meta name='ocr-system' content='tesseract 3.04.00' />
  <meta name='ocr-capabilities' content='ocr_page ocr_carea ocr_par ocr_line ocrx_word'/>
</head>
<body>
  <div class='ocr_page' id='page_1' title='image "./ivrisprvdentiae00huscgoog_0077.png"; bbox 0 0 2672 4112; ppageno 0'>
   <div class='ocr_carea' id='block_1_1' title="bbox 473 247 1109 305">
    <p class='ocr_par' dir='ltr' id='par_1_1' title="bbox 473 247 1109 305">
     <span class='ocr_line' id='line_1_1' title="bbox 473 247 1109 305; baseline 0.008 -16"><span class='ocrx_word' id='word_1_1' title='bbox 473 255 509 290; x_wconf 80' lang='lat' dir='ltr'><strong>ps:</strong></span> <span class='ocrx_word' id='word_1_2' title='bbox 527 254 639 290; x_wconf 77' lang='lat' dir='ltr'><strong>acernus</strong></span> <span class='ocrx_word' id='word_1_3' title='bbox 657 255 735 290; x_wconf 77' lang='lat' dir='ltr'><strong>urana</strong></span> <span class='ocrx_word' id='word_1_4' title='bbox 753 257 783 292; x_wconf 89' lang='lat'><strong>11.</strong></span> <span class='ocrx_word' id='word_1_5' title='bbox 1069 247 1109 305; x_wconf 84' lang='lat'><strong>53</strong></span> 
     </span>
    </p>
   </div>
   <div class='ocr_carea' id='block_1_2' title="bbox 144 379 1112 1797">
    <p class='ocr_par' dir='ltr' id='par_1_2' title="bbox 144 379 1112 1797">
     <span class='ocr_line' id='line_1_2' title="bbox 145 379 1112 456; baseline -0.004 -16"><span class='ocrx_word' id='word_1_6' title='bbox 145 391 236 440; x_wconf 87' lang='lat' dir='ltr'><strong>autern</strong></span> <span class='ocrx_word' id='word_1_7' title='bbox 258 399 301 454; x_wconf 90' lang='lat' dir='ltr'><strong>ca,</strong></span> <span class='ocrx_word' id='word_1_8' title='bbox 320 398 389 456; x_wconf 88' lang='lat' dir='ltr'><strong>quae</strong></span> <span class='ocrx_word' id='word_1_9' title='bbox 402 383 496 454; x_wconf 89' lang='lat' dir='ltr'><strong>posnl:</strong></span> <span class='ocrx_word' id='word_1_10' title='bbox 521 398 554 436; x_wconf 91' lang='lat' dir='ltr'><strong>ex</strong></span> <span class='ocrx_word' id='word_1_11' title='bbox 576 379 673 454; x_wconf 89' lang='lat' dir='ltr'><strong>quibus</strong></span> <span class='ocrx_word' id='word_1_12' title='bbox 688 381 726 452; x_wconf 90' lang='lat' dir='ltr'><strong>id,</strong></span> <span class='ocrx_word' id='word_1_13' title='bbox 746 381 818 454; x_wconf 90' lang='lat' dir='ltr'><strong>quod</strong></span> <span class='ocrx_word' id='word_1_14' title='bbox 835 379 973 454; x_wconf 89' lang='lat' dir='ltr'><strong>uolumus,</strong></span> <span class='ocrx_word' id='word_1_15' title='bbox 995 379 1112 439; x_wconf 78' lang='lat' dir='ltr'><strong>elicitur</strong></span> 
     </span>
     <span class='ocr_line' id='line_1_3' title="bbox 146 465 1111 541; baseline -0.003 -16"><span class='ocrx_word' id='word_1_16' title='bbox 146 477 172 524; x_wconf 91' lang='lat' dir='ltr'><strong>et</strong></span> <span class='ocrx_word' id='word_1_17' title='bbox 187 469 312 541; x_wconf 87' lang='lat' dir='ltr'><strong>cogitur.</strong></span> <span class='ocrx_word' id='word_1_18' title='bbox 343 468 394 520; x_wconf 88' lang='lat' dir='ltr'><strong>iam</strong></span> <span class='ocrx_word' id='word_1_19' title='bbox 411 481 478 521; x_wconf 89' lang='lat' dir='ltr'><strong>uero</strong></span> <span class='ocrx_word' id='word_1_20' title='bbox 494 465 690 538; x_wconf 80' lang='lat' dir='ltr'><strong>permultorum</strong></span> <span class='ocrx_word' id='word_1_21' title='bbox 706 465 889 538; x_wconf 82' lang='lat' dir='ltr'><strong>exemplorum</strong></span> <span class='ocrx_word' id='word_1_22' title='bbox 905 472 933 520; x_wconf 88' lang='lat' dir='ltr'><strong>et</strong></span> <span class='ocrx_word' id='word_1_23' title='bbox 953 474 1046 522; x_wconf 90' lang='lat' dir='ltr'><strong>nostra</strong></span> <span class='ocrx_word' id='word_1_24' title='bbox 1069 474 1111 522; x_wconf 89' lang='lat' dir='ltr'><strong>est</strong></span> 
     </span>
     <span class='ocr_line' id='line_1_4' title="bbox 144 548 1110 626; baseline -0.002 -18"><span class='ocrx_word' id='word_1_25' title='bbox 144 552 225 626; x_wconf 89' lang='lat' dir='ltr'><strong>plena</strong></span> <span class='ocrx_word' id='word_1_26' title='bbox 242 566 289 606; x_wconf 90' lang='lat' dir='ltr'><strong>res</strong></span> <span class='ocrx_word' id='word_1_27' title='bbox 304 548 410 623; x_wconf 92' lang='lat' dir='ltr'><strong>publica</strong></span> <span class='ocrx_word' id='word_1_28' title='bbox 425 556 453 605; x_wconf 91' lang='lat' dir='ltr'><strong>et</strong></span> <span class='ocrx_word' id='word_1_29' title='bbox 465 551 553 606; x_wconf 90' lang='lat' dir='ltr'><strong>omnia</strong></span> <span class='ocrx_word' id='word_1_30' title='bbox 568 564 652 622; x_wconf 77' lang='lat' dir='ltr'><strong>regna</strong></span> <span class='ocrx_word' id='word_1_31' title='bbox 668 565 815 622; x_wconf 88' lang='lat' dir='ltr'><strong>omnesque</strong></span> <span class='ocrx_word' id='word_1_32' title='bbox 830 548 923 623; x_wconf 93' lang='lat' dir='ltr'><strong>populi</strong></span> <span class='ocrx_word' id='word_1_33' title='bbox 945 557 1110 623; x_wconf 78' lang='lat' dir='ltr'>cunctaeque</span> 
     </span>
     <span class='ocr_line' id='line_1_5' title="bbox 145 631 1109 710; baseline -0.004 -17"><span class='ocrx_word' id='word_1_34' title='bbox 145 643 256 710; x_wconf 78' lang='lat' dir='ltr'><strong>gentes,</strong></span> <span class='ocrx_word' id='word_1_35' title='bbox 272 649 406 707; x_wconf 83' lang='lat' dir='ltr'><strong>augurum</strong></span> <span class='ocrx_word' id='word_1_36' title='bbox 423 633 568 705; x_wconf 88' lang='lat' dir='ltr'><strong>praedictis</strong></span> <span class='ocrx_word' id='word_1_37' title='bbox 582 633 667 688; x_wconf 91' lang='lat' dir='ltr'><strong>multa</strong></span> <span class='ocrx_word' id='word_1_38' title='bbox 681 631 873 689; x_wconf 79' lang='lat' dir='ltr'><strong>incredibiliter</strong></span> <span class='ocrx_word' id='word_1_39' title='bbox 886 649 952 689; x_wconf 88' lang='lat' dir='ltr'><strong>uera</strong></span> <span class='ocrx_word' id='word_1_40' title='bbox 964 633 1109 701; x_wconf 83' lang='lat' dir='ltr'><strong>cecidisse3</strong></span> 
     </span>
     <span class='ocr_line' id='line_1_6' title="bbox 144 715 1109 792; baseline -0.002 -16"><span class='ocrx_word' id='word_1_41' title='bbox 144 735 237 792; x_wconf 84' lang='lat' dir='ltr'><strong>neque</strong></span> <span class='ocrx_word' id='word_1_42' title='bbox 252 719 324 774; x_wconf 92' lang='lat' dir='ltr'><strong>enim</strong></span> <span class='ocrx_word' id='word_1_43' title='bbox 339 717 444 790; x_wconf 87' lang='lat' dir='ltr'>Polyidi</span> <span class='ocrx_word' id='word_1_44' title='bbox 459 733 548 792; x_wconf 87' lang='lat' dir='ltr'><strong>neque</strong></span> <span class='ocrx_word' id='word_1_45' title='bbox 563 715 737 788; x_wconf 77' lang='lat' dir='ltr'><strong>Melampodis</strong></span> <span class='ocrx_word' id='word_1_46' title='bbox 751 732 840 789; x_wconf 89' lang='lat' dir='ltr'><strong>neque</strong></span> <span class='ocrx_word' id='word_1_47' title='bbox 850 715 936 790; x_wconf 90' lang='lat' dir='ltr'><strong>llopsi</strong></span> <span class='ocrx_word' id='word_1_48' title='bbox 948 734 1037 792; x_wconf 87' lang='lat' dir='ltr'><strong>neque</strong></span> <span class='ocrx_word' id='word_1_49' title='bbox 1049 719 1109 774; x_wconf 83' lang='lat' dir='ltr'><strong>Am·</strong></span> 
     </span>
     <span class='ocr_line' id='line_1_7' title="bbox 146 799 1109 876; baseline -0.001 -18"><span class='ocrx_word' id='word_1_50' title='bbox 146 803 251 876; x_wconf 90' lang='lat' dir='ltr'><strong>phiarai</strong></span> <span class='ocrx_word' id='word_1_51' title='bbox 266 816 356 874; x_wconf 88' lang='lat' dir='ltr'><strong>neque</strong></span> <span class='ocrx_word' id='word_1_52' title='bbox 371 800 523 858; x_wconf 76' lang='lat' dir='ltr'><strong>Calchantis</strong></span> <span class='ocrx_word' id='word_1_53' title='bbox 543 815 632 874; x_wconf 88' lang='lat' dir='ltr'><strong>neque</strong></span> <span class='ocrx_word' id='word_1_54' title='bbox 647 799 742 856; x_wconf 87' lang='lat' dir='ltr'><strong>Heleni</strong></span> <span class='ocrx_word' id='word_1_55' title='bbox 762 807 868 856; x_wconf 90' lang='lat' dir='ltr'><strong>tantum</strong></span> <span class='ocrx_word' id='word_1_56' title='bbox 889 817 986 857; x_wconf 89' lang='lat' dir='ltr'><strong>nomen</strong></span> <span class='ocrx_word' id='word_1_57' title='bbox 1002 802 1109 872; x_wconf 88' lang='lat' dir='ltr'><strong>luisset,</strong></span> 
     </span>
     <span class='ocr_line' id='line_1_8' title="bbox 146 884 1110 959; baseline -0.002 -17"><span class='ocrx_word' id='word_1_58' title='bbox 146 903 237 959; x_wconf 88' lang='lat' dir='ltr'><strong>neque</strong></span> <span class='ocrx_word' id='word_1_59' title='bbox 253 893 297 941; x_wconf 91' lang='lat' dir='ltr'><strong>tot</strong></span> <span class='ocrx_word' id='word_1_60' title='bbox 310 887 435 940; x_wconf 89' lang='lat' dir='ltr'><strong>nationes</strong></span> <span class='ocrx_word' id='word_1_61' title='bbox 450 884 477 940; x_wconf 93' lang='lat' dir='ltr'><strong>id</strong></span> <span class='ocrx_word' id='word_1_62' title='bbox 493 885 526 941; x_wconf 91' lang='lat' dir='ltr'><strong>ad</strong></span> <span class='ocrx_word' id='word_1_63' title='bbox 538 885 590 940; x_wconf 93' lang='lat' dir='ltr'><strong>hoc</strong></span> <span class='ocrx_word' id='word_1_64' title='bbox 601 892 708 958; x_wconf 91' lang='lat' dir='ltr'><strong>tempus</strong></span> <span class='ocrx_word' id='word_1_65' title='bbox 720 885 906 955; x_wconf 84' lang='lat' dir='ltr'><strong>retinuissent,</strong></span> <span class='ocrx_word' id='word_1_66' title='bbox 921 893 952 940; x_wconf 95' lang='lat' dir='ltr'><strong>ut</strong></span> <span class='ocrx_word' id='word_1_67' title='bbox 962 885 1110 959; x_wconf 81' lang='lat' dir='ltr'><strong>Phrygum,</strong></span> 
     </span>
     <span class='ocr_line' id='line_1_9' title="bbox 146 967 1110 1044; baseline -0.002 -18"><span class='ocrx_word' id='word_1_68' title='bbox 146 969 318 1044; x_wconf 82' lang='lat' dir='ltr'><strong>Lycaonum,</strong></span> <span class='ocrx_word' id='word_1_69' title='bbox 348 967 459 1024; x_wconf 84' lang='lat' dir='ltr'><strong>Cilicum</strong></span> <span class='ocrx_word' id='word_1_70' title='bbox 488 970 654 1041; x_wconf 88' lang='lat' dir='ltr'><strong>maximeque</strong></span> <span class='ocrx_word' id='word_1_71' title='bbox 675 967 838 1038; x_wconf 83' lang='lat' dir='ltr'><strong>Pisidarum,</strong></span> <span class='ocrx_word' id='word_1_72' title='bbox 862 969 913 1023; x_wconf 91' lang='lat' dir='ltr'><strong>nisi</strong></span> <span class='ocrx_word' id='word_1_73' title='bbox 935 977 1057 1025; x_wconf 87' lang='lat' dir='ltr'><strong>uetustas</strong></span> <span class='ocrx_word' id='word_1_74' title='bbox 1080 985 1110 1025; x_wconf 92' lang='lat' dir='ltr'><strong>ea</strong></span> 
     </span>
     <span class='ocr_line' id='line_1_10' title="bbox 146 1050 1110 1125; baseline -0.005 -14"><span class='ocrx_word' id='word_1_75' title='bbox 146 1063 221 1111; x_wconf 87' lang='lat' dir='ltr'><strong>certa</strong></span> <span class='ocrx_word' id='word_1_76' title='bbox 245 1068 306 1108; x_wconf 91' lang='lat' dir='ltr'><strong>esse</strong></span> <span class='ocrx_word' id='word_1_77' title='bbox 328 1051 476 1108; x_wconf 90' lang='lat' dir='ltr'><strong>docuisset.</strong></span> <span class='ocrx_word' id='word_1_78' title='bbox 514 1069 565 1108; x_wconf 90' lang='lat' dir='ltr'><strong>nec</strong></span> <span class='ocrx_word' id='word_1_79' title='bbox 578 1067 645 1107; x_wconf 87' lang='lat' dir='ltr'><strong>uero</strong></span> <span class='ocrx_word' id='word_1_80' title='bbox 660 1050 791 1108; x_wconf 85' lang='lat' dir='ltr'><strong>llomulus</strong></span> <span class='ocrx_word' id='word_1_81' title='bbox 805 1058 901 1107; x_wconf 92' lang='lat' dir='ltr'><strong>noster</strong></span> <span class='ocrx_word' id='word_1_82' title='bbox 915 1053 1051 1125; x_wconf 89' lang='lat' dir='ltr'><strong>auspicato</strong></span> <span class='ocrx_word' id='word_1_83' title='bbox 1065 1069 1110 1106; x_wconf 92' lang='lat' dir='ltr'><strong>ur·</strong></span> 
     </span>
     <span class='ocr_line' id='line_1_11' title="bbox 146 1134 1110 1209; baseline -0.003 -16"><span class='ocrx_word' id='word_1_84' title='bbox 146 1137 210 1194; x_wconf 89' lang='lat' dir='ltr'><strong>bem</strong></span> <span class='ocrx_word' id='word_1_85' title='bbox 226 1135 402 1206; x_wconf 87' lang='lat' dir='ltr'><strong>condidisset,</strong></span> <span class='ocrx_word' id='word_1_86' title='bbox 418 1152 507 1209; x_wconf 88' lang='lat' dir='ltr'><strong>neque</strong></span> <span class='ocrx_word' id='word_1_87' title='bbox 523 1137 579 1192; x_wconf 81' lang='lat' dir='ltr'><strong>nui</strong></span> <span class='ocrx_word' id='word_1_88' title='bbox 594 1134 660 1190; x_wconf 87' lang='lat' dir='ltr'><strong>ilani</strong></span> <span class='ocrx_word' id='word_1_89' title='bbox 675 1151 774 1191; x_wconf 89' lang='lat' dir='ltr'><strong>nomen</strong></span> <span class='ocrx_word' id='word_1_90' title='bbox 789 1136 917 1190; x_wconf 88' lang='lat' dir='ltr'><strong>memoria</strong></span> <span class='ocrx_word' id='word_1_91' title='bbox 932 1135 1043 1191; x_wconf 88' lang='lat' dir='ltr'><strong>lloreret</strong></span> <span class='ocrx_word' id='word_1_92' title='bbox 1057 1142 1110 1190; x_wconf 92' lang='lat' dir='ltr'><strong>tarn</strong></span> 
     </span>
     <span class='ocr_line' id='line_1_12' title="bbox 147 1217 1110 1292; baseline -0.003 -15"><span class='ocrx_word' id='word_1_93' title='bbox 147 1221 208 1292; x_wconf 93' lang='lat' dir='ltr'><strong>diu,</strong></span> <span class='ocrx_word' id='word_1_94' title='bbox 230 1221 282 1276; x_wconf 93' lang='lat' dir='ltr'><strong>nisi</strong></span> <span class='ocrx_word' id='word_1_95' title='bbox 303 1235 397 1276; x_wconf 87' lang='lat' dir='ltr'><strong>omnes</strong></span> <span class='ocrx_word' id='word_1_96' title='bbox 418 1221 446 1276; x_wconf 93' lang='lat' dir='ltr'><strong>hi</strong></span> <span class='ocrx_word' id='word_1_97' title='bbox 467 1221 551 1276; x_wconf 86' lang='lat' dir='ltr'><strong>multa</strong></span> <span class='ocrx_word' id='word_1_98' title='bbox 572 1219 604 1275; x_wconf 89' lang='lat' dir='ltr'><strong>ad</strong></span> <span class='ocrx_word' id='word_1_99' title='bbox 627 1221 767 1275; x_wconf 88' lang='lat' dir='ltr'><strong>ueritatem</strong></span> <span class='ocrx_word' id='word_1_100' title='bbox 789 1217 950 1274; x_wconf 91' lang='lat' dir='ltr'><strong>admirabilia</strong></span> <span class='ocrx_word' id='word_1_101' title='bbox 972 1219 1110 1276; x_wconf 85' lang='lat' dir='ltr'><strong>dixissent.</strong></span> 
     </span>
     <span class='ocr_line' id='line_1_13' title="bbox 148 1301 1111 1377; baseline -0.002 -17"><span class='ocrx_word' id='word_1_102' title='bbox 148 1304 200 1360; x_wconf 90' lang='lat' dir='ltr'><strong>sed</strong></span> <span class='ocrx_word' id='word_1_103' title='bbox 215 1303 324 1360; x_wconf 89' lang='lat' dir='ltr'><strong>dubium</strong></span> <span class='ocrx_word' id='word_1_104' title='bbox 339 1319 395 1360; x_wconf 90' lang='lat' dir='ltr'><strong>uon</strong></span> <span class='ocrx_word' id='word_1_105' title='bbox 411 1312 463 1376; x_wconf 88' lang='lat' dir='ltr'><strong>est,</strong></span> <span class='ocrx_word' id='word_1_106' title='bbox 484 1306 549 1377; x_wconf 88' lang='lat' dir='ltr'><strong>quin</strong></span> <span class='ocrx_word' id='word_1_107' title='bbox 566 1304 631 1358; x_wconf 88' lang='lat' dir='ltr'><strong>haec</strong></span> <span class='ocrx_word' id='word_1_108' title='bbox 645 1301 784 1376; x_wconf 90' lang='lat' dir='ltr'><strong>disciplina</strong></span> <span class='ocrx_word' id='word_1_109' title='bbox 798 1311 826 1359; x_wconf 89' lang='lat' dir='ltr'><strong>et</strong></span> <span class='ocrx_word' id='word_1_110' title='bbox 841 1319 885 1358; x_wconf 91' lang='lat' dir='ltr'><strong>ars</strong></span> <span class='ocrx_word' id='word_1_111' title='bbox 900 1319 1033 1377; x_wconf 79' lang='lat' dir='ltr'><strong>augurum</strong></span> <span class='ocrx_word' id='word_1_112' title='bbox 1049 1319 1111 1358; x_wconf 90' lang='lat' dir='ltr'><strong>eua-</strong></span> 
     </span>
     <span class='ocr_line' id='line_1_14' title="bbox 150 1387 1110 1461; baseline -0.002 -18"><span class='ocrx_word' id='word_1_113' title='bbox 150 1389 246 1444; x_wconf 91' lang='lat' dir='ltr'><strong>nuerit</strong></span> <span class='ocrx_word' id='word_1_114' title='bbox 259 1389 309 1442; x_wconf 87' lang='lat' dir='ltr'><strong>iam</strong></span> <span class='ocrx_word' id='word_1_115' title='bbox 323 1395 350 1443; x_wconf 87' lang='lat' dir='ltr'><strong>et</strong></span> <span class='ocrx_word' id='word_1_116' title='bbox 364 1396 504 1445; x_wconf 88' lang='lat' dir='ltr'><strong>uetustate</strong></span> <span class='ocrx_word' id='word_1_117' title='bbox 518 1396 547 1444; x_wconf 91' lang='lat' dir='ltr'><strong>et</strong></span> <span class='ocrx_word' id='word_1_118' title='bbox 560 1387 748 1461; x_wconf 76' lang='lat' dir='ltr'><strong>neglegentia:</strong></span> <span class='ocrx_word' id='word_1_119' title='bbox 763 1389 799 1442; x_wconf 90' lang='lat' dir='ltr'><strong>ita</strong></span> <span class='ocrx_word' id='word_1_120' title='bbox 814 1403 902 1461; x_wconf 86' lang='lat' dir='ltr'><strong>neque</strong></span> <span class='ocrx_word' id='word_1_121' title='bbox 911 1387 950 1442; x_wconf 90' lang='lat' dir='ltr'><strong>illi</strong></span> <span class='ocrx_word' id='word_1_122' title='bbox 962 1387 1110 1458; x_wconf 89' lang='lat' dir='ltr'><strong>adsentior,</strong></span> 
     </span>
     <span class='ocr_line' id='line_1_15' title="bbox 153 1470 1109 1545; baseline 0 -19"><span class='ocrx_word' id='word_1_123' title='bbox 153 1472 203 1544; x_wconf 88' lang='lat' dir='ltr'><strong>qui</strong></span> <span class='ocrx_word' id='word_1_124' title='bbox 226 1471 295 1526; x_wconf 87' lang='lat' dir='ltr'><strong>hano</strong></span> <span class='ocrx_word' id='word_1_125' title='bbox 314 1473 448 1528; x_wconf 88' lang='lat' dir='ltr'><strong>scientiam</strong></span> <span class='ocrx_word' id='word_1_126' title='bbox 470 1480 552 1545; x_wconf 81' lang='lat' dir='ltr'><strong>negat</strong></span> <span class='ocrx_word' id='word_1_127' title='bbox 573 1487 698 1544; x_wconf 90' lang='lat' dir='ltr'><strong>umquam</strong></span> <span class='ocrx_word' id='word_1_128' title='bbox 717 1471 745 1526; x_wconf 89' lang='lat' dir='ltr'><strong>in</strong></span> <span class='ocrx_word' id='word_1_129' title='bbox 764 1480 861 1527; x_wconf 91' lang='lat' dir='ltr'><strong>nostro</strong></span> <span class='ocrx_word' id='word_1_130' title='bbox 882 1470 998 1545; x_wconf 81' lang='lat' dir='ltr'><strong>collegio</strong></span> <span class='ocrx_word' id='word_1_131' title='bbox 1014 1471 1109 1542; x_wconf 87' lang='lat' dir='ltr'><strong>luisse,</strong></span> 
     </span>
     <span class='ocr_line' id='line_1_16' title="bbox 149 1553 1110 1629; baseline 0 -19"><span class='ocrx_word' id='word_1_132' title='bbox 149 1571 243 1628; x_wconf 86' lang='lat' dir='ltr'><strong>neque</strong></span> <span class='ocrx_word' id='word_1_133' title='bbox 257 1553 306 1624; x_wconf 85' lang='lat' dir='ltr'><strong>illi,</strong></span> <span class='ocrx_word' id='word_1_134' title='bbox 321 1557 366 1628; x_wconf 90' lang='lat' dir='ltr'><strong>qui</strong></span> <span class='ocrx_word' id='word_1_135' title='bbox 381 1571 443 1612; x_wconf 87' lang='lat' dir='ltr'><strong>esse</strong></span> <span class='ocrx_word' id='word_1_136' title='bbox 459 1557 537 1612; x_wconf 90' lang='lat' dir='ltr'><strong>etiam</strong></span> <span class='ocrx_word' id='word_1_137' title='bbox 553 1571 624 1610; x_wconf 90' lang='lat' dir='ltr'><strong>nunc</strong></span> <span class='ocrx_word' id='word_1_138' title='bbox 640 1562 731 1629; x_wconf 88' lang='lat' dir='ltr'><strong>putat;</strong></span> <span class='ocrx_word' id='word_1_139' title='bbox 756 1571 823 1628; x_wconf 89' lang='lat' dir='ltr'><strong>quae</strong></span> <span class='ocrx_word' id='word_1_140' title='bbox 838 1556 903 1611; x_wconf 91' lang='lat' dir='ltr'><strong>mihi</strong></span> <span class='ocrx_word' id='word_1_141' title='bbox 918 1557 1027 1611; x_wconf 88' lang='lat' dir='ltr'><strong>uidetur</strong></span> <span class='ocrx_word' id='word_1_142' title='bbox 1041 1555 1110 1628; x_wconf 93' lang='lat' dir='ltr'><strong>apud</strong></span> 
     </span>
     <span class='ocr_line' id='line_1_17' title="bbox 148 1637 1111 1713; baseline -0.003 -17"><span class='ocrx_word' id='word_1_143' title='bbox 148 1640 268 1696; x_wconf 87' lang='lat' dir='ltr'><strong>maiores</strong></span> <span class='ocrx_word' id='word_1_144' title='bbox 283 1637 368 1695; x_wconf 80' lang='lat' dir='ltr'><strong>fuisse</strong></span> <span class='ocrx_word' id='word_1_145' title='bbox 390 1639 502 1713; x_wconf 81' lang='lat' dir='ltr'><strong>duplex,</strong></span> <span class='ocrx_word' id='word_1_146' title='bbox 523 1647 554 1695; x_wconf 94' lang='lat' dir='ltr'><strong>ut</strong></span> <span class='ocrx_word' id='word_1_147' title='bbox 575 1638 607 1694; x_wconf 95' lang='lat' dir='ltr'><strong>ad</strong></span> <span class='ocrx_word' id='word_1_148' title='bbox 629 1641 668 1694; x_wconf 90' lang='lat' dir='ltr'><strong>rei</strong></span> <span class='ocrx_word' id='word_1_149' title='bbox 690 1638 814 1713; x_wconf 90' lang='lat' dir='ltr'><strong>publicae</strong></span> <span class='ocrx_word' id='word_1_150' title='bbox 835 1646 943 1713; x_wconf 88' lang='lat' dir='ltr'><strong>tempus</strong></span> <span class='ocrx_word' id='word_1_151' title='bbox 964 1655 1019 1696; x_wconf 91' lang='lat' dir='ltr'><strong>non</strong></span> <span class='ocrx_word' id='word_1_152' title='bbox 1034 1655 1111 1694; x_wconf 90' lang='lat' dir='ltr'><strong>num-</strong></span> 
     </span>
     <span class='ocr_line' id='line_1_18' title="bbox 149 1721 903 1797; baseline 0.001 -19"><span class='ocrx_word' id='word_1_153' title='bbox 149 1739 242 1797; x_wconf 90' lang='lat' dir='ltr'><strong>quam,</strong></span> <span class='ocrx_word' id='word_1_154' title='bbox 257 1721 291 1778; x_wconf 87' lang='lat' dir='ltr'><strong>ad</strong></span> <span class='ocrx_word' id='word_1_155' title='bbox 306 1723 402 1797; x_wconf 81' lang='lat' dir='ltr'><strong>agendi</strong></span> <span class='ocrx_word' id='word_1_156' title='bbox 418 1723 559 1780; x_wconf 80' lang='lat' dir='ltr'><strong>consilium</strong></span> <span class='ocrx_word' id='word_1_157' title='bbox 576 1724 732 1796; x_wconf 79' lang='lat' dir='ltr'><strong>saepissime</strong></span> <span class='ocrx_word' id='word_1_158' title='bbox 747 1723 903 1796; x_wconf 88' lang='lat' dir='ltr'><strong>pertineret.</strong></span> 
     </span>
    </p>
   </div>
   <div class='ocr_carea' id='block_1_3' title="bbox 147 1819 1112 1992">
    <p class='ocr_par' dir='ltr' id='par_1_3' title="bbox 147 1819 1112 1992">
     <span class='ocr_line' id='line_1_19' title="bbox 211 1819 1112 1897; baseline -0.007 -15"><span class='ocrx_word' id='word_1_159' title='bbox 211 1819 261 1882; x_wconf 82' lang='grc'><strong>34.</strong></span> <span class='ocrx_word' id='word_1_160' title='bbox 284 1824 318 1879; x_wconf 84' lang='grc' dir='ltr'><strong>Α.</strong></span> <span class='ocrx_word' id='word_1_161' title='bbox 341 1823 427 1880; x_wconf 84' lang='lat' dir='ltr'><strong>Credo</strong></span> <span class='ocrx_word' id='word_1_162' title='bbox 451 1823 541 1880; x_wconf 89' lang='lat' dir='ltr'><strong>hercle</strong></span> <span class='ocrx_word' id='word_1_163' title='bbox 563 1823 599 1879; x_wconf 93' lang='lat' dir='ltr'><strong>ita</strong></span> <span class='ocrx_word' id='word_1_164' title='bbox 621 1839 683 1879; x_wconf 91' lang='lat' dir='ltr'><strong>esse</strong></span> <span class='ocrx_word' id='word_1_165' title='bbox 703 1824 804 1897; x_wconf 87' lang='lat' dir='ltr'><strong>istique</strong></span> <span class='ocrx_word' id='word_1_166' title='bbox 823 1825 920 1879; x_wconf 91' lang='lat' dir='ltr'><strong>rationi</strong></span> <span class='ocrx_word' id='word_1_167' title='bbox 941 1825 1112 1896; x_wconf 90' lang='lat' dir='ltr'><strong>potissimum</strong></span> 
     </span>
     <span class='ocr_line' id='line_1_20' title="bbox 147 1907 592 1992; baseline -0.002 -28"><span class='ocrx_word' id='word_1_168' title='bbox 147 1907 305 1976; x_wconf 82' lang='lat' dir='ltr'><strong>adsentior3</strong></span> <span class='ocrx_word' id='word_1_169' title='bbox 329 1907 375 1992; x_wconf 84' lang='lat' dir='ltr'><strong>sed</strong></span> <span class='ocrx_word' id='word_1_170' title='bbox 395 1907 478 1964; x_wconf 92' lang='lat' dir='ltr'><strong>redde</strong></span> <span class='ocrx_word' id='word_1_171' title='bbox 493 1916 592 1964; x_wconf 86' lang='lat' dir='ltr'><strong>cetera.</strong></span> 
     </span>
    </p>
   </div>
   <div class='ocr_carea' id='block_1_4' title="bbox 147 2004 1114 2502">
    <p class='ocr_par' dir='ltr' id='par_1_4' title="bbox 147 2004 1114 2502">
     <span class='ocr_line' id='line_1_21' title="bbox 213 2004 1114 2079; baseline 0 -17"><span class='ocrx_word' id='word_1_172' title='bbox 213 2007 279 2065; x_wconf 88' lang='lat' dir='ltr'><strong>lllV.</strong></span> <span class='ocrx_word' id='word_1_173' title='bbox 302 2007 343 2064; x_wconf 92' lang='lat' dir='ltr'><strong>M.</strong></span> <span class='ocrx_word' id='word_1_174' title='bbox 365 2007 481 2064; x_wconf 86' lang='lat' dir='ltr'><strong>Reddam</strong></span> <span class='ocrx_word' id='word_1_175' title='bbox 502 2024 569 2063; x_wconf 94' lang='lat' dir='ltr'><strong>uero</strong></span> <span class='ocrx_word' id='word_1_176' title='bbox 590 2014 618 2062; x_wconf 88' lang='lat' dir='ltr'><strong>et</strong></span> <span class='ocrx_word' id='word_1_177' title='bbox 638 2007 676 2072; x_wconf 88' lang='lat' dir='ltr'><strong>ld,</strong></span> <span class='ocrx_word' id='word_1_178' title='bbox 698 2008 720 2062; x_wconf 92' lang='lat' dir='ltr'><strong>sl</strong></span> <span class='ocrx_word' id='word_1_179' title='bbox 742 2013 856 2079; x_wconf 92' lang='lat' dir='ltr'><strong>potero,</strong></span> <span class='ocrx_word' id='word_1_180' title='bbox 877 2004 967 2061; x_wconf 90' lang='lat' dir='ltr'><strong>breui:</strong></span> <span class='ocrx_word' id='word_1_181' title='bbox 991 2006 1114 2079; x_wconf 88' lang='lat' dir='ltr'><strong>sequitur</strong></span> 
     </span>
     <span class='ocr_line' id='line_1_22' title="bbox 151 2088 1113 2165; baseline -0.005 -16"><span class='ocrx_word' id='word_1_182' title='bbox 151 2094 223 2149; x_wconf 91' lang='lat' dir='ltr'><strong>enim</strong></span> <span class='ocrx_word' id='word_1_183' title='bbox 237 2092 271 2148; x_wconf 90' lang='lat' dir='ltr'><strong>de</strong></span> <span class='ocrx_word' id='word_1_184' title='bbox 285 2093 345 2148; x_wconf 91' lang='lat' dir='ltr'><strong>lure</strong></span> <span class='ocrx_word' id='word_1_185' title='bbox 359 2093 441 2162; x_wconf 91' lang='lat' dir='ltr'><strong>helli;</strong></span> <span class='ocrx_word' id='word_1_186' title='bbox 462 2093 489 2148; x_wconf 90' lang='lat' dir='ltr'><strong>in</strong></span> <span class='ocrx_word' id='word_1_187' title='bbox 511 2108 564 2165; x_wconf 92' lang='lat' dir='ltr'><strong>quo</strong></span> <span class='ocrx_word' id='word_1_188' title='bbox 581 2098 609 2148; x_wconf 91' lang='lat' dir='ltr'><strong>et</strong></span> <span class='ocrx_word' id='word_1_189' title='bbox 624 2088 794 2164; x_wconf 87' lang='lat' dir='ltr'><strong>suscipiendo</strong></span> <span class='ocrx_word' id='word_1_190' title='bbox 810 2097 838 2144; x_wconf 93' lang='lat' dir='ltr'><strong>et</strong></span> <span class='ocrx_word' id='word_1_191' title='bbox 853 2089 973 2162; x_wconf 80' lang='lat' dir='ltr'><strong>gerendo</strong></span> <span class='ocrx_word' id='word_1_192' title='bbox 989 2098 1016 2144; x_wconf 92' lang='lat' dir='ltr'><strong>et</strong></span> <span class='ocrx_word' id='word_1_193' title='bbox 1031 2089 1113 2162; x_wconf 90' lang='lat' dir='ltr'><strong>depo-</strong></span> 
     </span>
     <span class='ocr_line' id='line_1_23' title="bbox 149 2171 1113 2250; baseline -0.005 -18"><span class='ocrx_word' id='word_1_194' title='bbox 149 2176 241 2233; x_wconf 88' lang='lat' dir='ltr'><strong>nendo</strong></span> <span class='ocrx_word' id='word_1_195' title='bbox 262 2178 305 2232; x_wconf 92' lang='lat' dir='ltr'><strong>ius</strong></span> <span class='ocrx_word' id='word_1_196' title='bbox 326 2183 358 2232; x_wconf 91' lang='lat' dir='ltr'><strong>ut</strong></span> <span class='ocrx_word' id='word_1_197' title='bbox 378 2177 523 2250; x_wconf 90' lang='lat' dir='ltr'><strong>plurimum</strong></span> <span class='ocrx_word' id='word_1_198' title='bbox 545 2175 647 2231; x_wconf 92' lang='lat' dir='ltr'><strong>ualeret</strong></span> <span class='ocrx_word' id='word_1_199' title='bbox 667 2180 694 2229; x_wconf 90' lang='lat' dir='ltr'><strong>et</strong></span> <span class='ocrx_word' id='word_1_200' title='bbox 716 2172 783 2229; x_wconf 89' lang='lat' dir='ltr'><strong>fides</strong></span> <span class='ocrx_word' id='word_1_201' title='bbox 804 2189 952 2246; x_wconf 89' lang='lat' dir='ltr'><strong>eorumque</strong></span> <span class='ocrx_word' id='word_1_202' title='bbox 967 2182 998 2228; x_wconf 92' lang='lat' dir='ltr'><strong>nt</strong></span> <span class='ocrx_word' id='word_1_203' title='bbox 1013 2171 1113 2246; x_wconf 87' lang='lat' dir='ltr'><strong>publici</strong></span> 
     </span>
     <span class='ocr_line' id='line_1_24' title="bbox 147 2256 1113 2334; baseline -0.004 -18"><span class='ocrx_word' id='word_1_204' title='bbox 147 2263 314 2332; x_wconf 83' lang='lat' dir='ltr'><strong>interpretes</strong></span> <span class='ocrx_word' id='word_1_205' title='bbox 330 2268 432 2330; x_wconf 90' lang='lat' dir='ltr'><strong>essent,</strong></span> <span class='ocrx_word' id='word_1_206' title='bbox 448 2261 509 2334; x_wconf 78' lang='lat' dir='ltr'><strong>lege</strong></span> <span class='ocrx_word' id='word_1_207' title='bbox 524 2261 668 2315; x_wconf 88' lang='lat' dir='ltr'><strong>sanximus.</strong></span> <span class='ocrx_word' id='word_1_208' title='bbox 693 2260 745 2314; x_wconf 90' lang='lat' dir='ltr'><strong>iarn</strong></span> <span class='ocrx_word' id='word_1_209' title='bbox 762 2257 795 2313; x_wconf 91' lang='lat' dir='ltr'><strong>de</strong></span> <span class='ocrx_word' id='word_1_210' title='bbox 804 2258 956 2331; x_wconf 87' lang='lat' dir='ltr'><strong>aruspicum</strong></span> <span class='ocrx_word' id='word_1_211' title='bbox 969 2256 1113 2332; x_wconf 81' lang='lat' dir='ltr'><strong>religione,</strong></span> 
     </span>
     <span class='ocr_line' id='line_1_25' title="bbox 150 2341 1113 2418; baseline -0.003 -19"><span class='ocrx_word' id='word_1_212' title='bbox 150 2345 185 2400; x_wconf 92' lang='lat' dir='ltr'><strong>de</strong></span> <span class='ocrx_word' id='word_1_213' title='bbox 200 2344 399 2418; x_wconf 80' lang='lat' dir='ltr'><strong>expiationibus</strong></span> <span class='ocrx_word' id='word_1_214' title='bbox 414 2351 441 2400; x_wconf 89' lang='lat' dir='ltr'><strong>et</strong></span> <span class='ocrx_word' id='word_1_215' title='bbox 456 2342 692 2418; x_wconf 85' lang='lat' dir='ltr'><strong>procurationibus</strong></span> <span class='ocrx_word' id='word_1_216' title='bbox 707 2351 749 2398; x_wconf 89' lang='lat' dir='ltr'><strong>sat</strong></span> <span class='ocrx_word' id='word_1_217' title='bbox 763 2358 823 2398; x_wconf 89' lang='lat' dir='ltr'><strong>esse</strong></span> <span class='ocrx_word' id='word_1_218' title='bbox 838 2342 918 2416; x_wconf 91' lang='lat' dir='ltr'><strong>plane</strong></span> <span class='ocrx_word' id='word_1_219' title='bbox 934 2341 961 2396; x_wconf 90' lang='lat' dir='ltr'><strong>in</strong></span> <span class='ocrx_word' id='word_1_220' title='bbox 978 2343 1035 2415; x_wconf 91' lang='lat' dir='ltr'><strong>ipsa</strong></span> <span class='ocrx_word' id='word_1_221' title='bbox 1052 2341 1113 2415; x_wconf 80' lang='lat' dir='ltr'><strong>lege</strong></span> 
     </span>
     <span class='ocr_line' id='line_1_26' title="bbox 153 2428 347 2502; baseline 0.015 -19"><span class='ocrx_word' id='word_1_222' title='bbox 153 2428 254 2484; x_wconf 88' lang='lat' dir='ltr'><strong>dictum</strong></span> <span class='ocrx_word' id='word_1_223' title='bbox 269 2436 347 2502; x_wconf 93' lang='lat' dir='ltr'><strong>puto.</strong></span> 
     </span>
    </p>
   </div>
   <div class='ocr_carea' id='block_1_5' title="bbox 149 2526 1115 2854">
    <p class='ocr_par' dir='ltr' id='par_1_5' title="bbox 155 2526 1115 2670">
     <span class='ocr_line' id='line_1_27' title="bbox 219 2526 1115 2602; baseline -0.003 -18"><span class='ocrx_word' id='word_1_224' title='bbox 219 2529 251 2584; x_wconf 84' lang='lat' dir='ltr'><strong>A.</strong></span> <span class='ocrx_word' id='word_1_225' title='bbox 274 2528 432 2600; x_wconf 83' lang='lat' dir='ltr'><strong>Adsentior,</strong></span> <span class='ocrx_word' id='word_1_226' title='bbox 455 2530 581 2602; x_wconf 88' lang='lat' dir='ltr'><strong>quoniam</strong></span> <span class='ocrx_word' id='word_1_227' title='bbox 604 2529 693 2585; x_wconf 91' lang='lat' dir='ltr'><strong>omnis</strong></span> <span class='ocrx_word' id='word_1_228' title='bbox 715 2529 781 2584; x_wconf 90' lang='lat' dir='ltr'><strong>haec</strong></span> <span class='ocrx_word' id='word_1_229' title='bbox 799 2529 827 2582; x_wconf 90' lang='lat' dir='ltr'><strong>in</strong></span> <span class='ocrx_word' id='word_1_230' title='bbox 842 2526 977 2601; x_wconf 81' lang='lat' dir='ltr'><strong>religione</strong></span> <span class='ocrx_word' id='word_1_231' title='bbox 990 2533 1115 2582; x_wconf 90' lang='lat' dir='ltr'><strong>uersatur</strong></span> 
     </span>
     <span class='ocr_line' id='line_1_28' title="bbox 155 2613 534 2670; baseline 0.005 -2"><span class='ocrx_word' id='word_1_232' title='bbox 155 2613 251 2668; x_wconf 91' lang='lat' dir='ltr'><strong>oratic.</strong></span> <span class='ocrx_word' id='word_1_233' title='bbox 531 2666 534 2670; x_wconf 85' lang='lat'><em>.</em></span> 
     </span>
    </p>

    <p class='ocr_par' dir='ltr' id='par_1_6' title="bbox 149 2685 1113 2854">
     <span class='ocr_line' id='line_1_29' title="bbox 216 2685 1113 2770; baseline -0.004 -18"><span class='ocrx_word' id='word_1_234' title='bbox 216 2697 258 2754; x_wconf 90' lang='lat' dir='ltr'><strong>M.</strong></span> <span class='ocrx_word' id='word_1_235' title='bbox 282 2696 316 2752; x_wconf 87' lang='lat' dir='ltr'><strong>ltt</strong></span> <span class='ocrx_word' id='word_1_236' title='bbox 337 2712 405 2752; x_wconf 89' lang='lat' dir='ltr'><strong>uero</strong></span> <span class='ocrx_word' id='word_1_237' title='bbox 427 2695 499 2770; x_wconf 90' lang='lat' dir='ltr'><strong>quod</strong></span> <span class='ocrx_word' id='word_1_238' title='bbox 520 2698 643 2770; x_wconf 86' lang='lat' dir='ltr'><strong>seqnitur</strong></span> <span class='ocrx_word' id='word_1_239' title='bbox 663 2711 718 2768; x_wconf 88' lang='lat' dir='ltr'><strong>quo</strong></span> <span class='ocrx_word' id='word_1_240' title='bbox 738 2694 819 2751; x_wconf 88' lang='lat' dir='ltr'><strong>modo</strong></span> <span class='ocrx_word' id='word_1_241' title='bbox 840 2701 871 2750; x_wconf 90' lang='lat' dir='ltr'><strong>tu</strong></span> <span class='ocrx_word' id='word_1_242' title='bbox 890 2691 1039 2750; x_wconf 87' lang='lat' dir='ltr'><strong>adsentiare</strong></span> <span class='ocrx_word' id='word_1_243' title='bbox 1053 2685 1113 2750; x_wconf 90' lang='lat' dir='ltr'><strong>aut¹</strong></span> 
     </span>
     <span class='ocr_line' id='line_1_30' title="bbox 149 2779 718 2854; baseline -0.005 -17"><span class='ocrx_word' id='word_1_244' title='bbox 149 2797 205 2854; x_wconf 76' lang='lat' dir='ltr'><strong>ego</strong></span> <span class='ocrx_word' id='word_1_245' title='bbox 221 2779 426 2854; x_wconf 88' lang='lat' dir='ltr'><strong>reprehendam,</strong></span> <span class='ocrx_word' id='word_1_246' title='bbox 443 2797 506 2836; x_wconf 84' lang='lat' dir='ltr'><strong>sane</strong></span> <span class='ocrx_word' id='word_1_247' title='bbox 522 2797 634 2854; x_wconf 89' lang='lat' dir='ltr'><strong>quaero,</strong></span> <span class='ocrx_word' id='word_1_248' title='bbox 649 2779 718 2835; x_wconf 83' lang='lat' dir='ltr'><strong>Tite.</strong></span> 
     </span>
    </p>
   </div>
   <div class='ocr_carea' id='block_1_6' title="bbox 149 2877 1114 3214">
    <p class='ocr_par' dir='ltr' id='par_1_7' title="bbox 217 2877 655 2948">
     <span class='ocr_line' id='line_1_31' title="bbox 217 2877 655 2948; baseline -0.007 -10"><span class='ocrx_word' id='word_1_249' title='bbox 217 2877 267 2938; x_wconf 75' lang='lat'><strong>85.</strong></span> <span class='ocrx_word' id='word_1_250' title='bbox 290 2881 324 2936; x_wconf 81' lang='grc' dir='ltr'><strong>Α.</strong></span> <span class='ocrx_word' id='word_1_251' title='bbox 350 2880 419 2948; x_wconf 80' lang='lat' dir='ltr'><strong>Quid</strong></span> <span class='ocrx_word' id='word_1_252' title='bbox 435 2881 540 2937; x_wconf 88' lang='lat' dir='ltr'><strong>tandem</strong></span> <span class='ocrx_word' id='word_1_253' title='bbox 552 2880 579 2936; x_wconf 94' lang='lat' dir='ltr'><strong>id</strong></span> <span class='ocrx_word' id='word_1_254' title='bbox 595 2880 655 2936; x_wconf 82' lang='lat' dir='ltr'><strong>est?</strong></span> 
     </span>
    </p>

    <p class='ocr_par' dir='ltr' id='par_1_8' title="bbox 217 2962 791 3022">
     <span class='ocr_line' id='line_1_32' title="bbox 217 2962 791 3022; baseline -0.009 0"><span class='ocrx_word' id='word_1_255' title='bbox 217 2966 259 3022; x_wconf 90' lang='lat' dir='ltr'><strong>M.</strong></span> <span class='ocrx_word' id='word_1_256' title='bbox 282 2965 319 3022; x_wconf 86' lang='lat' dir='ltr'><strong>lte</strong></span> <span class='ocrx_word' id='word_1_257' title='bbox 333 2968 475 3022; x_wconf 87' lang='lat' dir='ltr'><strong>nocturnis</strong></span> <span class='ocrx_word' id='word_1_258' title='bbox 490 2963 626 3021; x_wconf 87' lang='lat' dir='ltr'><strong>sacrificiis</strong></span> <span class='ocrx_word' id='word_1_259' title='bbox 642 2962 791 3020; x_wconf 85' lang='lat' dir='ltr'><strong>mulierum.</strong></span> 
     </span>
    </p>

    <p class='ocr_par' dir='ltr' id='par_1_9' title="bbox 149 3055 1114 3214">
     <span class='ocr_line' id='line_1_33' title="bbox 216 3055 1114 3132; baseline -0.002 -19"><span class='ocrx_word' id='word_1_260' title='bbox 216 3059 252 3117; x_wconf 81' lang='lat' dir='ltr'><strong>A.</strong></span> <span class='ocrx_word' id='word_1_261' title='bbox 277 3056 333 3132; x_wconf 78' lang='lat' dir='ltr'><strong>Ego</strong></span> <span class='ocrx_word' id='word_1_262' title='bbox 357 3073 422 3112; x_wconf 90' lang='lat' dir='ltr'><strong>uero</strong></span> <span class='ocrx_word' id='word_1_263' title='bbox 445 3057 591 3126; x_wconf 87' lang='lat' dir='ltr'><strong>adsentior,</strong></span> <span class='ocrx_word' id='word_1_264' title='bbox 613 3062 727 3129; x_wconf 83' lang='lat' dir='ltr'><strong>excepto</strong></span> <span class='ocrx_word' id='word_1_265' title='bbox 747 3056 905 3128; x_wconf 88' lang='lat' dir='ltr'><strong>praesertim</strong></span> <span class='ocrx_word' id='word_1_266' title='bbox 927 3057 1032 3130; x_wconf 84' lang='lat' dir='ltr'><strong>inipso</strong></span> <span class='ocrx_word' id='word_1_267' title='bbox 1053 3055 1114 3128; x_wconf 81' lang='lat' dir='ltr'><strong>lege</strong></span> 
     </span>
     <span class='ocr_line' id='line_1_34' title="bbox 149 3139 607 3214; baseline -0.002 -17"><span class='ocrx_word' id='word_1_268' title='bbox 149 3141 281 3198; x_wconf 89' lang='lat' dir='ltr'><strong>sollemni</strong></span> <span class='ocrx_word' id='word_1_269' title='bbox 295 3139 427 3198; x_wconf 89' lang='lat' dir='ltr'><strong>sacrificio</strong></span> <span class='ocrx_word' id='word_1_270' title='bbox 443 3157 473 3198; x_wconf 89' lang='lat' dir='ltr'><strong>ae</strong></span> <span class='ocrx_word' id='word_1_271' title='bbox 486 3139 607 3214; x_wconf 86' lang='lat' dir='ltr'><strong>publico.</strong></span> 
     </span>
    </p>
   </div>
   <div class='ocr_carea' id='block_1_7' title="bbox 149 3234 1115 3400">
    <p class='ocr_par' dir='ltr' id='par_1_10' title="bbox 149 3234 1115 3400">
     <span class='ocr_line' id='line_1_35' title="bbox 217 3234 1115 3315; baseline -0.004 -17"><span class='ocrx_word' id='word_1_272' title='bbox 217 3241 259 3298; x_wconf 92' lang='lat' dir='ltr'><strong>M.</strong></span> <span class='ocrx_word' id='word_1_273' title='bbox 287 3240 356 3308; x_wconf 80' lang='lat' dir='ltr'><strong>Quid</strong></span> <span class='ocrx_word' id='word_1_274' title='bbox 390 3257 456 3315; x_wconf 76' lang='lat' dir='ltr'><strong>ergo</strong></span> <span class='ocrx_word' id='word_1_275' title='bbox 485 3249 547 3314; x_wconf 81' lang='lat' dir='ltr'><strong>aget</strong></span> <span class='ocrx_word' id='word_1_276' title='bbox 569 3241 679 3297; x_wconf 92' lang='lat' dir='ltr'><strong>iacchus</strong></span> <span class='ocrx_word' id='word_1_277' title='bbox 701 3239 929 3313; x_wconf 83' lang='lat' dir='ltr'><strong>Eumolpidaeque</strong></span> <span class='ocrx_word' id='word_1_278' title='bbox 959 3234 1059 3296; x_wconf 81' lang='lat' dir='ltr'><strong>uostri²</strong></span> <span class='ocrx_word' id='word_1_279' title='bbox 1086 3246 1115 3295; x_wconf 89' lang='lat' dir='ltr'><strong>et</strong></span> 
     </span>
     <span class='ocr_line' id='line_1_36' title="bbox 149 3323 1114 3400; baseline -0.003 -19"><span class='ocrx_word' id='word_1_280' title='bbox 149 3333 271 3400; x_wconf 76' lang='lat' dir='ltr'><strong>augusta</strong></span> <span class='ocrx_word' id='word_1_281' title='bbox 284 3325 329 3381; x_wconf 88' lang='lat' dir='ltr'><strong>illa</strong></span> <span class='ocrx_word' id='word_1_282' title='bbox 344 3326 484 3398; x_wconf 78' lang='lat' dir='ltr'><strong>mysteria,</strong></span> <span class='ocrx_word' id='word_1_283' title='bbox 501 3327 524 3381; x_wconf 94' lang='lat' dir='ltr'><strong>si</strong></span> <span class='ocrx_word' id='word_1_284' title='bbox 539 3324 647 3398; x_wconf 88' lang='lat' dir='ltr'><strong>quidem</strong></span> <span class='ocrx_word' id='word_1_285' title='bbox 663 3339 745 3380; x_wconf 89' lang='lat' dir='ltr'><strong>sacra·</strong></span> <span class='ocrx_word' id='word_1_286' title='bbox 753 3332 884 3379; x_wconf 87' lang='lat' dir='ltr'><strong>nocturna</strong></span> <span class='ocrx_word' id='word_1_287' title='bbox 899 3323 1039 3379; x_wconf 81' lang='lat' dir='ltr'><strong>tollimus?</strong></span> <span class='ocrx_word' id='word_1_288' title='bbox 1059 3339 1114 3378; x_wconf 93' lang='lat' dir='ltr'><strong>non</strong></span> 
     </span>
    </p>
   </div>
   <div class='ocr_carea' id='block_1_8' title="bbox 149 3501 1115 3642">
    <p class='ocr_par' dir='ltr' id='par_1_11' title="bbox 149 3501 1115 3642">
     <span class='ocr_line' id='line_1_37' title="bbox 229 3501 1115 3571; baseline -0.006 -17"><span class='ocrx_word' id='word_1_289' title='bbox 229 3502 251 3571; x_wconf 84' lang='lat'><strong>²)</strong></span> <span class='ocrx_word' id='word_1_290' title='bbox 266 3505 384 3568; x_wconf 80' lang='lat' dir='ltr'><strong>quomodo</strong></span> <span class='ocrx_word' id='word_1_291' title='bbox 404 3513 444 3556; x_wconf 87' lang='lat' dir='ltr'><strong>aut</strong></span> <span class='ocrx_word' id='word_1_292' title='bbox 457 3513 481 3555; x_wconf 93' lang='lat' dir='ltr'><strong>to</strong></span> <span class='ocrx_word' id='word_1_293' title='bbox 497 3505 616 3554; x_wconf 77' lang='lat' dir='ltr'><strong>adsenthe</strong></span> <span class='ocrx_word' id='word_1_294' title='bbox 631 3503 682 3554; x_wconf 82' lang='lat' dir='ltr'><strong>AB</strong></span> <span class='ocrx_word' id='word_1_295' title='bbox 693 3504 811 3569; x_wconf 87' lang='lat' dir='ltr'><strong>quomodo</strong></span> <span class='ocrx_word' id='word_1_296' title='bbox 825 3511 866 3553; x_wconf 90' lang='lat' dir='ltr'><strong>ant</strong></span> <span class='ocrx_word' id='word_1_297' title='bbox 879 3512 904 3550; x_wconf 90' lang='lat' dir='ltr'><strong>tu</strong></span> <span class='ocrx_word' id='word_1_298' title='bbox 919 3501 1054 3550; x_wconf 87' lang='lat' dir='ltr'><strong>adsentisre</strong></span> <span class='ocrx_word' id='word_1_299' title='bbox 1069 3508 1115 3550; x_wconf 85' lang='lat' dir='ltr'><strong>out</strong></span> 
     </span>
     <span class='ocr_line' id='line_1_38' title="bbox 149 3572 545 3642; baseline 0 -16"><span class='ocrx_word' id='word_1_300' title='bbox 149 3577 192 3626; x_wconf 83' lang='lat' dir='ltr'><strong>ed.</strong></span> <span class='ocrx_word' id='word_1_301' title='bbox 213 3576 247 3625; x_wconf 90' lang='lat' dir='ltr'><strong>V.</strong></span> <span class='ocrx_word' id='word_1_302' title='bbox 279 3572 389 3642; x_wconf 68' lang='lat' dir='ltr'><strong>&#39;inostri</strong></span> <span class='ocrx_word' id='word_1_303' title='bbox 403 3575 454 3625; x_wconf 85' lang='lat' dir='ltr'><strong>AB</strong></span> <span class='ocrx_word' id='word_1_304' title='bbox 465 3577 523 3626; x_wconf 84' lang='lat' dir='ltr'><strong>edd.</strong></span> <span class='ocrx_word' id='word_1_305' title='bbox 542 3603 545 3608; x_wconf 41' lang='lat' dir='ltr'>v</span> 
     </span>
    </p>
   </div>
   <div class='ocr_carea' id='block_1_9' title="bbox 0 0 1346 4112">
    <p class='ocr_par' dir='ltr' id='par_1_12' title="bbox 0 0 1346 4112">
     <span class='ocr_line' id='line_1_39' title="bbox 0 0 1346 4112; baseline 0 0"><span class='ocrx_word' id='word_1_306' title='bbox 0 0 1346 4112; x_wconf 95' lang='lat' dir='ltr'><strong> </strong></span> 
     </span>
    </p>
   </div>
  </div>
 </body>
</html>
