2692 4114
253 169 317 234 484
502 185 770 222 1vn11ravnusnnr.
789 170 822 222 ΙΙ.
843 175 954 224 22-24.

337 333 401 376 'rint
415 331 492 374 xxti.
506 332 566 372 ‘nn
582 329 694 372 Paomis
710 331 804 372 INTER
818 331 915 374 vlnvn
930 333 970 372 m*
985 332 1120 377 VXOREM.

317 433 342 492 1.
367 429 500 490 ¹i'ruotus
522 433 598 488 iundi
618 431 716 488 dotalis
736 440 876 489 constante
898 436 1067 491 matrimonio
1083 439 1207 510 percepti

253 519 330 576 inoro
345 520 432 575 mariti
448 518 556 586 cedunt,
579 518 657 573 etiam
673 533 722 590 pro
738 525 794 572 rata
810 519 872 572 anni
887 519 960 589 eins,
977 535 1030 591 qno
1046 519 1147 576 iactum
1163 530 1207 576 est

253 604 409 660 diuortium.
446 597 474 660 2.
491 595 638 657 ²0mnious
653 601 738 674 pactis
755 599 894 674 stipulatio
909 600 1003 658 subiici
1019 601 1110 674 debet,
1127 612 1157 659 nt
1172 621 1207 660 ex

253 686 382 761 stipulatu
398 687 468 742 actio
483 685 558 742 nasci
573 687 669 758 possit.

274 822 338 864 rin.
352 821 442 864 xxm.
472 821 514 862 Dii
528 817 761 862 Donnmomnvs
777 819 871 863 INTER
885 819 983 862 viltvn
997 821 1038 864 ΕΤ
1052 821 1191 864 VXOREM.

315 904 340 964 1.
374 906 467 962 Mortis
486 920 574 960 eausa
596 903 707 960 donatio
730 912 787 975 est,
810 920 879 978 qnae
902 899 1109 977 'impendentis³
1131 917 1207 964 metu

254 992 349 1048 mortis
366 988 405 1061 iit,
421 997 452 1057 ut
466 988 508 1044 'ex
523 981 625 1045 cansa⁴
639 987 819 1059 ualetudinis,
836 990 1079 1061 peregrinationis,
1095 993 1206 1066 nauiga-

253 1076 335 1131 tionis
356 1073 401 1130 nel
423 1072 496 1130 beili.
545 1067 573 1130 2.
596 1065 830 1128 ⁶Mannmissionis
856 1073 942 1144 gratia
966 1074 1037 1129 inter
1063 1076 1153 1130 uirum
1178 1085 1207 1132 et

253 1174 366 1214 uxorem
382 1157 491 1214 donatio
513 1155 607 1212 fauore
622 1153 753 1212 libertatis
768 1163 877 1228 recepta
892 1164 949 1228 est,
966 1156 1009 1212 uel
1024 1165 1113 1228 certe,
1131 1159 1206 1230 quod

254 1257 333 1298 nemo
350 1257 381 1296 ex
403 1241 453 1296 hac
473 1238 518 1296 iiat
533 1238 710 1312 locupietior:
732 1238 848 1311 ideoque
868 1255 978 1296 sernum
994 1241 1205 1298 manumittendi

253 1341 334 1381 eausa
349 1325 464 1380 inuicem
480 1322 530 1378 sibi
545 1323 645 1378 donare
660 1338 714 1378 non
729 1321 916 1396 prohibentur.
958 1321 987 1380 3.
1012 1317 1102 1382 ⁶1nter
1117 1327 1204 1381 uirnnr

253 1417 281 1464 et
296 1423 409 1464 uxorem
423 1423 473 1462 neo
488 1423 537 1479 per
551 1407 738 1479 interpositam
754 1421 896 1479 personam
910 1407 1020 1464 donatio
1033 1406 1091 1464 ieri
1102 1417 1207 1482 potest!

253 1490 282 1548 4.
307 1483 398 1547 'iuter
420 1491 506 1546 uirum
529 1495 556 1546 et
576 1504 687 1546 uxorem
702 1489 930 1563 contemplatione
944 1490 1097 1548 donationis
1114 1493 1206 1565 imagi·

255 1576 328 1632 traria
343 1573 463 1630 uenditio
478 1573 601 1630 contrahi
622 1589 676 1629 non
696 1582 798 1646 potest.
840 1570 869 1630 ὅ.
893 1567 1065 1648 8Superstite
1086 1592 1134 1648 eo,
1158 1579 1205 1650 qui

253 1659 416 1716 matrimonii
432 1665 553 1730 tempore
567 1657 724 1728 donauerat,
740 1668 802 1714 ante
817 1657 980 1728 decedente,
995 1659 1141 1716 enituerat
1156 1660 1205 1716 do

254 1752 362 1815 natum,
384 1741 427 1812 id,
451 1740 523 1815 quod
546 1741 674 1798 donatnm
697 1750 754 1806 est,
782 1757 866 1814 penes
892 1740 1051 1799 donatorem
1073 1753 1204 1801 remanet.

253 1823 283 1884 6.
306 1825 481 1900 Quocumque
503 1818 654 1900 'temperet’
677 1825 905 1898 contemplatione
920 1828 1016 1883 mortis
1031 1828 1103 1884 inter
1117 1829 1204 1884 uirum

254 1920 281 1968 et
296 1927 407 1968 uxorem
421 1910 532 1967 donatio
548 1909 615 1966 iacta
631 1915 683 1979 est,
699 1917 787 1965 morte
802 1917 893 1966 secuta
908 1910 1083 1968 conualesoit.

405 1987 451 2070 [L.
467 1991 518 2051 59.
541 1993 578 2050 D.
593 1994 629 2050 de
643 1994 709 2050 don.
726 1996 779 2050 vir.
798 1999 824 2050 et
840 2010 890 2052 ero.
905 1985 972 2070 (24,
989 1985 1031 2072 1).

404 2077 437 2136 L.
454 2075 503 2135 56,
526 2077 561 2135 Ι).
579 2078 618 2134 od
630 2079 685 2150 lep.
703 2077 795 2150 Apud.
813 2069 857 2154 (9,
874 2071 931 2153 2)]

419 2230 482 2272 nm.
498 2229 582 2270 xxrv.
611 2230 653 2270 on
668 2229 791 2270 maenis
807 2227 1035 2272 nenoscnnom.

317 2315 342 2374 1.
367 2307 427 2372 ¹⁰Si
441 2331 522 2372 serua
544 2315 700 2387 conceperit
723 2322 750 2368 et
773 2323 868 2387 postea
882 2316 1043 2371 manumissa
1058 2319 1203 2390 pepererit,
1215 2333 1273 2383 [aaa]

328 2464 376 2513 Iit.
394 2462 489 2512 XXII.
533 2459 552 2526 ¹)
569 2462 607 2526 Cf.
621 2462 653 2514 L.
674 2474 706 2514 aa.
731 2465 753 2524 ξ.
769 2476 789 2513 a.
809 2463 841 2512 I).
861 2464 893 2514 de
911 2466 928 2515 i.
944 2465 995 2514 dot.
1012 2465 1061 2529 (aa,
1080 2466 1111 2531 a).
1136 2467 1167 2516 L.
1183 2479 1203 2518 ι.

254 2538 313 2598 §.1.
333 2534 364 2583 L.
380 2545 413 2584 ιι.
429 2533 460 2582 D.
475 2535 521 2584 aot.
536 2539 611 2581 matr.
627 2533 671 2597 (aa,
687 2533 719 2597 a).
738 2533 770 2582 L.
785 2549 828 2582 on.
843 2536 865 2595 ἕ.
881 2546 901 2584 e.
918 2534 944 2583 0.
959 2536 991 2585 de
1005 2539 1046 2585 rei
1060 2552 1137 2586 uxor.
1153 2544 1203 2588 act.

254 2607 289 2673 (5,
305 2602 349 2670 ιι).
377 2603 533 2653 Sententiam
551 2602 618 2651 donc
636 2617 727 2652 errore
746 2605 773 2651 in
788 2605 922 2667 principio
942 2605 1018 2655 deine
1036 2607 1075 2656 tit.
1095 2609 1204 2657 locatam

254 2691 320 2735 ecee,
335 2690 391 2725 cnm
405 2674 507 2737 prioris
521 2673 609 2722 ultima
623 2687 678 2722 eece
692 2672 806 2735 deberet,
825 2674 970 2725 observavit
988 2676 1136 2727 Heimbooit.
1152 2677 1203 2728 Re·

250 2753 318 2811 pert.
333 2745 406 2808 Lips.
422 2755 481 2795 1848.
501 2742 553 2791 ΙΙΙ.
569 2755 658 2806 p.141.
711 2739 731 2808 ²)
747 2743 785 2806 Cf.
800 2756 821 2804 a,
836 2756 869 2796 ιι.
884 2747 907 2807 β.
923 2758 942 2796 ι.

328 2815 375 2864 Iit.
395 2813 503 2864 XXIII.
542 2809 563 2880 8)
578 2815 727 2877 impendente
744 2814 805 2864 odd.
820 2816 878 2866 edd.
900 2816 937 2879 Os.
953 2816 985 2866 L.
1000 2827 1020 2866 a.
1036 2817 1068 2866 D.
1083 2817 1114 2865 de
1128 2823 1202 2866 mort.

254 2903 276 2936 o.
292 2887 350 2936 don.
367 2884 411 2951 (eo,
425 2882 449 2938 oi
463 2891 487 2934 et
501 2885 575 2933 dere
589 2885 662 2948 infra
676 2897 697 2943 e,
712 2897 731 2935 ι.
747 2885 770 2946 ξ.
786 2897 805 2935 1.
825 2887 848 2947 §-
864 2897 883 2935 1.
902 2885 971 2936 Ide
986 2888 1045 2937 don.
1061 2886 1091 2953 (a,
1106 2884 1137 2952 a).

255 2955 276 3019 4)
292 2963 328 3004 est
343 2954 420 3022 (puta
431 2969 482 3018 pro
497 2954 550 3021 eni)
566 2955 627 3005 cdd.
643 2953 700 3020 (sed
715 2955 776 3005 cdd.
791 2965 811 3006 a.
826 2967 846 3006 a.
861 2955 988 3022 omittunt)
1003 2958 1061 3006 edd.
1077 2958 1109 3007 A.
1119 2957 1203 3007 Haeo.

255 3024 276 3091 ⁵)
293 3026 331 3089 Cf.
346 3026 378 3078 L.
393 3037 414 3076 a.
428 3027 451 3088 9.
466 3037 486 3076 e.
502 3026 581 3078 -L.
597 3037 617 3077 e.
633 3027 655 3087 5.
671 3038 690 3076 1.
710 3025 742 3076 Ι).
758 3025 790 3074 de
804 3026 862 3075 don.
878 3028 922 3076 int.
938 3029 987 3076 eir.
1003 3026 1047 3092 (ιι,
1059 3025 1089 3092 ι).
1109 3028 1141 3076 L.
1157 3039 1203 3079 nae.

254 3099 277 3160 ᾖ.
292 3109 311 3147 1.
332 3096 364 3145 D.
379 3097 411 3146 de
425 3096 476 3147 dio.
491 3112 545 3162 rep.
561 3098 612 3145 iun.
627 3096 672 3160 (oo,
687 3096 732 3160 ιι).
801 3092 821 3160 ⁶)
838 3095 876 3159 Of.
891 3096 923 3146 L.
937 3109 957 3149 a.
973 3100 996 3159 §-
1011 3111 1031 3149 ι.
1052 3098 1083 3147 I).
1099 3099 1131 3149 de
1145 3099 1203 3149 don.

255 3169 301 3216 int.
315 3169 364 3216 eir.
380 3165 425 3231 (aa,
440 3165 462 3232 ι)
477 3183 532 3217 oum
546 3165 629 3216 Basti.
643 3166 675 3214 L.
690 3176 710 3216 o.
725 3167 748 3227 ξ.
764 3178 784 3217 ι.
803 3166 835 3215 Ι).
851 3168 905 3216 eod.
967 3165 987 3233 ἵ)
1005 3168 1042 3231 Os.
1058 3168 1090 3217 L.
1105 3179 1126 3220 o.
1146 3171 1203 3230 §.a

253 3239 286 3287 Ι).
301 3238 356 3288 eod.
428 3234 448 3303 ⁸)
463 3237 560 3288 Eodem
573 3237 699 3286 sententio
713 3236 760 3286 aed
772 3238 834 3286 aliie
847 3237 932 3288 verbio
945 3246 970 3288 et
983 3246 1102 3303 respecto
1116 3238 1204 3290 hodite

254 3309 468 3360 commorientium
482 3314 555 3358 extat
569 3306 601 3354 L.
615 3317 636 3357 o.
656 3306 688 3354 Ι).
703 3306 734 3354 de
748 3305 801 3356 red.
816 3306 875 3356 dub.
891 3307 935 3376 (ιι,
949 3306 981 3373 ι).
1045 3306 1067 3375 ⁹)
1083 3311 1100 3360 ι’.
1114 3325 1136 3359 e.
1151 3311 1204 3360 siae

254 3387 282 3429 nt
294 3382 380 3429 statim
394 3380 446 3428 sive
460 3385 488 3427 ut
501 3378 590 3427 mortis
599 3383 710 3439 tempore
719 3377 760 3426 rei
773 3377 911 3428 dominium
925 3387 1048 3432 transeat.
1074 3379 1112 3444 Of.
1128 3380 1160 3429 L.
1170 3392 1203 3432 11.

271 3463 312 3501 .1.
331 3451 363 3498 D.
377 3450 402 3498 t.
417 3455 435 3498 ι.
633 3461 635 3465 ·

253 3453 268 3513 ἓ
328 3519 375 3568 iit.
395 3516 501 3566 XXIV.
542 3513 575 3582 ¹⁰)
591 3516 630 3578 Cf.
648 3515 703 3569 aaa.
719 3531 739 3576 1,
754 3529 787 3568 er.
802 3530 836 3569 ee.
859 3518 914 3582 tltp.
929 3530 950 3578 e,
965 3532 998 3572 ιο.
