2680 4112
255 213 318 272 114
578 222 604 258 u.
623 219 761 257 lumenve
779 222 871 260 mne.

253 350 344 404 statim
368 347 516 403 seeundum
538 346 678 402 duodecim
700 342 821 404 tabulas¹
846 350 964 422 quinque
985 357 1013 406 et
1028 353 1124 424 uiginti
1139 369 1214 410 asses

252 431 369 487 iubebat.
398 430 569 504 Propterea’,
584 431 682 503 inquit,
698 431 848 504 ‘praetores
864 440 959 506 postea
974 433 1042 490 hanc
1058 435 1213 494 abolescere

252 523 279 570 et
301 514 416 588 relinqui
438 521 602 571 censuerunt
623 516 782 588 iniuriisque
804 517 984 572 aestumandis
1006 527 1213 593 recuperatores

253 615 282 655 se
298 598 410 655 daturos
425 598 591 654 edixerunt'.
608 627 646 638 --
664 597 730 654 Geli
748 598 799 670 20,
817 599 844 658 1.
861 600 889 671 3.
907 600 956 657 13.

516 748 562 804 hd
584 749 733 805 edictum
756 751 945 822 praetoris.
1217 772 1269 823 [ea]

314 861 363 924 26.
383 865 524 922 Praeterea
544 867 573 920 in
588 863 663 920 libris
680 881 749 938 quos
764 865 796 921 ad
811 868 944 940 praetoris
959 867 1077 924 edictum
1092 871 1210 944 scripsit,

251 949 334 1005 multa
356 950 448 1023 posuit
471 951 568 1023 partim
591 949 680 1020 lepide
703 956 784 1022 atque
807 959 903 1022 argute
918 959 1041 1024 reperta;
1064 954 1144 1008 sicuti
1160 955 1212 1009 hoo

251 1041 304 1104 est,
320 1033 393 1106 quod
410 1035 437 1088 in
453 1041 549 1106 quarto
565 1032 597 1086 ad
613 1031 729 1088 edietum
744 1031 813 1088 libro
825 1035 956 1107 scriptum
967 1034 1096 1109 legimus:
1114 1035 1212 1094 iSoror

251 1117 385 1194 appellata
400 1124 453 1187 est,
470 1116 543 1190 quod
559 1117 635 1188 quasi
650 1131 773 1171 seorsum
788 1118 907 1172 nascitur
922 1127 1116 1192 separaturque
1131 1119 1164 1175 ab
1179 1137 1210 1176 ea

250 1200 340 1266 domo,
357 1203 384 1256 in
401 1211 528 1273 quanam
545 1208 595 1268 est,
612 1207 640 1254 et
654 1202 682 1254 in
697 1200 774 1256 aliam
790 1200 914 1256 familiam
930 1203 1151 1276 transgreditur&
1168 1208 1212 1247 -·'

252 1283 319 1340 Geli.
339 1285 388 1354 13,
407 1283 455 1340 10.
473 1284 501 1354 3.
519 1283 547 1340 3.
565 1291 592 1339 et
607 1299 640 1338 ex
655 1299 688 1338 eo
703 1283 771 1340 Non.
790 1285 818 1355 1,
835 1283 905 1341 258.
921 1303 948 1359 p.
965 1283 1015 1341 62.

508 1434 698 1504 incertum,
721 1433 806 1490 uude
828 1436 952 1507 petita.

314 1546 360 1608 27.
384 1548 489 1604 (laelius
500 1547 614 1604 Sabinus
630 1551 657 1604 in
672 1549 750 1620 libro,
775 1567 854 1624 quem
870 1551 904 1608 de
919 1552 1006 1610 edicto
1021 1553 1147 1610 aedilium
1163 1573 1211 1612 cu·

249 1634 347 1690 rulium
360 1635 524 1706 composuit,
540 1627 709 1688 labeonem²
724 1633 817 1707 refert,
833 1635 898 1708 quid
913 1645 985 1693 esset
1000 1637 1121 1709 morbus,
1137 1639 1210 1696 hisee

249 1717 340 1776 uerbis
355 1716 494 1774 delinisse:
510 1716 630 1772 ‘Morbus
646 1725 688 1772 est
700 1716 807 1776 habitus
820 1714 968 1793 cuiusque³
980 1724 1103 1794 eorporis
1114 1731 1210 1780 eontra

250 1810 384 1872 naturam,
407 1803 454 1875 qui
469 1817 547 1858 usum
562 1803 618 1856 eius
635 1801 698 1857 iacit
713 1803 884 1859 deteriorem.
900 1833 942 1844 -
958 1804 1024 1861 Gell.
1040 1805 1072 1877 4,
1087 1805 1116 1862 2.
1133 1806 1161 1877 3.
1178 1806 1209 1863 3.

211 1910 214 1914 ·
311 1884 361 1945 28.
382 1885 532 1942 labeonem
548 1885 719 1960 respondisse
733 1888 817 1956 aiunt,
838 1887 972 1944 redhiberi
992 1905 1075 1962 posse
1096 1885 1142 1962 (se.
1161 1905 1209 1945 eu·

249 1964 376 2043 nuehum)
389 1971 464 2043 quasi
476 1969 646 2041 morbosum3
657 1987 718 2028 sues
731 1971 810 2028 etiam
823 1965 954 2027 leminae⁴
967 1974 990 2028 si
1002 1973 1109 2029 sterilae
1117 1981 1210 2030 essent

250 2063 277 2111 et
293 2069 392 2112 uenum
408 2057 503 2127 issent,
526 2070 559 2109 ex
574 2054 662 2114 edicto
679 2055 802 2112 aedilium
818 2071 900 2128 posse
915 2057 958 2129 agi
973 2055 1125 2115 Labeonem
1139 2059 1206 2114 seri·

248 2141 345 2212 psisse.
379 2137 415 2192 De
431 2138 516 2192 sterili
532 2146 620 2193 autem
636 2138 758 2208 muliere,
774 2139 797 2192 si
813 2140 902 2194 natiua
918 2139 1059 2195 sterilitate
1074 2143 1121 2218 sit,
1143 2141 1207 2198 'ire-

248 2223 349 2278 balium
371 2229 465 2276 eontra
480 2219 631 2276 Labeonem
653 2221 826 2294 respondisse
848 2222 950 2284 dicunt.
984 2223 1048 2278 Nam
1071 2241 1132 2280 eum
1147 2224 1207 2280 red·

248 2304 336 2362 hiberi
358 2319 414 2359 eam
431 2303 517 2358 Labeo
540 2306 616 2375 quasi
637 2307 724 2361 minus
745 2321 834 2360 sanam
849 2315 982 2378 putasset,
1004 2323 1118 2379 negasse
1133 2309 1208 2364 aiunt

249 2387 403 2444 Trebatium
419 2403 451 2442 ex
466 2386 554 2442 edicto
570 2383 633 2461 aspi)
650 2405 739 2461 posse.
756 2418 797 2430 —-
813 2388 881 2445 Geli.
898 2389 929 2460 4,
945 2390 974 2446 2.
991 2390 1040 2462 33.
1058 2391 1170 2452 7-10.

312 2467 363 2528 29.
386 2471 453 2526 llum
469 2485 547 2540 uero,
569 2471 692 2527 euidens
709 2472 826 2541 deesset,
849 2471 960 2528 Seruius
974 2475 1111 2530 redhiberi
1125 2490 1207 2548 posse

248 2554 400 2629 respondit,
422 2552 508 2608 Labeo
531 2555 559 2608 in
582 2570 660 2610 causa
682 2571 742 2610 esse
764 2554 920 2612 redhibendi
943 2559 1068 2630 negauit;
1092 2558 1208 2616 ‘namet

248 2639 367 2712 magna’,
388 2639 492 2711 iuquit,
516 2635 588 2710 ‘pars
611 2638 691 2694 dente
713 2638 803 2711 aliquo
826 2648 931 2706 carent,
955 2656 1043 2714 neque
1066 2657 1098 2696 eo
1119 2643 1206 2714 magis

247 2723 370 2796 plerique
391 2722 513 2777 homines
536 2721 653 2777 morbosi
675 2730 753 2791 sunt,
785 2730 813 2778 et
834 2721 978 2779 absurdum
1001 2723 1142 2782 admodum
1164 2732 1209 2780 est

248 2805 345 2877 dicere,
363 2823 417 2862 non
433 2821 512 2860 sanos
528 2807 599 2861 nasei
615 2805 748 2876 homines,
771 2807 898 2880 quoniam
914 2824 974 2864 eum
989 2807 1137 2864 infantibus
1152 2823 1207 2864 non

248 2889 327 2946 simul
343 2889 439 2946 dentes
454 2887 627 2962 gignuntur'.
644 2919 685 2928 -—
703 2888 770 2945 Geli.
787 2887 817 2959 4,
833 2887 860 2944 2.
878 2889 906 2961 3.
924 2889 973 2947 12.
1192 2943 1195 2950 .

309 2969 360 3030 30.
385 2971 491 3028 ‘blortis
514 2990 592 3029 eausa
609 2973 753 3046 stipulatio
767 2973 936 3030 existimatur
951 2973 1032 3046 fiert’,
1055 2983 1088 3032 ut
1102 2977 1139 3032 ait
1155 2977 1209 3034 An·

249 3059 338 3114 tistius
359 3050 479 3126 Labeo,⁵
501 3051 582 3130 ‘quae
604 3057 641 3112 ita
663 3055 703 3129 fit,
727 3064 757 3112 ut
772 3066 860 3112 morte
875 3059 1049 3131 promissoris
1065 3057 1208 3116 confirme-

247 3139 315 3201 tur'.
333 3171 371 3182 —-
388 3139 460 3197 Fest.
476 3157 499 3196 v.
516 3139 609 3196 llortis
624 3157 703 3195 eausa
717 3157 744 3214 p.
763 3139 833 3197 161.

248 3263 449 3272 μασι-*-

321 3319 340 3387 1)
358 3320 515 3385 Obsequere
532 3322 592 3370 hane
607 3323 692 3370 malim
707 3321 839 3370 tabularum
858 3321 941 3384 legem.
972 3318 994 3386 ¹)
1014 3322 1054 3370 Fr.
1070 3333 1158 3374 rt-uo
1173 3339 1209 3372 eae

246 3393 322 3443 libris
327 3392 456 3442 Labeonis
466 3393 614 3440 adedietum
624 3393 745 3440 aedilium
751 3393 878 3441 curulium
887 3394 994 3456 seriptis
1001 3393 1121 3442 videniur
1124 3396 1209 3456 petita

246 3478 314 3524 eoae,
325 3479 431 3527 quorum
446 3463 513 3511 alias
526 3464 647 3512 metronia
661 3477 711 3511 non
725 3469 804 3510 emtor.
830 3458 850 3525 ³)
866 3462 956 3512 Malim
969 3464 1077 3527 quisque.
1103 3461 1124 3528 4)
1140 3464 1209 3512 lemi-

247 3548 290 3583 nas
306 3533 363 3581 edd.
389 3531 410 3598 ⁶)
427 3532 548 3582 Fortasse
563 3533 637 3581 libris
647 3531 846 3594 posterioribus.
874 3532 911 3595 Os.
929 3532 1157 3595 dett.1o,1o.§a.
