2700 4118
262 155 326 219 660
440 174 500 209 uos.
520 174 552 209 an
570 174 632 210 non.
651 175 741 211 nsovn
759 175 866 211 conano.
885 157 932 211 IV.
953 163 1030 211 b-l.

262 304 332 358 intra
348 309 476 374 quattuor
490 319 596 360 menses
614 304 693 360 utiles
709 312 846 377 expertus,
862 303 925 361 licet
941 303 1001 359 talis
1012 305 1059 376 sit
1075 305 1120 376 qui
1136 298 1215 360 alias¹

262 401 388 443 accusare
403 401 459 442 non
474 388 570 460 possit,
586 396 617 442 ut
631 383 799 459 libertinus‚²
818 397 864 444 aut
879 390 968 446 minor
983 389 1080 461 uiginti
1096 390 1216 462 quinque

261 461 419 540 annorum‚³
440 479 486 526 aut
508 470 629 542 infamis,
652 479 741 527 tamen
763 471 795 526 ad
818 473 1015 528 accusationem
1038 465 1217 536 admittitur}

262 561 292 609 ut
307 561 335 609 et
350 552 508 628 Papinianus
523 553 592 610 libro
607 571 657 616 xv.
680 555 883 628 'responsorum
907 555 956 611 sub
979 554 1059 611 titulo
1078 555 1109 610 ad
1124 555 1214 628 legem

261 635 353 692 lullam
368 637 401 692 de
417 633 571 694 adulteriis⁵
590 639 710 712 scripsit:

326 714 406 798 [llap.
423 716 470 797 V.]
504 720 586 776 ‘Ciuis
602 723 752 793 Romanus,
775 723 821 795 qui
837 723 895 778 sine
909 720 1025 778 conubio
1044 721 1140 778 'ciuem
1156 715 1216 778 uel⁶

263 806 430 878 peregrinam
452 807 480 860 ln
502 807 671 861 matrimonio
695 803 802 876 habuit,
831 807 890 861 iure
913 805 1020 878 quidem
1047 807 1214 862 malitiaam

262 888 410 944 adulteram
425 903 479 944 non
495 882 651 962 postulaui
674 888 721 945 sed
737 883 775 944 ei8
791 905 845 945 non
861 898 1015 962 opponetur
1029 889 1146 958 infamia,
1169 888 1214 944 uel

263 971 336 1045 quod
352 972 494 1028 libertinus
509 988 565 1028 rem
587 975 775 1029 sestertiorum
792 974 902 1045 triginta
924 972 1040 1044 milium,
1063 981 1109 1029 aut
1131 971 1214 1028 filium
1226 975 1289 1025 [⁵6³]

262 1072 317 1112 non
333 1050 452 1128 lrabeat‚⁹
468 1059 604 1130 propriam
619 1057 741 1112 iniuriam
757 1055 953 1130 persequenti!

325 1139 390 1213 llap,
415 1139 454 1200 Vl.
499 1139 625 1196 Paulus
647 1139 737 1195 libro
764 1140 939 1212 singulari
962 1148 995 1195 et
1018 1139 1124 1196 titulo
1147 1155 1213 1214 quo

261 1240 374 1297 supra.
411 1221 437 1280 1.
452 1223 481 1279 ln
497 1239 608 1280 uxorem
624 1223 784 1279 adulterium
801 1223 950 1280 uindicatur
964 1226 1023 1280 iare
1038 1225 1137 1295 mariti,
1159 1240 1214 1280 non

260 1308 342 1362 etiam
366 1300 422 1380 (in)
440 1301 607 1378 sponsam.¹⁰
643 1306 761 1363 Seuerus
785 1323 893 1381 quoque
908 1316 936 1363 et
951 1307 1103 1362 Antoninus
1119 1309 1154 1362 ita
1171 1323 1214 1362 re·

260 1383 461 1461 scripserunt.¹¹

324 1472 389 1546 llap.
405 1473 457 1532 vlt.
486 1473 694 1547 Papinianus
716 1474 807 1531 libro
829 1473 1001 1548 singulari
1021 1471 1061 1531 de
1083 1473 1214 1530 adulte·

162 1562 166 1570 “
261 1559 334 1614 riis.
371 1553 395 1614 l.
411 1555 603 1629 Quaerebam,
619 1576 651 1614 an
667 1568 745 1632 pater
760 1561 949 1632 emancipatam
965 1557 1045 1613 liliam
1060 1560 1118 1614 iare
1129 1559 1213 1631 patris

260 1657 390 1700 accusare
411 1644 508 1716 possit.
552 1641 701 1715 Respondi:
726 1643 865 1700 occidendi
880 1643 987 1715 quidem
1003 1641 1155 1698 facultatem
1171 1642 1214 1697 lex

261 1725 356 1782 tribuit
371 1741 429 1782 eam
445 1724 536 1797 liliam,
558 1742 637 1799 qnam
653 1725 732 1782 habet
746 1727 772 1781 in
788 1734 933 1799 potestate,
948 1734 995 1781 aut
1010 1723 1103 1799 (quaa)
1120 1743 1152 1782 eo
1167 1741 1213 1780 an·

260 1817 338 1867 etore
353 1812 381 1865 in
395 1825 501 1866 manum
513 1802 685 1877 conuenit3¹²
695 1809 741 1865 sed
758 1825 882 1866 accusare
896 1812 955 1866 iure
967 1811 1094 1883 patrisne
1106 1809 1211 1882 quidem

261 1896 452 1966 emancipatam
468 1891 548 1949 filiam
564 1903 641 1966 pater
654 1893 821 1967 prohibetur.
836 1885 862 1927 ¹³

260 2044 286 2086 et
299 2037 331 2086 L.
346 2047 372 2088 ao
382 2051 425 2100 pr.
450 2036 482 2084 Ι).
497 2036 521 2084 Ιι.
536 2042 553 2087 t.
569 2038 700 2100 lepontar,
716 2051 815 2084 manum
833 2033 984 2084 Tribaniani
997 2036 1108 2085 nondam
1123 2049 1212 2097 passa,

260 2109 293 2157 de
307 2109 472 2158 accusatione
487 2109 557 2156 intra
572 2113 693 2170 quattuor
707 2120 803 2155 menses
821 2106 893 2155 dicta
908 2105 1000 2168 foisse.
1075 2102 1096 2170 ¹)
1109 2103 1140 2153 Si
1153 2120 1212 2154 vere

260 2185 403 2229 eaotraneas
416 2185 461 2235 est,
476 2192 511 2226 eac
524 2177 573 2226 boc
588 2179 649 2241 lepe.
722 2172 743 2239 2)
758 2175 786 2224 Is
800 2191 850 2225 non
864 2182 962 2224 tantam
971 2183 1122 2238 patronam,
1138 2183 1165 2223 at
1177 2190 1213 2224 eac

261 2251 323 2299 aliis
337 2248 442 2314 lapibus,
457 2249 504 2297 aad
516 2262 551 2296 ec
560 2247 609 2297 baa
619 2248 802 2296 matrimoniali
811 2261 858 2295 nec
867 2247 946 2294 alium
955 2261 1101 2310 quemquam
1111 2246 1212 2294 uidetur

261 2334 388 2369 accusare
398 2320 529 2380 patuisse.-
543 2324 570 2366 ot
579 2320 603 2366 si
616 2319 725 2366 maritas
734 2319 773 2365 ael
783 2323 861 2379 pater
870 2323 936 2374 erat,
947 2317 1011 2366 adeo
1026 2317 1147 2365 extranei
1156 2318 1213 2364 iare

261 2403 388 2438 accusare
402 2389 426 2435 ei
440 2387 541 2444 licebat,
557 2389 639 2450 ipsum
649 2394 787 2450 patronum
798 2393 880 2435 lamen
894 2393 991 2436 tantam
1005 2388 1062 2435 inre
1072 2387 1161 2450 patris
1174 2388 1213 2435 nel

261 2459 357 2507 mariti.
382 2457 413 2505 L.
429 2467 462 2508 88.
477 2459 501 2518 ἓ.
516 2469 536 2507 9.
556 2457 587 2504 Ι).
603 2457 627 2504 lt.
643 2464 660 2505 t.
712 2453 786 2521 ³)Cf.
803 2456 1065 2518 L.15.§.6‚D.lt.i.
1118 2453 1139 2521 ⁴)
1155 2455 1212 2506 Non

262 2531 320 2591 ipsa
334 2530 388 2592 lepe
403 2527 472 2575 Iulia
486 2527 535 2576 boc
549 2534 665 2584 cavente,
684 2529 731 2576 sed
748 2542 782 2576 em
798 2528 917 2591 peneroli
930 2533 1070 2590 praecepto
1085 2526 1116 2575 L.
1132 2539 1157 2576 11
1168 2542 1211 2590 pr.

262 2594 727 2661 D.deaecua.(48,n)‚cs.enfin.
794 2595 814 2662 ⁶)
829 2597 944 2646 Maxime
958 2612 992 2646 em
1011 2597 1051 2645 Vi.
1080 2595 1212 2662 Iar-Btltis

262 2670 363 2718 omissis
380 2669 496 2731 seqnitur
518 2669 604 2716 statim
624 2668 722 2730 scripsit
742 2666 822 2733 (qaod
846 2670 873 2716 in
897 2667 938 2715 Vi.
960 2665 1147 2732 desideratur),
1167 2667 1214 2716 sed

262 2740 356 2788 deinde
369 2737 416 2788 snb
429 2738 469 2800 ltp.
484 2752 613 2789 ncxxv111.
628 2739 731 2802 intepra
746 2738 808 2786 libri
818 2737 961 2800 Papiniani
974 2739 1063 2787 citatio
1077 2738 1211 2800 repetitur,

262 2825 278 2857 a
289 2809 398 2859 libraria
408 2810 516 2865 scilicet,
526 2823 649 2858 novaram
659 2810 770 2871 capitam
779 2809 873 2871 cupido
878 2825 888 2864 ,·
900 2808 1064 2858 collectorem
1073 2810 1138 2856 enim
1148 2809 1211 2870 ipsis

264 2879 406 2943 Papiniani
421 2877 497 2941 Resp.
508 2878 583 2928 libris
592 2879 635 2928 lto
645 2894 716 2927 asam
726 2893 788 2940 esse,
798 2893 861 2942 qaas
871 2880 939 2927 alios
948 2894 1076 2942 nonquam
1086 2877 1210 2935 adhibuit,

262 2949 386 3000 credibile
400 2963 450 2998 non
465 2955 510 2998 est.
539 2948 629 3013 Itaque
642 2952 774 3013 sequentia
788 2955 908 3012 tanquam
922 2948 954 2998 ab
968 2950 1024 3012 ipso
1040 2948 1133 2998 Paullo
1148 2950 1211 2997 cita·

262 3027 313 3070 tam
328 3021 506 3070 anctoritatem
520 3019 642 3069 dedimus.
694 3017 716 3084 ⁶)
731 3019 807 3068 ciuem
822 3017 867 3068 Ve.
883 3019 924 3068 Vi.
935 3018 975 3068 Bt.
986 3019 1025 3068 ed.
1040 3019 1087 3068 sibi
1096 3017 1127 3067 B.
1151 3018 1210 3069 Vid.

264 3091 387 3140 zeitsclar.
406 3089 485 3138 XIII.
498 3105 524 3154 p.
540 3102 573 3142 84.
640 3087 660 3155 7)
676 3090 733 3139 Hoc
748 3091 813 3139 enim
828 3091 880 3150 ina,
895 3097 923 3138 at
936 3092 977 3139 ios
991 3089 1128 3139 occidendi
1141 3087 1174 3154 (a.
1191 3101 1210 3140 a.

261 3164 284 3224 ξ.
300 3173 321 3212 a.
342 3162 380 3225 Cf.
395 3161 426 3210 L.
442 3171 475 3212 24.
490 3163 513 3222 ξ.
524 3173 544 3212 a,
560 3161 592 3210 D.
603 3161 627 3210 lt.
639 3160 668 3226 t.)
682 3167 779 3209 tantam
793 3167 885 3210 contra
899 3162 991 3209 iustam
1005 3174 1113 3209 uxorem
1126 3161 1211 3209 datam

262 3240 326 3282 erat.
346 3232 378 3281 In
392 3231 424 3284 L.
440 3243 472 3284 ts.
487 3233 510 3292 ξ.
526 3243 545 3281 1.
565 3232 596 3280 D.
608 3231 632 3280 lt.
642 3238 659 3280 t.
688 3231 860 3281 Illibanianns
874 3231 951 3280 verba
966 3232 1016 3279 inre
1031 3231 1136 3279 extranei
1150 3232 1211 3280 omi·

261 3305 326 3353 sisse
336 3304 445 3352 uidetur.
493 3299 514 3368 8)
529 3301 591 3352 Iure
601 3303 722 3350 calcanei
731 3303 873 3351 accusanti.
920 3297 943 3367 9)
957 3301 1015 3351 Vid.
1028 3301 1150 3351 Zeiiscltr.
1161 3303 1177 3349 l.
1188 3316 1210 3350 c.

265 3371 297 3437 ¹⁰)
312 3374 402 3438 Itaque
411 3375 487 3422 etiam
501 3379 560 3430 tam,
576 3387 631 3421 cam
645 3379 783 3422 accusator
793 3378 884 3434 postea
898 3373 1006 3421 maritas
1016 3374 1081 3422 clam
1095 3387 1124 3422 ea
1138 3371 1212 3420 adol-

186 3446 188 3450 ’
261 3451 360 3493 teratae
378 3457 487 3506 sponsae
504 3443 594 3506 factas
611 3443 653 3490 sit.
677 3442 709 3490 L.
725 3453 744 3492 t.
766 3442 791 3491 Ο.
807 3443 831 3490 la.
847 3449 864 3491 i.
879 3440 915 3508 (a,
929 3440 961 3506 9).
1027 3439 1060 3507 ²¹)
1078 3441 1115 3505 Of.
1131 3441 1161 3489 L.
1177 3451 1210 3492 13.

261 3514 300 3574 §i-
315 3525 335 3563 8.
351 3525 371 3564 a.
391 3513 423 3562 D.
438 3513 462 3560 t.
478 3519 495 3561 t.
549 3509 581 3578 ¹¹)
602 3511 882 3576 Vld.sopr.c.2.§.t.
936 3509 968 3578 l³)
984 3511 1212 3562 AlindScaeaolae
