2680 4118
413 173 449 208 uu
468 174 501 207 nu
520 173 620 209 vxome
637 171 671 207 eo
690 173 810 211 normes.
1026 157 1085 222 753

197 299 258 361 112.
283 299 371 376 ‘Apud
387 293 574 375 magistratus¹
596 300 629 359 de
644 301 724 375 plano
740 301 778 357 ’L.
796 296 896 359 Τἱῑὶιίε2
912 305 954 360 his
970 303 1060 360 uerbis
1075 321 1089 359 a

134 388 229 443 morito
252 387 364 460 repetit:
388 382 508 441 ‘Anicius
525 382 619 440 Vitalis
642 385 722 442 dixit:
751 383 898 452 ‘Quoniam
913 397 1023 461 praesto
1046 397 1088 444 est

136 469 175 526 Fl.
193 469 274 526 Vetus
289 470 389 540 iunior,
405 477 468 541 peto
483 468 531 524 ’Re
548 461 551 546 i
570 510 576 524 .
594 509 601 525 .
617 485 692 542 quae
706 485 784 526 uxor
799 471 939 542 etus-suit,
958 463 1194 535 nomine³oe.b.[r1]

136 553 167 609 ob
183 553 277 610 eodem
292 568 324 608 ex
339 551 445 626 legibus
461 561 488 607 et
503 547 612 608 edictis⁴
628 551 718 608 dotem
735 561 763 609 ct
773 550 932 626 proculiunt
969 555 1090 612 Manda-
1109 538 1180 608 31³⁰·

55 633 124 684 [⁶5⁸]
136 645 192 694 tum
208 637 262 694 sibi
276 637 312 692 ab
328 651 363 692 ea
379 629 454 692 esse6
469 638 536 692 dixit
551 635 648 692 tubulis
665 637 790 710 signatis,
813 653 862 694 uec
884 639 1009 711 protulit.
1049 638 1087 696 il.

135 721 217 776 Vetus
228 721 319 776 iunior
330 719 410 775 dixit:
426 720 524 776 ‘Nullo
535 724 599 777 iure
612 720 663 776 abs
675 726 701 776 te
715 723 880 791 postulatus
891 720 974 782 sum?
992 722 1089 778 [tuum-

136 807 177 860 uir
200 803 278 860 dixit:
303 802 414 859 ‘Sermo
431 811 522 860 uester
544 805 571 860 in
593 805 660 862 notis
682 803 755 859 erit'
800 803 925 871 Quaero,
948 805 1090 877 defuncta

134 891 262 958 muliere,
284 903 323 945 an
338 885 374 944 ad
389 887 502 944 heredes
518 889 575 943 eius
591 889 630 942 rei
647 889 755 944 uxoriae
775 889 844 944 ectio
860 890 1007 960 transierit,
1029 905 1090 945 cum

133 965 227 1047 ’[h]is,
245 973 291 1045 qui
306 964 462 1045 repetisset⁷
479 975 541 1028 eius
551 975 672 1041 nomiae,
690 974 752 1027 eius
764 987 856 1044 aeque
868 981 986 1044 curator,
1002 989 1090 1046 neque

72 1065 73 1068 ’
133 1063 309 1130 procurator,
333 1071 422 1129 neque
444 1057 585 1128 cognitor,
611 1063 657 1110 aut
679 1058 743 1128 quis
765 1057 836 1111 alius
856 1055 977 1127 fuisset,
1008 1059 1091 1113 cuius

132 1143 352 1211 postulationem
375 1145 469 1194 ratum
492 1137 620 1195 haberet!
665 1137 775 1195 Paullus
797 1139 948 1214 respondit,
971 1139 1089 1196 mulieris

134 1224 242 1278 nominc
268 1220 450 1294 postulatum'
482 1214 601 1292 uirum,⁸
629 1222 785 1294 sufficerm
810 1239 866 1294 per
893 1239 1090 1298 quemcunque

136 1309 209 1361 enim
223 1321 306 1376 posse
322 1306 454 1361 actionem
470 1307 509 1362 rei
524 1305 631 1360 uxoriae
646 1300 825 1378 perpetuari.⁹

199 1385 262 1444 113.
287 1381 326 1442 ¹⁰.
343 1429 350 1442 .
369 1429 375 1443 .
392 1388 550 1444 Paternum
564 1389 642 1444 laedi
656 1389 855 1462 uerecundiam,
878 1392 931 1449 hoc
945 1401 998 1464 cst,
1015 1393 1086 1447 uitae
1097 1387 1196 1468 ¹555&-

209 1535 229 1603 1)
245 1537 293 1588 Rei
307 1538 484 1601 testificandae
496 1541 593 1602 pratia.
609 1539 641 1588 L.
652 1550 686 1590 ee.
702 1540 733 1589 D.
749 1541 780 1590 de
795 1548 850 1592 test.
866 1542 951 1608 (uzo).
1005 1538 1090 1608 ¹)Le·

132 1609 242 1674 pendam
256 1610 358 1658 uidetur
373 1609 464 1658 duilius
484 1611 522 1658 uei
541 1609 567 1658 L.
583 1610 683 1659 Auitius.
759 1607 779 1676 ³)
797 1610 907 1660 Restitui
926 1613 995 1661 bunc
1013 1620 1037 1661 et
1050 1628 1089 1662 se·

135 1687 238 1744 queates
252 1695 350 1738 uersus,
361 1681 455 1744 paucio
466 1687 527 1744 post
546 1680 573 1728 V
574 1678 594 1728 ⁴.
610 1687 763 1743 compertum
778 1683 887 1730 mutatis.
912 1682 974 1731 Alia
988 1685 1088 1744 supple·

134 1758 217 1800 meatu
237 1751 349 1801 Mamaos.
365 1750 448 1808 dedit,
467 1751 498 1799 de
513 1748 604 1813 quibus
618 1750 653 1812 cf.
670 1749 800 1814 Wiedinp.
815 1750 993 1814 Libetlproces
1003 1767 1030 1814 p.
1042 1762 1088 1802 625.

134 1820 166 1869 Iu
185 1821 233 1870 boc
252 1836 328 1870 uersu
347 1835 397 1870 uon
416 1819 503 1868 dubito
519 1821 551 1868 Rc
566 1856 572 1868 .
589 1857 594 1868 .
611 1855 639 1868 ..
660 1821 760 1868 initium
775 1834 830 1868 esee
851 1823 961 1870 nominis
975 1824 1089 1884 proprii,

134 1894 202 1940 uelut
216 1891 343 1956 Remipiae
358 1892 397 1938 oct
411 1890 556 1938 destitutae.
586 1891 624 1938 rei
637 1891 748 1938 uuoriae
763 1891 864 1938 actione
878 1889 976 1940 Baebi.
992 1893 1024 1954 ej.
1040 1905 1089 1940 rem

135 1961 255 2009 uxoriam
270 1961 309 2008 ed.
325 1959 438 2009 Momms.
512 1956 533 2023 ⁴)
547 1959 617 2008 Hinc
632 1965 753 2022 apparet,
774 1961 900 2010 actionem
918 1962 959 2009 rei
978 1963 1089 2010 uxoriae

131 2031 229 2094 partim
244 2029 342 2094 tepidus
356 2027 414 2093 (ΧΠ
421 2027 470 2077 tub.
481 2035 505 2077 et
515 2026 632 2093 Maenia)
643 2030 804 2078 constitutam
815 2044 878 2088 esse,
889 2032 987 2093 partim
998 2032 1089 2081 edictis

130 2106 291 2164 praetorum,
306 2100 373 2148 uelut
387 2098 418 2148 de
433 2101 558 2148 alterutro
573 2107 598 2148 et
610 2101 635 2148 si
648 2101 739 2147 mulier
754 2099 786 2148 de
795 2114 841 2149 suo
852 2101 940 2149 dotata
950 2101 1025 2150 iteres
1035 2117 1088 2150 raa·

135 2172 187 2219 rito
202 2169 234 2218 ab
248 2171 368 2220 intestato
383 2184 432 2218 non
447 2176 511 2218 erat.
566 2165 586 2232 ὁ)
604 2169 641 2229 Of.
657 2171 680 2230 §-
690 2179 737 2220 254.
757 2169 788 2218 L.
800 2182 819 2220 e.
835 2172 858 2232 ἓ.
870 2181 890 2221 s.
910 2171 941 2218 D.
958 2171 989 2219 de
1004 2173 1021 2219 i.
1037 2171 1087 2221 dot.

134 2239 180 2305 (es,
195 2238 226 2304 s).
252 2239 347 2289 Potitio
361 2239 424 2288 baec
438 2253 467 2288 eo
482 2238 621 2302 spectabat,
637 2240 705 2303 quod
718 2241 758 2290 rei
773 2242 884 2290 uxoriae
897 2242 966 2290 actio
981 2248 1032 2290 tum
1045 2241 1088 2290 de·

135 2326 200 2360 mum
215 2309 377 2372 competebat,
391 2325 448 2358 cum
464 2305 532 2372 ‘post
541 2310 680 2360 diuortium
690 2310 721 2360 de
731 2311 789 2360 dote
800 2313 928 2360 contentio
939 2308 986 2360 est’
999 2309 1087 2362 Boetb.

136 2383 163 2430 in
179 2381 230 2430 Cic.
250 2379 310 2442 Top.
325 2391 359 2437 lt,
373 2391 406 2431 oo.
418 2395 446 2442 p.
461 2391 500 2430 sto
517 2377 560 2430 Or.
612 2377 633 2445 ⁶)
648 2379 703 2430 Iam
717 2379 815 2430 Buciab.
826 2383 953 2445 pleraque
967 2383 1087 2432 restituit.

135 2451 174 2499 Ile
188 2449 291 2508 tabulis,
307 2449 397 2513 quibus
411 2449 556 2508 mandatur,
572 2451 606 2513 cf.
623 2450 709 2500 Plaut.
726 2451 800 2500 Curc.
819 2451 838 2500 I
839 2451 870 2510 V,
885 2463 906 2513 s,
916 2464 949 2504 lt.
1009 2448 1029 2518 ⁷)
1044 2451 1089 2502 Sic

135 2536 170 2570 erc
189 2520 216 2569 V
217 2519 237 2570 ἃ.
253 2519 366 2570 Momms.
381 2520 420 2569 ed.
435 2521 472 2569 his
487 2535 546 2584 quae
561 2535 587 2569 re
603 2556 661 2570 ....
682 2520 740 2570 Vat.
792 2518 813 2586 8)
829 2521 904 2571 videri
919 2522 958 2570 ed.
974 2523 1087 2572 Moenus.

137 2587 211 2656 ⁹)De
225 2606 254 2640 re
269 2591 304 2654 cf.
319 2589 350 2639 L.
366 2601 398 2642 24.
415 2591 438 2652 §-
453 2601 473 2640 2.
497 2590 529 2640 D.
544 2591 576 2640 de
590 2605 661 2643 usur.
677 2590 722 2656 (tt,
737 2589 759 2654 1)
774 2599 798 2640 et
812 2593 835 2653 ξ.
850 2603 897 2643 334.
925 2591 958 2641 In
973 2595 1088 2658 marpinc

135 2663 237 2711 lemma:
251 2661 279 2710 H.
291 2661 363 2710 Posse
378 2675 421 2724 per
436 2675 598 2725 quemcunque
613 2661 731 2710 actionem
747 2699 753 2712 .
769 2697 775 2709 .
791 2699 796 2711 .
813 2698 818 2710 .
835 2661 881 2728 (roi
895 2663 990 2712 uxoriae
1005 2666 1087 2726 suppl.

135 2730 292 2797 Meperfeid)
306 2733 449 2795 perpetuari.
481 2729 555 2791 Quod
570 2733 748 2796 praemittitur
762 2731 802 2781 lu's
816 2733 922 2783 scholiis
936 2733 965 2784 H.
981 2733 1088 2799 (Dettes-

134 2817 195 2852 seno
210 2805 290 2853 uisum
304 2801 330 2869 b)
345 2818 395 2852 non
410 2801 497 2852 dubito
512 2804 573 2866 quia
587 2804 715 2866 significet
729 2801 773 2850 Hic
791 2817 827 2851 sc.
842 2803 970 2861 traditur,
989 2807 1029 2854 uel
1047 2820 1088 2853 re·

134 2875 215 2938 quire.
250 2873 309 2922 Vid.
323 2874 406 2922 simile
420 2872 544 2923 seleutiam
558 2874 585 2921 in
602 2873 713 2922 Censuit.
729 2879 789 2922 ante
805 2888 825 2922 c.
842 2885 862 2924 o.
938 2870 970 2939 ¹⁰)
986 2873 1035 2924 Est
1047 2890 1087 2924 re·

45 2948 46 2954 ’
133 2945 258 3007 scriptum
273 2944 410 3006 inferioris
428 2945 520 2992 aetatis
539 2944 704 3006 imperatoris
722 2943 758 2992 ad
772 2941 867 2992 Renati
884 2945 960 2994 simul
978 2943 1088 2994 libellum

134 3020 171 3070 et,
186 3029 241 3062 cum
256 3015 279 3061 is
293 3015 446 3076 appellasset
460 3029 476 3062 a
491 3013 604 3062 Maximi
617 3015 756 3071 sententia,
775 3014 811 3062 ad
828 3015 884 3064 eius
903 3016 1053 3065 relationem
1066 3031 1087 3064 s.

134 3083 346 3132 consultationem
365 3083 452 3132 dutum
470 3080 517 3146 (cf.
535 3083 652 3147 Gotitofr.
668 3085 703 3133 ad
717 3083 747 3132 L.
764 3096 784 3135 6.
810 3083 853 3133 ib.
871 3084 896 3134 0.
911 3085 943 3134 de
957 3087 1048 3148 appeti.
1064 3093 1089 3134 et

130 3167 207 3216 poen.
223 3163 243 3210 6,
257 3162 292 3202 so.
307 3159 331 3200 et
345 3153 376 3201 de
390 3154 490 3201 iteratis
500 3153 624 3216 precibus
639 3155 712 3217 infra
726 3156 748 3216 ξ.
760 3155 825 3220 ese).
854 3153 1038 3214 Quaerebatur,
1053 3170 1087 3204 au

133 3225 159 3272 si
168 3229 247 3287 pater
261 3221 346 3271 libello
361 3237 377 3270 a
390 3237 485 3286 peaero
499 3223 653 3288 subscripto,
664 3239 713 3288 quo
723 3239 765 3272 res
776 3225 874 3273 dotales
886 3233 1087 3280 enumeraverat,

134 3295 166 3342 de
180 3293 220 3342 itis
230 3293 303 3356 filiae
316 3307 379 3342 suae
393 3293 558 3343 restituendis
573 3296 690 3356 cavisset,
701 3293 747 3344 dos
759 3295 830 3356 filiae
841 3294 937 3342 donata
947 3293 1087 3350 videretur,

135 3370 163 3412 ut
176 3379 207 3412 ea
221 3371 246 3412 et
259 3371 375 3428 repetere
385 3363 466 3412 dotem
476 3377 510 3411 eu
520 3371 599 3426 pacta
610 3371 721 3427 paterno
732 3369 828 3426 posset,
844 3378 890 3412 nec
903 3363 1023 3425 conferre
1033 3378 1087 3412 euru

132 3433 262 3494 fratribus
276 3447 378 3483 necesse
392 3433 503 3490 baberet.
529 3433 636 3484 Caetera
646 3449 680 3483 en
694 3434 864 3491 restitutione,
879 3448 953 3496 quam
963 3433 1087 3495 informa·

135 3504 224 3560 nimus,
239 3517 384 3567 capnosees.

192 3601 294 3632 censen.
308 3603 389 3634 curui.
403 3603 457 3634 eze.
475 3604 513 3634 un.
538 3604 561 3634 v.
844 3591 877 3641 48
