2680 4118
246 181 308 245 690
442 197 500 234 uos.
520 197 552 232 nn
570 196 631 233 nora.
650 196 740 234 nuova
758 197 864 234 connum
883 178 956 232 XIV.
975 184 1000 234 3.

246 330 359 397 simum,
375 326 573 401 praefectorum
588 327 724 400 practorio
740 328 792 383 erit
807 328 928 400 cognitio
943 323 996 402 '(in
1011 323 1152 404 Italia);¹
1174 331 1201 386 in

246 403 415 486 ’prouinciis²
438 412 507 468 enim
530 403 620 484 '(est)³
641 410 793 486 praesidum
816 411 1032 484 prouinciarum,
1059 428 1110 470 nec
1124 413 1203 469 aliter

246 495 417 568 procuratori
440 493 559 550 Caesaris
581 494 648 551 haec
670 495 790 570 cognitio
814 489 989 567 iniungitur‚⁴
1017 511 1096 568 quam
1125 490 1201 574 ’(εἰ)2

247 578 375 651 praesidis
397 577 518 650 partibus
532 578 560 633 in
575 578 716 652 prouincia
732 577 869 651 iungatur.
913 578 992 634 Plane
1009 588 1072 653 post
1092 588 1201 635 senten-

249 663 311 716 tiam
326 661 359 718 de
376 660 452 717 Fabia
468 661 547 718 latam
562 662 746 734 procuratoris
762 670 852 734 partes
869 655 1042 720 succedunt.⁶
1077 659 1105 721 3.
1128 660 1201 718 'Viae

247 737 391 818 praesidis⁶
409 753 497 802 tamen
513 753 683 819 procurator,
707 746 753 818 qui
771 744 843 801 illam
858 746 1024 818 prouinciam
1039 748 1122 820 regit,
1137 745 1201 802 licet

247 829 281 884 de
296 828 453 901 capitalibus
469 829 556 885 causis
568 843 733 903 cognoscere
748 820 916 903 incarnat)⁷
932 844 983 885 nec
997 828 1094 901 soleat,
1111 838 1199 886 tamen
1212 845 1275 896 [aaa]

248 919 279 968 ut
293 911 325 968 de
341 911 402 986 lege
414 909 492 968 llalria
506 912 594 984 possit
609 927 785 984 cognoscere,
802 914 867 985 imp.
880 913 1033 968 Antoninus
1048 913 1199 969 constituit.

246 995 313 1051 ltem
335 995 403 1069 legis
426 995 506 1051 lullae
532 994 565 1050 de
587 994 724 1051 adulteriis
752 995 908 1052 coercendis
936 996 1131 1052 constitutione
1153 998 1201 1052 im·

246 1081 379 1152 peratoris
407 1079 536 1135 Antonini
565 1079 750 1152 qruesttonem
782 1081 892 1152 accepit.
940 1075 969 1140 4.
992 1072 1084 1153 ⁸Lege
1112 1088 1201 1136 autem

247 1151 325 1219 Fabia
340 1170 458 1234 tenetur,
481 1163 526 1236 qui
541 1163 627 1218 ciuem
643 1161 801 1235 Romanum,
824 1158 991 1240 ¹(Lctinum‚
1009 1163 1144 1220 Italicam
1158 1167 1200 1220 in·

245 1240 403 1320 penuam‚)⁹
418 1245 488 1301 'eum
500 1239 655 1319 denique,¹⁰
667 1248 716 1320 qui
728 1246 840 1302 initalia
856 1244 984 1302 liberatus
999 1247 1045 1318 sit,
1061 1247 1198 1317 celauerit,

247 1331 362 1385 uinrerit
384 1330 558 1402 uinctumque
581 1329 719 1402 habuerit,
743 1329 910 1402 uendiderit,
932 1330 1044 1394 eruerit,
1068 1333 1150 1404 quiue
1171 1332 1199 1387 in

246 1427 304 1468 eam
320 1428 376 1467 rem
391 1412 481 1469 socius
503 1413 598 1469 suerit:
621 1414 664 1469 cui
684 1414 771 1490 capite
785 1415 872 1488 primo
888 1413 1010 1470 eiusdem
1026 1413 1095 1488 legis
1110 1430 1199 1488 poena

247 1547 458 1554 -——·-—1

320 1629 340 1698 ¹)
354 1631 485 1697 supplevi,
500 1649 556 1684 cum
571 1634 712 1684 excidisset
725 1633 847 1684 absimile
858 1636 928 1685 -nitio
938 1636 970 1684 in.
1019 1632 1040 1701 ¹)
1055 1635 1100 1685 Ec
1111 1636 1198 1686 Ouiae.

246 1705 447 1840 iiiiii
460 1703 499 1824 it
512 1704 553 1840 ἶ)
572 1704 874 1840 iiiiiuie'idff‘a
894 1701 1189 1842 aiittlltlii.

249 1845 274 1894 C.
290 1845 333 1894 ulli
347 1860 418 1895 caus.
430 1846 486 1908 fiac.
501 1844 533 1909 (a,
547 1843 592 1911 ao).
611 1844 643 1894 L.
658 1857 724 1908 apr.
746 1845 778 1894 D.
793 1847 825 1894 de
839 1846 907 1908 offic.
923 1861 999 1908 proc.
1017 1846 1086 1896 Caes.
1101 1846 1136 1910 (t,
1151 1846 1198 1907 19).

247 1912 267 1981 ὁ)
284 1915 323 1978 Os.
338 1914 369 1964 L.
385 1929 405 1966 1.
419 1926 440 1965 a.
457 1915 482 1964 0.
498 1915 553 1964 eod.
618 1911 639 1980 ⁶)
654 1915 723 1964 huius
736 1923 801 1965 certe
815 1916 845 1964 ed
859 1915 890 1964 B.
909 1916 979 1965 huius
994 1918 1059 1966 cerei
1072 1916 1135 1965 modi
1154 1916 1196 1964 Vi.

245 1987 344 2036 huiusce
365 1987 401 2034 rei
423 1993 447 2034 et
471 1984 516 2035 Ve.
543 1984 711 2035 Huiuscemodi
733 1986 772 2036 ed.
794 1984 836 2035 Bl.
870 1984 924 2035 Sed
942 1988 1059 2051 culparis
1079 1987 1199 2036 Caesaris

242 2063 404 2120 procurator
414 2057 577 2120 prouinciam
591 2071 682 2120 repere
696 2057 751 2105 dici
765 2071 815 2106 non
825 2063 918 2120 potest,
933 2063 959 2105 et
972 2057 1035 2106 illam
1050 2058 1197 2120 prouinciam

245 2133 345 2190 spectat
358 2128 394 2176 ad
407 2127 474 2176 illud
489 2123 522 2174 ‘si
536 2127 654 2189 praesidis
669 2127 777 2190 partibus
791 2128 815 2175 in
829 2127 953 2190 proniania
963 2125 1093 2189 iungatur’.
1117 2127 1196 2178 Deni-

246 2213 293 2260 que
308 2199 424 2262 aaiqaris
434 2204 594 2261 procurator
607 2212 642 2246 ex
651 2199 759 2260 epistola
768 2195 858 2246 Seueri
872 2204 896 2246 et
905 2197 1032 2248 Antonini
1041 2197 1083 2263 (L.
1095 2209 1127 2249 16.
1142 2199 1164 2260 §-
1176 2211 1196 2248 1.

245 2269 277 2317 D.
293 2268 324 2317 de
334 2267 431 2331 public.
447 2279 481 2325 aa,
494 2265 518 2332 t)
532 2283 563 2317 ne
578 2269 605 2316 in
619 2282 718 2316 seruum
732 2269 840 2332 quidem,
855 2269 900 2332 qui
914 2283 948 2316 eac
962 2269 1090 2318 adulterio
1102 2283 1197 2332 perpe-

246 2345 314 2388 trato
329 2340 356 2386 in
371 2339 527 2388 commissum
540 2337 683 2396 ceciderat,
698 2352 808 2401 paenam
826 2339 892 2404 lepis
910 2337 996 2388 Iuliae
1013 2345 1128 2388 statuere
1138 2345 1194 2402 pot·

246 2415 318 2463 erat,·
332 2410 406 2457 cuius
421 2409 592 2471 qaaestionem
607 2415 694 2458 noster
703 2415 864 2471 procurator
878 2409 955 2458 etiam
968 2409 1092 2458 adamam
1102 2407 1197 2458 liberos

245 2491 281 2527 eas
295 2479 475 2527 constitutione
489 2476 616 2528 Antonini
629 2480 760 2542 accepisse
774 2479 879 2528 dicitur.
905 2479 1025 2529 Codicum
1035 2479 1196 2528 ailiam-inde

245 2552 333 2596 natum
351 2554 400 2607 est,
424 2547 492 2611 quod
512 2547 565 2596 uice
586 2554 705 2611 tanquam
726 2556 787 2600 nota
807 2551 971 2613 acciperetur
991 2564 1044 2612 pro
1064 2547 1194 2614 (h)ulnscc.

246 2617 388 2666 Praeterea
403 2617 445 2666 Vi.
460 2618 568 2681 vestigia
582 2619 725 2668 certissima
734 2627 820 2670 seruat
829 2622 899 2670 uocis
911 2612 996 2693 isidis.
1050 2615 1071 2684 ⁷)
1086 2619 1194 2670 Addidi.

245 2687 638 2751 Intellipituerocausascioiam
646 2687 1194 2748 Romanorumnanctantamdonestioram.

244 2757 303 2807 Hac
317 2758 383 2806 enim
396 2759 435 2808 sic
449 2759 619 2821 interpretor,
633 2759 730 2809 ciuibus
741 2761 829 2822 forum
842 2760 988 2810 huiusmodi
1001 2761 1193 2822 procuratoris,

244 2828 354 2878 dominis
367 2828 403 2876 ad
415 2843 535 2878 summum
549 2831 674 2893 equestris
688 2830 798 2888 ordinis,
808 2831 912 2880 licuisse
921 2831 1055 2880 declinare
1065 2832 1101 2880 ad
1114 2832 1194 2894 ipsum

245 2900 422 2961 imperatorem
432 2901 600 2962 provocanda
615 2898 683 2965 (Act.
699 2907 780 2963 apost.
794 2910 829 2959 ta,
839 2913 859 2952 a.
870 2899 913 2967 ιο).
929 2916 985 2951 cum
999 2907 1023 2950 et
1037 2903 1117 2966 lepati
1133 2899 1195 2950 Cae·

243 2969 314 3018 saris
323 2983 375 3032 pro
387 2976 509 3034 praetore
522 2972 582 3020 olim
596 2972 664 3020 aines
678 2969 806 3020 Romanos
820 2973 847 3020 in
859 2971 1026 3036 pravioribus
1041 2973 1128 3022 causis
1143 2969 1194 3020 Ilo·

245 3053 309 3088 mam
327 3041 426 3089 mittere
445 3039 565 3090 deberent
583 3041 663 3105 (Ptin.
683 3055 722 3104 ep.
742 3041 889 3106 10,9t(9o).
908 3044 930 3104 ξ.
945 3054 966 3094 a.
994 3041 1032 3104 Of.
1052 3057 1091 3105 ep.
1110 3052 1136 3092 8³
1146 3041 1192 3103 fin.

243 3108 344 3173 Ioseplt.
359 3110 391 3159 de
409 3110 431 3163 b.
446 3110 504 3160 lud.
520 3123 544 3172 a,
560 3122 597 3171 ra,
611 3110 658 3176 a),
680 3113 766 3176 itaque
784 3112 973 3162 celeberrimam
989 3111 1069 3162 Pauli
1083 3110 1195 3176 apastoli

244 3195 347 3230 causam
361 3182 485 3246 intelligo,
499 3197 516 3231 a
527 3182 600 3232 Festa
610 3189 786 3245 procuratore
799 3197 833 3232 eac
843 3184 1028 3246 prouocatione
1038 3183 1074 3231 ad
1083 3184 1193 3245 impera·

244 3257 323 3302 torem
335 3253 415 3302 missi.
443 3251 502 3301 Act.
517 3258 599 3316 apost.
613 3254 630 3301 l.
645 3268 667 3302 c.
693 3252 765 3301 Nitit
779 3268 839 3302 aero
849 3252 945 3316 probat
958 3260 986 3301 at
1000 3254 1026 3301 in
1042 3252 1105 3302 bello
1120 3250 1193 3302 cicili

238 3329 373 3385 patratam
387 3323 456 3386 quod
472 3321 553 3372 Tacit.
568 3323 602 3372 H.
617 3335 638 3381 a,
653 3334 686 3374 ta.
701 3329 802 3373 namot.
833 3323 948 3373 Ceterum
966 3323 1001 3386 cf.
1021 3322 1139 3386 Lipsiam
1157 3320 1194 3370 ad

242 3390 311 3442 Suet.
324 3393 412 3442 Claud.
423 3404 456 3445 12.
522 3390 543 3458 8)
555 3393 593 3456 Of.
604 3404 638 3451 14,
648 3404 669 3452 a,
680 3404 700 3442 1.
764 3390 786 3458 ο)
805 3393 843 3442 Hi
856 3394 938 3443 omitti
951 3408 1002 3444 non
1013 3399 1148 3455 poterant,
1168 3390 1194 3439 si

242 3463 318 3512 etiam
332 3478 417 3513 ornnes
431 3464 458 3512 in
472 3462 551 3513 Italia
566 3462 688 3514 liberatos
697 3464 741 3513 leae
749 3462 888 3527 spectabat.
941 3458 974 3529 ιο)
989 3461 1034 3512 Ea
1043 3462 1081 3513 Io.
1094 3461 1192 3512 Canem

239 3532 336 3595 pistari
349 3535 381 3595 cf.
397 3533 544 3598 eundemque
557 3525 598 3582 B.'
608 3533 650 3583 Vi.
670 3533 822 3599 eiusdemque
842 3533 887 3586 Ve.
905 3547 991 3583 eumue
1006 3533 1047 3584 ed.
1060 3531 1102 3582 Bt.
