2692 4114
434 211 500 248 rvcu
518 211 612 248 ravenn
631 211 702 246 sarr.
721 193 768 247 Ill.
788 200 812 248 6.
1030 193 1098 258 1305

150 335 225 414 res,¹
247 343 294 415 qui
313 340 465 398 instruendi
486 339 560 396 iundi
580 341 665 413 gratia
680 339 776 396 ibidem
798 340 987 413 morabantur,
1007 341 1098 415 legato

150 427 259 484 cedunt.
302 421 345 485 51.
368 418 521 482 ¹lnstruoto
539 423 623 480 lando
639 423 741 498 legato,
764 423 823 480 libri
839 441 947 498 quoque
963 434 990 481 et
1005 424 1099 482 biblio·

150 512 258 578 thecae,
287 525 355 582 quae
382 511 410 564 in
432 508 527 566 eodem
550 507 634 563 iundo
657 516 733 579 suut,
762 507 852 581 legato
879 508 1098 572 continebuntur.

150 591 199 651 52.
216 583 346 650 ³Seruum
361 591 486 648 studendi
502 593 589 666 gratia
604 608 636 648 ex
651 592 745 647 eodern
760 591 854 664 londo,
867 594 913 666 qui
925 609 985 649 cum
1000 594 1099 650 manci·

150 679 202 752 piis
218 677 309 734 iuerat
323 677 440 750 legatus,
462 675 514 732 alio
531 675 687 732 translatum
702 675 734 732 ad
750 676 909 748 legatarium
924 676 1024 750 placuit
1039 693 1100 750 per·

150 764 248 818 tinere.
292 757 339 820 53.
362 753 474 815 ⁴lunao
496 761 533 816 ita
549 769 578 815 ut
593 759 750 832 possederat
772 759 873 833 legato,
896 761 1024 833 mancipia
1047 769 1103 816 tam

151 844 252 900 urbana
269 861 349 918 quam
369 845 480 913 rustica,
502 845 621 916 itemque
637 859 732 899 aurum
753 851 781 899 et
796 852 898 912 uestes,
921 860 989 916 quae
1005 843 1100 900 eodem

152 938 274 1002 tempore
296 930 323 984 in
338 928 422 986 fundo
437 927 717 1000 comprehenduntur,
733 927 765 982 ad
781 927 938 1000 legatarium
953 929 1098 1000 pertinent.

149 1010 196 1072 54.
226 1005 363 1084 ⁵Pascua,
395 1027 465 1085 quae
493 1019 587 1084 postea
610 1019 763 1084 comparata
791 1011 823 1066 ad
847 1010 958 1066 {undum
981 1011 1099 1084 legatum

153 1104 268 1152 testator
283 1096 449 1166 adiunxerat,
465 1096 488 1150 si
503 1096 560 1150 eius
576 1094 752 1168 appellatione
767 1096 965 1166 contineantur,
981 1095 1012 1150 ad
1027 1095 1101 1168 lega·

152 1181 249 1238 tarium
277 1182 422 1253 pertinent.
467 1175 514 1236 55.
544 1173 697 1250 ¹Quicquid
723 1180 750 1234 in
778 1178 870 1234 eadem
897 1178 994 1250 domo,
1022 1195 1101 1252 quarn

151 1265 312 1320 instructam
328 1263 431 1336 legauit
447 1262 645 1335 paterfamilias,
658 1271 789 1335 perpetuo
805 1263 955 1318 instruendi
971 1277 1000 1318 se
1015 1264 1102 1335 gratia

153 1345 257 1416 habuit,
272 1347 403 1418 legatario
419 1346 498 1404 cedit.
532 1341 580 1402 56.
598 1339 749 1402 ¹instructu
765 1346 845 1401 domo
858 1345 956 1418 legata,
968 1362 1000 1402 ea
1010 1346 1101 1420 legato

154 1431 343 1497 continentur,
374 1427 471 1502 quibus
498 1429 593 1485 domus
621 1431 750 1486 munitior
778 1430 821 1485 uel
845 1437 902 1484 tuta
924 1429 956 1486 ab
978 1430 1102 1487 incendio

153 1521 317 1586 praestatur,
340 1505 489 1586 '(r'tapuc)⁸
510 1513 627 1586 tegulae,
650 1513 799 1587 specularia
815 1521 842 1569 et
856 1513 916 1569 uela
930 1514 1021 1588 legato
1037 1531 1101 1571 con-

156 1595 327 1666 tinebuntur3
343 1599 407 1652 item
422 1590 600 1667 'stramenta¹¹
616 1597 689 1668 lecti,
703 1597 825 1666 culcitae,
837 1597 953 1670 puluinl,
966 1597 1101 1669 subsellia,

156 1679 306 1752 cathedrae,
322 1697 439 1751 mensae,
453 1683 575 1752 armaria,
590 1680 738 1754 delphicae,
754 1680 862 1753 pelues,
879 1681 1012 1754 conchae,
1028 1685 1102 1755 aqui·

155 1763 276 1836 manilia,
299 1764 469 1834 candelabra,
493 1765 632 1834 lucernae,
655 1772 682 1820 et
697 1764 792 1820 similia
807 1781 977 1837 quacumque
993 1768 1102 1822 materia

154 1865 290 1922 supressa.
335 1843 381 1908 57.
402 1841 521 1909 ¹⁰llomo
544 1849 643 1922 legata,
665 1847 790 1903 balneum
812 1849 880 1918 eius,
904 1849 976 1921 quod
998 1847 1102 1922 publice

155 1932 311 2005 praebetur,
326 1933 377 1988 nisi
394 1931 458 1988 alias
474 1940 622 2005 separetur,
638 1931 729 2006 legato
745 1931 825 1992 cedit.
855 1929 904 1990 58.
922 1925 1031 1989 ¹¹llomo
1042 1950 1103 1989 eum

83 2033 143 2082 [eos]
156 2017 227 2070 omni
243 2017 300 2070 iure
316 2032 377 2086 suo,
393 2016 463 2070 sicut
477 2016 610 2070 instructa
624 2025 675 2080 est,
691 2016 788 2088 legata,
805 2014 905 2070 urbana
921 2015 1026 2086 familia,
1039 2018 1102 2073 item

156 2096 271 2154 artifices
295 2107 322 2154 et
344 2092 491 2154 ’ostiarii¹²
512 2106 540 2154 et
556 2101 646 2154 zetarii
662 2108 689 2155 et
710 2099 812 2172 aquarii
833 2099 918 2155 eidem
941 2099 1030 2156 domui
1046 2118 1103 2156 ser·

106 2197 110 2213 ·
155 2183 262 2238 uientes
284 2181 375 2255 legato
398 2181 507 2238 cedunt.
551 2179 600 2240 59.
624 2179 762 2255 Omnibus,
785 2199 854 2255 quae
875 2185 904 2238 in
926 2183 1006 2240 domo
1028 2193 1103 2258 sunt,

155 2265 263 2338 legatis,
280 2266 417 2322 cautiones
432 2265 585 2321 debitorum
600 2267 812 2340 ’eruptionesque
822 2259 846 2301 ¹³
860 2283 1000 2324 seruorum
1012 2268 1103 2342 legato

155 2345 245 2421 ¹(non)
257 2341 283 2382 ¹¹
298 2347 406 2404 cedunt.
444 2343 494 2409 60.
517 2343 824 2424 ’11οηί11555151931111,
839 2367 933 2407 aurum
948 2351 993 2408 uel
1008 2369 1104 2425 argen-

153 2483 365 2493 --.—--—--—

229 2547 246 2618 ¹⁸·
263 2559 393 2615 putatores,
408 2560 432 2602 et
448 2552 509 2602 Cdd.
528 2553 584 2602 edd.
610 2553 669 2602 Vid.
685 2554 716 2603 L.
732 2565 765 2606 18.
780 2556 804 2616 ὅ.
819 2565 831 2605 t
845 2555 888 2604 cit.
941 2551 1016 2618 ¹)Gf.
1027 2557 1058 2608 5.
1070 2568 1104 2607 re.

155 2625 178 2759 h
194 2635 232 2756 ll.
246 2623 278 2742 l:
288 2623 357 2755 ill.
368 2705 387 2744 ..
398 2619 597 2758 itanu·
608 2637 631 2760 l
643 2624 680 2758 d.
690 2625 790 2756 dl?
801 2625 1014 2760 laudet.
1024 2629 1103 2748 ‘dd

153 2764 185 2813 Il.
201 2765 233 2814 de
243 2767 317 2813 instr.
333 2781 355 2814 u.
370 2766 487 2814 instrum.
502 2764 547 2829 (uu,
563 2763 593 2830 t).
655 2763 676 2830 ¹)
692 2765 729 2828 Of.
745 2765 777 2814 5.
792 2777 826 2817 11.
841 2767 879 2826 ἐξ.
896 2779 981 2829 1sseq.
1000 2767 1032 2815 D.
1048 2769 1103 2817 eod.

155 2831 177 2900 8)
186 2835 294 2884 Addidi.
337 2831 359 2900 9)
375 2834 437 2884 Cdd.
448 2845 468 2886 5.
479 2847 499 2886 e.
519 2843 654 2885 aeramenta
664 2837 753 2893 ceteri,
763 2837 821 2885 edd.
868 2832 899 2902 ¹⁰)
911 2836 949 2898 Cf.
960 2836 991 2885 5.
1003 2849 1036 2888 at.
1051 2839 1074 2900 ξ.
1082 2851 1103 2889 4.

155 2905 187 2954 D.
203 2905 235 2954 de
249 2907 296 2970 lep.
307 2916 328 2956 a.
373 2901 405 2971 ¹¹)
422 2905 459 2968 Cf.
475 2905 507 2956 5.
522 2917 555 2956 ta.
571 2907 594 2966 §-
607 2918 641 2956 tr.
661 2904 693 2954 D.
708 2907 741 2954 de
754 2907 829 2956 instr.
844 2923 866 2956 u.
881 2907 996 2956 instrum.
1013 2905 1057 2973 (us,
1073 2907 1103 2972 t).

158 2971 190 3038 ¹¹)
200 2975 244 3024 Eae
256 2975 343 3024 Ouiae.
358 2978 390 3038 ej.
407 2977 514 3024 uestiarii
529 2976 590 3024 Cdd.
605 2977 662 3026 edd.
716 2972 748 3042 η)
758 2975 802 3026 Ex
813 2977 899 3026 Ouiae.
911 2980 943 3041 ej.
954 2978 1105 3042 rationesque

157 3045 287 3180 figd‘ssevd‘}
308 3043 368 3128 ¹Sed
382 3046 416 3129 ef.
432 3045 509 3165 {idle}
523 3047 591 3165 §.ctu
600 3046 709 3166 112.ωῆ
729 3047 760 3096 5.
768 3059 797 3166 {a
808 3063 851 3110 pr.
866 3049 889 3108 ξ.
901 3059 920 3098 1.
940 3048 1014 3167 {de
1025 3051 1072 3114 lep.
1083 3062 1103 3100 s.

155 3185 187 3234 D.
199 3187 230 3236 de
240 3132 301 3251 159.ιι
299 3131 329 3237 ga
332 3131 402 3237 05556
413 3132 457 3249 gr.
471 3117 603 3251 255115159.
615 3199 634 3239 a.
651 3153 656 3165 ¹
673 3132 716 3252 c¹⁶l
730 3119 1103 3248 5500110100115τείαν5ῗΗΞε5.

155 3271 206 3308 non
221 3258 350 3306 nominato
367 3256 411 3305 Cd.
431 3257 625 3312 animaduertit:
645 3257 772 3307 mobilibus
790 3258 851 3307 Cdd.
866 3260 986 3321 plerique
1004 3265 1029 3306 et
1046 3260 1104 3324 edd.

154 3325 208 3376 Sed
220 3326 353 3378 mobilibus
362 3329 454 3392 [epatis
464 3342 555 3376 aarum
565 3335 589 3376 et
598 3334 731 3392 arpentum
740 3344 791 3378 non
802 3329 937 3386 contineri,
948 3329 1005 3391 puis
1014 3329 1105 3378 eredat

156 3397 275 3448 Paullum
288 3399 418 3455 statuisse,
433 3413 489 3447 eum
503 3399 544 3446 uel
553 3400 668 3461 pecunia
677 3399 809 3461 praesidii
823 3412 902 3447 causa
915 3399 1029 3461 reposita
1044 3413 1103 3448 eon·

155 3469 285 3518 tineatur?
303 3467 335 3518 L.
350 3479 384 3520 te.
400 3469 423 3529 §-
436 3480 459 3518 1.
475 3468 507 3517 D.
523 3469 554 3517 de
568 3471 616 3533 lep.
631 3481 651 3520 s.
671 3468 706 3518 Et
719 3485 741 3518 o.
758 3465 886 3518 ‘monilia'
898 3469 925 3517 in
935 3467 967 3516 L.
978 3480 998 3518 2.
1021 3467 1065 3518 ΤΙι.
1078 3469 1103 3518 0.

155 3537 187 3586 de
201 3538 313 3588 thesaur.
329 3537 375 3606 (10,
390 3539 425 3604 18)
436 3540 540 3602 pariter
555 3540 582 3588 in
599 3535 724 3590 ‘mobilia'
740 3545 836 3588 mutata
851 3540 929 3588 estin
944 3537 976 3587 5.
991 3539 1065 3589 uml.
1078 3539 1104 3590 0.
