2692 4114
300 237 405 272 nouum
422 236 529 273 vnrratu
547 236 645 272 rursu.
665 218 737 272 VIII.
757 217 863 272 s.-lX.
884 223 907 270 1.
1016 215 1078 282 581

54 357 208 424 [4851item¹
231 381 286 421 non
302 373 428 438 poterant
449 367 584 439 arrogari,
606 380 677 420 nune
696 365 797 422 'causa
813 357 944 438 capnito²
966 372 1083 438 possunt

128 467 159 506 ex
180 451 377 506 constitutione
400 449 456 504 oliui
479 449 607 505 Antonini
626 447 687 502 ’Pii
731 443 759 506 6.
784 441 853 515 Qud
875 464 1004 520 generare
1026 464 1081 504 non

128 527 253 606 ’potest,⁴
268 532 345 588 uelut
359 533 454 606 spado,
471 541 587 606 utroque
603 531 684 586 modo
700 526 827 605 'potest‘¹
847 532 990 605 adoptare;
1011 532 1081 588 idem

128 619 193 672 iuris
216 625 258 672 est
280 618 307 672 in
330 633 446 690 persona
468 615 589 672 caelibis.
633 611 660 672 7.
685 609 769 671 ⁶ltem
791 617 829 686 is,
852 618 898 688 qui
921 614 1003 671 lilium
1026 633 1081 671 nou

128 701 220 770 habet,
237 703 264 756 in
280 700 370 758 locum
386 704 494 774 nepotis
509 699 636 774 adoptare
651 707 752 773 potest.
791 694 833 757 7¹.
857 693 999 754 ⁷l'eminae
1015 713 1081 753 uero

128 794 225 842 neutro
241 784 321 841 modo
337 793 453 858 possunt
468 785 606 858 adoptare,
627 785 752 856 quoniam
767 799 816 839 neo
831 782 966 839 naturales
982 781 1082 837 liberos

127 870 154 924 in
175 877 312 942 potestate
334 869 442 926 habent.
485 866 515 925 8.
545 861 593 924 8Sl
615 876 692 942 pater
713 867 829 924 familiae
851 864 1030 940 arrogandum
1052 879 1082 919 se

128 952 249 1024 dederit,
271 951 348 1010 liberi
368 967 479 1026 quoque
500 953 558 1008 eius
578 954 654 1025 quasi
675 959 789 1023 nepotes
810 953 838 1008 ln
857 956 993 1026 potestate
1014 947 1082 1004 stunt

128 1038 304 1110 arrogatoris.

317 1225 379 1266 rtr.
394 1223 436 1263 tx.
466 1223 508 1264 nn
523 1223 574 1265 HIS
592 1223 645 1272 Qvi
660 1223 693 1266 IN
707 1222 790 1266 uditv
808 1221 895 1265 SVNT.

194 1329 230 1390 ⁹*
245 1351 260 1389 s
277 1351 292 1392 s
307 1331 327 1390 l.
353 1333 451 1390 Farreo
468 1333 613 1392 'conuenit
635 1329 735 1392 ur0r¹⁰
750 1337 777 1392 in
794 1351 902 1392 manum
917 1334 1000 1394 certis
1021 1348 1082 1390 uer·

129 1415 171 1472 bis
186 1425 214 1472 et
236 1416 348 1472 testibus
364 1435 384 1474 x
399 1418 586 1491 praesentibus
602 1428 629 1474 et
647 1418 770 1476 sollemni
791 1419 921 1476 sacrificio
943 1419 1032 1492 iacto,
1054 1422 1081 1476 in

131 1517 186 1576 quo
201 1505 277 1574 panis
293 1517 402 1574 quoque
418 1501 522 1560 tarseus
538 1502 687 1560 adhibetur.
704 1519 752 1559 s*
768 1521 783 1560 s

189 1701 222 1770 '¹)
237 1706 331 1769 quidem
346 1705 404 1756 Vat.
419 1707 542 1771 quondam
552 1708 591 1756 ed.
602 1705 649 1770 Bp.
668 1705 799 1768 Scriptum
809 1721 825 1754 a
835 1708 922 1768 primo
932 1713 996 1769 puto
1008 1699 1082 1770 q'olim

128 1777 199 1833 itam,
220 1778 398 1841 indefectam
419 1779 490 1841 qdem
514 1779 583 1834 item,
610 1777 719 1840 denique
740 1778 896 1839 insequentis
919 1779 1083 1839 corruptelae

129 1845 191 1912 (not.
206 1846 237 1912 1.)
261 1851 363 1900 ratione
382 1848 470 1897 dadila
493 1848 630 1912 conflatum
652 1847 755 1910 quidem.
821 1842 842 1910 ²)
863 1852 903 1894 aut
927 1845 1082 1896 Vat.suteu1

128 1918 167 1966 ed.
182 1915 230 1980 Bp.
258 1917 311 1967 Sed
324 1934 380 1967 cuna
394 1919 518 1980 scriptum
533 1923 598 1965 esset
611 1922 639 1964 cd
654 1913 698 1980 (ι-
713 1930 784 1964 eausa
799 1914 917 1980 cognita),
933 1916 1001 1979 quod
1014 1916 1046 1966 od
1060 1924 1082 1974 a,

129 1987 198 2033 utin
219 1985 276 2035 Vat.
296 1989 439 2050 reperitur,
460 1988 506 2034 uix
524 1987 640 2034 discerni
653 1993 751 2048 potest,
769 1986 883 2048 scriptor
901 1987 957 2034 eius
976 1986 1082 2045 codicis,

130 2055 197 2104 unde
212 2055 271 2104 Vct.
286 2064 324 2105 est
338 2057 519 2118 manscriptus,
534 2056 563 2103 id
576 2057 702 2117 explicuit
716 2062 764 2113 aut,
779 2057 915 2118 insequens
928 2071 988 2105 uero
1003 2055 1082 2104 libra-

129 2127 187 2175 rius
206 2126 267 2174 inde
285 2127 344 2174 item
363 2133 391 2174 ut
404 2135 441 2186 ts,
456 2137 490 2176 st.
508 2126 573 2187 fecit
591 2133 631 2174 aut
650 2124 695 2188 (π-
710 2125 811 2190 autem),
831 2133 858 2174 ut
877 2127 912 2174 ad
930 2127 1083 2176 antecedens

130 2196 226 2261 quidem
240 2196 393 2258 referretur.
420 2195 535 2245 Ceterum
548 2203 666 2259 apparet,
681 2195 815 2259 Ulpianum
829 2197 981 2259 simpliciter
995 2197 1083 2247 dicere

130 2281 181 2317 non
191 2268 318 2330 potuisse,
332 2281 400 2316 nunc
414 2281 449 2316 ecc
462 2273 542 2316 const.
557 2266 590 2316 Ii.
606 2267 651 2316 Pii
660 2269 777 2330 pupillos
791 2269 917 2331 arropuri
930 2281 1015 2330 posse.
1043 2267 1083 2318 De

129 2352 160 2386 re
174 2337 208 2400 cf.
224 2339 247 2398 ξ.
263 2349 283 2388 s.
305 2335 473 2399 Ldeadopt.
493 2335 592 2403 (1,11).
667 2335 732 2403 ³)tlt
752 2339 792 2402 qui
811 2337 869 2388 Vct.
889 2338 947 2387 edd.
974 2337 1011 2401 Cf.
1029 2337 1083 2388 FtI.

126 2423 154 2472 p.
169 2418 216 2458 uto.
231 2414 256 2456 et
270 2407 420 2456 Kd'mruerer
433 2406 557 2472 Beitrdpe
570 2423 618 2457 zur
635 2407 722 2459 Gesclt.
739 2409 763 2457 d.
781 2407 811 2457 R.
827 2407 858 2457 lt.
873 2424 901 2472 p.
917 2420 950 2460 so.
970 2408 1014 2458 Ad
1028 2410 1051 2472 5.
1062 2421 1082 2461 6.

130 2478 165 2541 cf.
183 2477 239 2526 (iai.
255 2489 275 2535 1,
291 2489 337 2528 ros.
353 2488 398 2528 aot.
418 2477 450 2528 L.
465 2489 499 2530 so.
514 2489 548 2529 to.
568 2481 591 2542 ξ.
607 2491 627 2530 a.
651 2479 682 2528 Ι).
698 2480 729 2528 de
743 2479 828 2544 adopt.
844 2477 879 2543 (1,
894 2477 924 2544 a).
990 2477 1012 2546 ⁴)
1026 2493 1084 2544 pos-

130 2555 186 2596 sunt
200 2547 258 2597 Vat.
273 2549 331 2597 edd.
348 2546 411 2613 (Sed
424 2549 472 2598 doc
486 2563 520 2598 co:
529 2557 609 2612 potest
620 2549 719 2612 facturn
729 2565 763 2598 ex
773 2551 866 2614 priore
876 2551 923 2599 illa
933 2553 1083 2615 corruptela

130 2618 160 2668 lli
174 2617 233 2684 qui).
263 2618 301 2681 Os.
317 2617 419 2668 Iioeder
429 2635 457 2682 p.
472 2631 506 2671 ts.
571 2617 591 2684 ⁶)
612 2619 669 2670 Vat.
689 2627 793 2684 possunt
810 2620 868 2670 edd.
933 2617 954 2685 ο)
970 2621 1007 2684 Of.
1023 2623 1046 2684 ς.
1061 2633 1081 2673 s.

129 2687 199 2738 de
213 2689 298 2752 adopt.
314 2687 350 2754 (1,
369 2687 414 2754 11).
480 2687 600 2755 ⁷)Hanc
617 2693 767 2741 sententiam
790 2690 849 2740 Vct.
868 2699 893 2740 et
910 2691 968 2742 edd.
986 2694 1014 2740 in
1030 2693 1084 2756 fine

130 2760 200 2808 tituli
214 2758 249 2825 (ἕ.
264 2757 310 2825 8⁸.)
324 2761 418 2809 locant.
445 2758 499 2809 Sed
512 2761 560 2810 doc
574 2763 630 2811 loco
644 2777 699 2811 eam
713 2762 843 2811 eccidisse
858 2769 882 2810 et
895 2762 931 2812 ad
944 2764 1083 2827 rnorpinem

128 2831 282 2893 suppletam,
302 2845 358 2879 cum
376 2832 533 2894 nesciretur,
553 2847 602 2896 quo
617 2834 773 2896 pertineret,
792 2833 828 2881 ad
848 2834 944 2882 calcem
962 2834 1084 2882 reiectam

129 2915 196 2960 esse,
218 2907 289 2950 certo
308 2909 458 2965 arpamento
478 2909 538 2950 sunt
555 2917 610 2953 voc:
629 2917 686 2951 uero
705 2910 730 2952 ct
747 2905 931 2952 sententiarum
949 2903 1014 2953 ordo
1033 2911 1084 2953 tarn

129 2973 259 3020 naturalis
274 2985 349 3036 quam
366 2971 481 3022 Gaianas
494 2970 527 3038 (1,
542 2984 588 3024 tos.
604 2971 667 3038 104),
682 2989 753 3038 quem
767 2989 837 3023 nunc
851 2975 888 3022 ita
907 2973 1031 3036 Ulpianus
1044 2988 1083 3024 sc-

129 3049 204 3091 cutus
218 3041 432 3104 deprehenditur,
447 3050 475 3092 ut
489 3045 565 3092 etiarn
576 3045 665 3106 finalis
679 3046 702 3106 ξ.
717 3056 737 3095 s.
757 3045 912 3108 respondeat
929 3043 984 3094 Gai.
999 3057 1020 3103 1,
1035 3055 1082 3096 tot.

130 3108 151 3176 ⁸)
169 3111 207 3174 Cf.
225 3111 280 3160 Gai.
298 3124 318 3170 1,
333 3123 380 3162 tot.
445 3108 467 3178 ⁹)
482 3113 616 3163 Lacunam
630 3114 654 3162 d.
670 3117 685 3163 l.
701 3130 756 3165 csse
770 3113 815 3179 (cs.
833 3113 1084 3178 Gai.1,108-111.),

130 3183 184 3244 ipse
197 3184 313 3247 scriptor
327 3185 383 3232 cius
397 3183 508 3242 codicis,
528 3185 594 3234 unde
613 3192 699 3234 noster
720 3193 758 3235 est
776 3187 963 3248 transcriptus,
982 3185 1083 3233 videtur

128 3254 213 3315 spatio
228 3268 309 3302 uacuo
324 3253 497 3318 sipnificasse,
517 3269 566 3319 qao
585 3252 757 3318 antarctico,
776 3257 821 3304 oica
841 3270 949 3318 sequens
963 3255 1084 3302 inductus

129 3331 207 3381 esset,
228 3331 255 3372 ut
272 3326 423 3373 sententiam
441 3326 513 3374 illam
524 3327 662 3391 sopitivum
681 3326 742 3391 (not.
758 3324 789 3390 t.)
804 3341 832 3376 eo
851 3325 1016 3386 transferret.
1045 3322 1085 3370 De

129 3393 340 3511 ponsarreatione
355 3395 389 3458 cf.
407 3395 464 3444 Gai.
479 3409 500 3454 1,
515 3408 561 3447 112.
634 3393 666 3462 ¹⁰)
681 3397 820 3446 conuenitur
840 3395 898 3443 Vat.
914 3393 953 3444 ed.
968 3392 1016 3458 Bp.
1044 3391 1083 3456 Cf.

152 3463 285 3528 lipara.
