2684 4112
237 235 301 300 400
562 250 620 288 (un
637 251 738 288 tusum.
755 233 804 290 IV.
824 239 881 288 165.

238 396 329 452 statim
345 402 429 468 petat,
446 401 589 468 antequam
606 409 639 450 en
654 393 713 450 iura
729 402 816 465 assat,
831 394 921 466 idest,
938 404 1082 469 antequam
1097 413 1111 452 a
1127 413 1207 471 prae·

239 488 299 536 tore
320 478 458 548 discedam
481 495 544 535 seno
567 479 637 534 enim
662 478 819 552 petentibus
845 495 900 535 non
925 479 1094 553 indulgetur.
1137 478 1204 540 tuo.
1329 461 1331 552 (

238 563 336 637 ltaque
357 565 379 619 si
401 562 531 619 arbitrum
552 579 606 619 nou
627 563 751 637 petierit,
775 563 823 620 sed
846 565 943 620 tacitus
966 563 999 620 de
1019 565 1078 621 iure
1099 567 1204 640 exierit,
1329 553 1331 574 ⁴

241 663 302 704 oum
321 647 443 722 periculo
459 664 503 704 res
518 648 550 704 ad
571 649 673 703 exitum
694 647 869 722 perducitur:
893 664 952 704 nam
974 658 1051 705 actor
1070 661 1206 724 prouocat

242 732 428 788 aduersarium
443 732 613 806 ¹sponsione,
630 724 679 788 ni¹
695 741 790 789 eontra
805 732 922 790 edictum
938 735 1073 807 praetoris
1088 751 1144 790 non
1160 751 1206 791 ex·

241 816 362 874 hibuerit
383 826 430 873 aut
450 833 507 872 uon
522 819 689 886 restituerit3
712 816 758 872 ille
777 825 866 873 autem
882 817 1013 874 aduersus
1028 820 1205 893 sponsionem

243 901 390 958 aduersarii
409 901 604 975 adstipulatum
627 900 724 957 deinde
745 909 821 958 aotor
842 901 951 974 quidem
971 904 1128 976 sponsionis
1150 904 1206 960 ior·

240 986 340 1042 mulam
361 985 417 1042 edit
432 985 598 1057 aduersario,
620 985 666 1041 ilis
687 986 749 1042 huia
770 988 884 1043 inuicem
905 987 1135 1061 restipulationis:
1157 989 1204 1045 sed

241 1080 316 1128 actor
336 1071 492 1144 sponsionis
514 1071 656 1128 tornatae
671 1071 774 1127 subicit
789 1079 817 1128 et
832 1071 908 1128 aliud
926 1071 1053 1128 iudicium
1069 1073 1102 1129 de
1116 1089 1146 1129 re
1161 1089 1203 1130 re·
1220 1085 1284 1139 [818]

241 1155 379 1212 stituenda
398 1154 443 1210 uel
464 1155 628 1226 enhibenda,
652 1162 683 1210 ut
703 1157 726 1211 si
748 1157 897 1230 sponsione
918 1157 1030 1228 uicerit,
1053 1158 1105 1214 nisi
1120 1159 1145 1214 ei
1159 1174 1204 1214 nes

172 1254 231 1303 141.
241 1239 399 1296 exhibeatur
412 1249 459 1295 aut
473 1233 660 1310 restituatur‚²
676 1232 681 1318 (
1005 1273 1205 1282 ———-—-

177 1321 195 1360 t.
208 1329 225 1357 s.

173 1317 248 1430 243(

181 1449 198 1486 t.
212 1457 230 1486 s.

237 1574 311 1637 plius
325 1571 362 1622 ibi
374 1573 500 1636 seriptum
511 1573 595 1637 fuisse
614 1573 695 1622 visum
713 1573 761 1636 sit,
780 1573 873 1622 amisit.
910 1571 998 1635 Ipsum
1013 1579 1163 1635 praetorem
1177 1572 1204 1620 in

242 1644 381 1694 interdicto
399 1644 503 1694 reddito
521 1644 590 1694 bano
608 1643 811 1694 obseruationem
830 1644 867 1702 ei,
887 1644 988 1706 quinum
1007 1641 1146 1709 apebatur‚
1166 1644 1206 1692 in-

242 1717 369 1773 iunxisse,
384 1716 477 1765 docent
492 1715 575 1766 Probi
592 1722 668 1765 notae
681 1714 810 1764 Eiusidel.
833 1729 916 1777 supra
932 1729 959 1778 p.
974 1724 1021 1764 148.
1096 1709 1116 1778 ¹)
1131 1728 1206 1778 spon·

242 1787 334 1835 sionem
356 1785 381 1835 0.
406 1787 535 1850 sponsione
557 1784 648 1852 (quod)
669 1785 719 1834 Kr.
741 1785 780 1834 ed.
803 1797 823 1836 1.
899 1781 966 1849 ⁹)In
981 1799 1009 1846 p.
1027 1793 1088 1845 841,
1107 1785 1135 1832 in
1154 1799 1207 1848 qua

243 1859 344 1908 omnino
368 1857 435 1906 nibil
458 1865 529 1908 certo
549 1859 600 1923 lapi
618 1858 718 1921 potuit,
733 1857 847 1919 primum
869 1855 935 1904 baeu
955 1853 1014 1917 fere
1037 1859 1126 1903 secuta
1150 1868 1206 1903 esse

242 1931 376 1992 suspicor:
395 1925 542 1988 ‘tantidem
561 1929 653 1994 quanti
672 1929 777 1991 sponsio
793 1928 869 1991 faeta
887 1928 935 1986 sit,
954 1925 1127 1974 aduersarius
1145 1939 1206 1975 eon·

242 2000 389 2070 damnetur:
412 2001 481 2064 quod
503 2001 628 2050 iudicium
651 2001 799 2064 appellatur
816 1999 986 2055 secularium,
1010 1997 1071 2060 quia
1089 1997 1208 2061 sequitur

242 2073 390 2134 sponsionis
404 2072 542 2122 uictoriam
557 2071 603 2137 (ef.
618 2072 641 2133 ἕ.
656 2067 770 2135 1881111).
798 2067 910 2132 Sponsio
925 2083 988 2118 uero
1002 2074 1027 2116 et
1041 2068 1206 2130 restipulatio

243 2144 310 2191 tanti
320 2143 364 2205 fit,
383 2143 475 2206 quanti
492 2149 568 2193 actor
582 2157 637 2192 eam
656 2157 706 2191 nan
726 2141 870 2190 calumniae
890 2153 971 2188 eausa
987 2139 1049 2201 fieri
1068 2139 1206 2188 iurauerit.

244 2211 295 2278 (Of.
310 2212 342 2262 L.
358 2226 378 2265 1.
393 2214 416 2274 5.
431 2225 452 2264 4.
473 2214 505 2261 Ι).
517 2213 586 2278 quod
599 2214 626 2262 ui
639 2219 685 2261 aut
699 2213 731 2262 ol.
745 2222 780 2273 48,
795 2222 829 2262 ut.
849 2209 928 2260 uerba
943 2206 1041 2273 ‘simpli
1050 2210 1119 2258 litem
1130 2209 1206 2259 aesti-

242 2281 395 2350 mandam’.)
419 2284 514 2334 Postea
533 2284 627 2341 iudex,
646 2283 716 2348 apud
735 2297 807 2346 quern
821 2282 853 2331 de
867 2296 898 2331 ea
917 2296 946 2330 re
964 2282 1067 2345 apitur,
1086 2281 1207 2346 requirit,

243 2370 278 2404 an
288 2369 348 2404 reus
356 2361 450 2404 eontra
459 2355 569 2404 edietum
577 2355 711 2417 praetoris
718 2369 769 2404 non
776 2353 922 2402 restituerit
930 2359 976 2400 aut
983 2367 1034 2402 non
1044 2349 1193 2402 exhibuerit
1196 2367 1207 2407 ,·

244 2427 311 2474 etsi
331 2425 471 2473 seeundum
493 2431 607 2474 actorem
630 2425 772 2475 iudicatum
795 2425 858 2482 erit,
882 2424 1065 2472 aduersarium
1086 2437 1207 2472 summam

244 2495 392 2558 sponsionis
406 2501 430 2543 et
444 2497 468 2544 si
482 2510 533 2544 non
547 2496 694 2546 restituerit
707 2497 749 2545 uel
759 2510 810 2546 non
819 2493 977 2553 exhibuerit,
991 2495 1068 2544 etiam
1077 2493 1206 2544 senatorio

244 2565 343 2616 iudicio
358 2565 521 2626 condemnat,
540 2573 655 2616 actorem
668 2582 731 2617 uero
749 2566 957 2630 restipulationis
971 2563 1096 2621 absoluit‚·
1115 2563 1208 2628 quodsi

244 2636 384 2686 secundum
398 2651 469 2686 reum
488 2637 655 2698 iudicauerit,
674 2638 743 2688 buna
761 2638 910 2701 sponsionis
928 2643 952 2686 et
970 2635 1096 2686 secutorii
1115 2634 1209 2684 iudicii

245 2706 369 2765 absoluit,
388 2714 501 2758 actorem
516 2724 578 2759 uero
593 2709 801 2773 restipulationis
814 2707 974 2759 condemnat.
990 2733 1023 2744 ··-
1039 2705 1110 2754 Hine
1127 2704 1208 2754 Gaius

246 2779 282 2828 ad
291 2776 469 2842 prohibitoria
484 2781 625 2830 interdieta
634 2782 772 2830 transitum
781 2780 884 2830 uidetur
894 2778 998 2842 secisse,
1014 2778 1052 2826 ita
1062 2776 1208 2839 utprimum

246 2850 278 2898 de
292 2848 452 2913 simplicibus
460 2859 558 2916 aperet,
572 2851 666 2902 deinde
676 2852 708 2901 de
717 2849 874 2914 duplicibus,
888 2849 924 2899 ad
933 2863 998 2913 quas
1007 2853 1132 2912 spectant,
1143 2860 1209 2910 quae

247 2922 308 2983 inp.
319 2931 367 2970 844.
378 2927 534 2974 tractantur.
558 2923 718 2974 Aaauratius
728 2937 789 2972 vero
800 2921 863 2986 quid
877 2921 904 2969 in
916 2935 943 2983 p.
955 2930 1001 2970 811.
1012 2925 1038 2968 et
1046 2929 1094 2970 848.
1113 2917 1210 2967 dietum

244 2991 336 3054 suerit,
351 2992 432 3042 donec
443 2993 601 3056 fortioribus
610 2994 731 3044 remediis
740 2991 865 3042 adbibitis
875 2993 956 3054 ptura
966 2991 1052 3055 lepere
1062 2988 1210 3053 eontiperit‚

247 3077 279 3112 ne
289 3064 439 3113 coniectura
449 3065 551 3129 quidem
560 3067 724 3130 aliquatenus
732 3061 867 3128 probabili
876 3061 982 3125 definiri
991 3067 1086 3125 potest,
1100 3060 1211 3110 maxime

247 3188 271 3249 §-
286 3199 307 3237 1.
327 3187 359 3236 D.
375 3189 444 3253 quod
457 3192 506 3256 lep.
522 3189 567 3256 (48,
581 3186 614 3256 8).
633 3188 665 3238 L.
680 3199 701 3240 8.
716 3189 740 3250 §-
755 3199 788 3238 11.
808 3180 1126 3250 Ι).1Ι8188.8888.(48,8).
1147 3182 1179 3231 L.
1190 3193 1210 3234 8.

248 3259 271 3319 ἓ.
286 3270 320 3310 44.
340 3259 373 3308 Ι).
388 3276 420 3310 ne
434 3261 498 3325 quid
511 3262 539 3310 in
554 3263 610 3310 loco
621 3275 650 3323 p.
665 3257 710 3324 (48,
724 3257 757 3325 a).
776 3258 808 3306 L.
824 3270 845 3308 1.
862 3259 885 3320 5.
900 3269 935 3308 41.
955 3255 1021 3307 Ius.
1037 3265 1071 3307 18.
1091 3254 1124 3303 D.
1139 3253 1171 3304 de
1186 3255 1212 3302 ui

248 3328 293 3394 (sa,
309 3329 354 3396 16).
374 3331 405 3380 L.
417 3342 451 3382 18.
470 3332 510 3393 §i
525 3343 607 3383 1-11.
628 3330 660 3380 Ι..
671 3341 704 3380 11.
720 3331 742 3392 8.
753 3340 774 3380 s.
789 3329 822 3377 Ι).
833 3329 902 3393 quod
915 3330 942 3378 vi
955 3324 1056 3394 (8814).
1072 3326 1104 3375 Ι..
1119 3336 1139 3376 8.
1155 3326 1179 3387 8.
1190 3336 1210 3375 a.

247 3401 279 3452 D.
293 3401 325 3450 de
335 3417 443 3465 prenar.
458 3400 507 3466 (48,
522 3399 566 3468 88).
587 3401 619 3450 L.
630 3412 663 3452 88.
683 3400 716 3450 D.
731 3401 763 3450 de
777 3401 818 3450 rai
831 3399 901 3449 vind.
918 3399 953 3465 (8,
969 3396 1001 3464 1).
1023 3397 1067 3446 881.
1083 3391 1211 3463 iudicium]

248 3472 283 3534 cs.
298 3473 339 3533 §i-
354 3484 401 3524 118.
416 3484 463 3524 181.
485 3468 591 3522 ‘Gaias'
605 3488 632 3536 p.
648 3483 687 3523 181
701 3487 753 3538 seq.
810 3467 836 3540 §-
853 3471 912 3522 188.
934 3469 972 3534 df.
987 3470 1011 3531 8.
1026 3479 1073 3519 111.
1096 3467 1149 3517 Oia.
1160 3481 1213 3530 pro

250 3542 323 3591 Gaea.
338 3554 358 3593 s.
372 3554 406 3594 81.
422 3554 456 3593 81.
476 3557 528 3606 pra
546 3542 611 3596 Tull.
627 3555 661 3596 so.
676 3555 710 3596 18.
729 3543 766 3594 ad
783 3543 836 3592 din.
851 3554 877 3605 1,
892 3552 926 3592 11.
952 3539 1058 3601 Quintil.
1073 3537 1094 3590 I.
1112 3536 1141 3588 0.
1156 3549 1177 3600 1,
1192 3548 1213 3590 8.

247 3614 270 3674 5.
285 3623 306 3662 8.
326 3612 385 3661 Lea
399 3612 480 3662 Rubr.
496 3630 518 3664 c.
534 3626 568 3670 18.
