<?xml version="1.0" encoding="UTF-8"?>
<!DOCTYPE html PUBLIC "-//W3C//DTD XHTML 1.0 Transitional//EN"
    "http://www.w3.org/TR/xhtml1/DTD/xhtml1-transitional.dtd">
<html xmlns="http://www.w3.org/1999/xhtml" xml:lang="en" lang="en">
 <head>
  <title>
</title>
<meta http-equiv="Content-Type" content="text/html;charset=utf-8" />
  <meta name='ocr-system' content='tesseract 3.04.00' />
  <meta name='ocr-capabilities' content='ocr_page ocr_carea ocr_par ocr_line ocrx_word'/>
</head>
<body>
  <div class='ocr_page' id='page_1' title='image "./ivrisprvdentiae00huscgoog_0219.png"; bbox 0 0 2678 4116; ppageno 0'>
   <div class='ocr_carea' id='block_1_1' title="bbox 446 211 1103 276">
    <p class='ocr_par' dir='ltr' id='par_1_1' title="bbox 446 211 1103 276">
     <span class='ocr_line' id='line_1_1' title="bbox 446 211 1103 276; baseline 0.02 -12"><span class='ocrx_word' id='word_1_1' title='bbox 446 227 506 264; x_wconf 80' lang='lat' dir='ltr'><strong>osu</strong></span> <span class='ocrx_word' id='word_1_2' title='bbox 522 227 623 264; x_wconf 77' lang='lat' dir='ltr'><strong>msam.</strong></span> <span class='ocrx_word' id='word_1_3' title='bbox 642 211 663 268; x_wconf 88' lang='lat' dir='ltr'><strong>l.</strong></span> <span class='ocrx_word' id='word_1_4' title='bbox 682 215 790 266; x_wconf 84' lang='grc'><strong>86-91.</strong></span> <span class='ocrx_word' id='word_1_5' title='bbox 1043 213 1103 276; x_wconf 82' lang='grc'><strong>195</strong></span> 
     </span>
    </p>
   </div>
   <div class='ocr_carea' id='block_1_2' title="bbox 65 368 1157 3146">
    <p class='ocr_par' dir='ltr' id='par_1_2' title="bbox 133 368 1104 1121">
     <span class='ocr_line' id='line_1_2' title="bbox 134 368 1104 442; baseline -0.001 -15"><span class='ocrx_word' id='word_1_6' title='bbox 134 372 249 428; x_wconf 84' lang='lat' dir='ltr'>liberam</span> <span class='ocrx_word' id='word_1_7' title='bbox 265 386 342 440; x_wconf 85' lang='lat' dir='ltr'><strong>esse,</strong></span> <span class='ocrx_word' id='word_1_8' title='bbox 358 371 469 441; x_wconf 81' lang='lat' dir='ltr'>coierit,</span> <span class='ocrx_word' id='word_1_9' title='bbox 486 368 619 442; x_wconf 83' lang='lat' dir='ltr'><strong>siquidem</strong></span> <span class='ocrx_word' id='word_1_10' title='bbox 634 369 745 427; x_wconf 86' lang='lat' dir='ltr'><strong>masculi</strong></span> <span class='ocrx_word' id='word_1_11' title='bbox 761 379 920 442; x_wconf 88' lang='lat' dir='ltr'><strong>nascautur,</strong></span> <span class='ocrx_word' id='word_1_12' title='bbox 940 368 1017 426; x_wconf 88' lang='lat' dir='ltr'><strong>liberi</strong></span> <span class='ocrx_word' id='word_1_13' title='bbox 1038 372 1104 442; x_wconf 91' lang='lat' dir='ltr'><strong>sint,</strong></span> 
     </span>
     <span class='ocr_line' id='line_1_3' title="bbox 133 453 1104 529; baseline 0.001 -17"><span class='ocrx_word' id='word_1_14' title='bbox 133 461 156 512; x_wconf 90' lang='lat' dir='ltr'><strong>si</strong></span> <span class='ocrx_word' id='word_1_15' title='bbox 173 471 242 512; x_wconf 89' lang='lat' dir='ltr'><strong>uero</strong></span> <span class='ocrx_word' id='word_1_16' title='bbox 258 455 386 524; x_wconf 77' lang='lat' dir='ltr'><strong>feminae,</strong></span> <span class='ocrx_word' id='word_1_17' title='bbox 401 453 434 510; x_wconf 88' lang='lat' dir='ltr'><strong>ad</strong></span> <span class='ocrx_word' id='word_1_18' title='bbox 451 471 513 510; x_wconf 87' lang='lat' dir='ltr'><strong>eum</strong></span> <span class='ocrx_word' id='word_1_19' title='bbox 529 455 693 529; x_wconf 82' lang='lat' dir='ltr'><strong>pertineant,</strong></span> <span class='ocrx_word' id='word_1_20' title='bbox 714 455 790 512; x_wconf 90' lang='lat' dir='ltr'><strong>cuius</strong></span> <span class='ocrx_word' id='word_1_21' title='bbox 805 464 890 510; x_wconf 85' lang='lat' dir='ltr'><strong>mater</strong></span> <span class='ocrx_word' id='word_1_22' title='bbox 905 454 999 510; x_wconf 86' lang='lat' dir='ltr'><strong>ancilla</strong></span> <span class='ocrx_word' id='word_1_23' title='bbox 1014 454 1104 513; x_wconf 87' lang='lat' dir='ltr'><strong>luerit.</strong></span> 
     </span>
     <span class='ocr_line' id='line_1_4' title="bbox 134 538 1101 612; baseline -0.002 -16"><span class='ocrx_word' id='word_1_24' title='bbox 134 541 182 596; x_wconf 89' lang='lat' dir='ltr'><strong>sed</strong></span> <span class='ocrx_word' id='word_1_25' title='bbox 201 547 229 595; x_wconf 86' lang='lat' dir='ltr'><strong>et</strong></span> <span class='ocrx_word' id='word_1_26' title='bbox 244 542 271 595; x_wconf 93' lang='lat' dir='ltr'><strong>in</strong></span> <span class='ocrx_word' id='word_1_27' title='bbox 284 539 334 595; x_wconf 89' lang='lat' dir='ltr'><strong>bac</strong></span> <span class='ocrx_word' id='word_1_28' title='bbox 344 540 434 612; x_wconf 86' lang='lat' dir='ltr'><strong>specie</strong></span> <span class='ocrx_word' id='word_1_29' title='bbox 447 538 527 594; x_wconf 81' lang='lat' dir='ltr'><strong>tinus</strong></span> <span class='ocrx_word' id='word_1_30' title='bbox 540 538 730 610; x_wconf 72' lang='lat' dir='ltr'><strong>Vespasianus,</strong></span> <span class='ocrx_word' id='word_1_31' title='bbox 745 538 908 612; x_wconf 80' lang='lat' dir='ltr'><strong>inelegantis</strong></span> <span class='ocrx_word' id='word_1_32' title='bbox 920 541 987 594; x_wconf 89' lang='lat' dir='ltr'><strong>iuris</strong></span> <span class='ocrx_word' id='word_1_33' title='bbox 1000 548 1101 610; x_wconf 88' lang='lat' dir='ltr'><strong>motus,</strong></span> 
     </span>
     <span class='ocr_line' id='line_1_5' title="bbox 137 620 1104 696; baseline -0.002 -14"><span class='ocrx_word' id='word_1_34' title='bbox 137 626 262 682; x_wconf 77' lang='lat' dir='ltr'><strong>restituit</strong></span> <span class='ocrx_word' id='word_1_35' title='bbox 277 625 344 678; x_wconf 91' lang='lat' dir='ltr'><strong>iuris</strong></span> <span class='ocrx_word' id='word_1_36' title='bbox 360 624 480 694; x_wconf 91' lang='lat' dir='ltr'><strong>gentium</strong></span> <span class='ocrx_word' id='word_1_37' title='bbox 495 620 628 696; x_wconf 88' lang='lat' dir='ltr'><strong>regulam,</strong></span> <span class='ocrx_word' id='word_1_38' title='bbox 645 630 677 678; x_wconf 88' lang='lat' dir='ltr'><strong>ut</strong></span> <span class='ocrx_word' id='word_1_39' title='bbox 691 623 857 693; x_wconf 89' lang='lat' dir='ltr'><strong>omnimodo,</strong></span> <span class='ocrx_word' id='word_1_40' title='bbox 873 625 978 680; x_wconf 90' lang='lat' dir='ltr'><strong>etiamsi</strong></span> <span class='ocrx_word' id='word_1_41' title='bbox 992 624 1104 680; x_wconf 90' lang='lat' dir='ltr'><strong>masculi</strong></span> 
     </span>
     <span class='ocr_line' id='line_1_6' title="bbox 137 703 1103 778; baseline 0 -14"><span class='ocrx_word' id='word_1_42' title='bbox 137 716 298 776; x_wconf 86' lang='lat' dir='ltr'><strong>nascautur,</strong></span> <span class='ocrx_word' id='word_1_43' title='bbox 315 709 389 764; x_wconf 89' lang='lat' dir='ltr'><strong>serui</strong></span> <span class='ocrx_word' id='word_1_44' title='bbox 404 709 459 762; x_wconf 93' lang='lat' dir='ltr'><strong>sint</strong></span> <span class='ocrx_word' id='word_1_45' title='bbox 474 709 543 778; x_wconf 90' lang='lat' dir='ltr'><strong>eius,</strong></span> <span class='ocrx_word' id='word_1_46' title='bbox 558 708 636 762; x_wconf 93' lang='lat' dir='ltr'><strong>cuius</strong></span> <span class='ocrx_word' id='word_1_47' title='bbox 652 716 680 762; x_wconf 95' lang='lat' dir='ltr'><strong>et</strong></span> <span class='ocrx_word' id='word_1_48' title='bbox 695 715 781 762; x_wconf 90' lang='lat' dir='ltr'><strong>mater</strong></span> <span class='ocrx_word' id='word_1_49' title='bbox 796 707 888 764; x_wconf 84' lang='lat' dir='ltr'><strong>suerit.</strong></span> <span class='ocrx_word' id='word_1_50' title='bbox 922 703 973 765; x_wconf 80' lang='lat'><strong>86.</strong></span> <span class='ocrx_word' id='word_1_51' title='bbox 989 708 1042 764; x_wconf 88' lang='lat' dir='ltr'><strong>Sed</strong></span> <span class='ocrx_word' id='word_1_52' title='bbox 1057 708 1103 764; x_wconf 91' lang='lat' dir='ltr'><strong>illa</strong></span> 
     </span>
     <span class='ocr_line' id='line_1_7' title="bbox 137 791 1103 867; baseline 0 -19"><span class='ocrx_word' id='word_1_53' title='bbox 137 810 202 867; x_wconf 86' lang='lat' dir='ltr'><strong>pars</strong></span> <span class='ocrx_word' id='word_1_54' title='bbox 218 792 340 848; x_wconf 90' lang='lat' dir='ltr'><strong>eiusdem</strong></span> <span class='ocrx_word' id='word_1_55' title='bbox 356 791 425 865; x_wconf 89' lang='lat' dir='ltr'><strong>legis</strong></span> <span class='ocrx_word' id='word_1_56' title='bbox 441 791 514 848; x_wconf 89' lang='lat' dir='ltr'><strong>salua</strong></span> <span class='ocrx_word' id='word_1_57' title='bbox 531 799 580 861; x_wconf 86' lang='lat' dir='ltr'><strong>est,</strong></span> <span class='ocrx_word' id='word_1_58' title='bbox 598 801 628 846; x_wconf 92' lang='lat' dir='ltr'><strong>ut</strong></span> <span class='ocrx_word' id='word_1_59' title='bbox 640 791 764 848; x_wconf 86' lang='lat' dir='ltr'><strong>exlibera</strong></span> <span class='ocrx_word' id='word_1_60' title='bbox 777 800 804 847; x_wconf 93' lang='lat' dir='ltr'><strong>et</strong></span> <span class='ocrx_word' id='word_1_61' title='bbox 816 807 896 850; x_wconf 89' lang='lat' dir='ltr'><strong>seruo</strong></span> <span class='ocrx_word' id='word_1_62' title='bbox 909 793 1006 862; x_wconf 90' lang='lat' dir='ltr'><strong>alieno,</strong></span> <span class='ocrx_word' id='word_1_63' title='bbox 1023 809 1103 866; x_wconf 92' lang='lat' dir='ltr'><strong>quem</strong></span> 
     </span>
     <span class='ocr_line' id='line_1_8' title="bbox 137 873 1103 950; baseline -0.001 -17"><span class='ocrx_word' id='word_1_64' title='bbox 137 877 243 934; x_wconf 89' lang='lat' dir='ltr'><strong>sciebat</strong></span> <span class='ocrx_word' id='word_1_65' title='bbox 263 893 375 932; x_wconf 91' lang='lat' dir='ltr'><strong>seruum</strong></span> <span class='ocrx_word' id='word_1_66' title='bbox 397 893 468 947; x_wconf 85' lang='lat' dir='ltr'><strong>csse,</strong></span> <span class='ocrx_word' id='word_1_67' title='bbox 483 878 562 932; x_wconf 89' lang='lat' dir='ltr'><strong>&#39;serui</strong></span> <span class='ocrx_word' id='word_1_68' title='bbox 577 885 731 932; x_wconf 86' lang='lat' dir='ltr'><strong>nascantur.</strong></span> <span class='ocrx_word' id='word_1_69' title='bbox 765 876 856 949; x_wconf 87' lang='lat' dir='ltr'><strong>itaque</strong></span> <span class='ocrx_word' id='word_1_70' title='bbox 871 876 941 949; x_wconf 90' lang='lat' dir='ltr'><strong>apud</strong></span> <span class='ocrx_word' id='word_1_71' title='bbox 955 873 1027 950; x_wconf 84' lang='lat' dir='ltr'><strong>¹quos</strong></span> <span class='ocrx_word' id='word_1_72' title='bbox 1043 876 1103 932; x_wconf 87' lang='lat' dir='ltr'><strong>talis</strong></span> 
     </span>
     <span class='ocr_line' id='line_1_9' title="bbox 136 960 1104 1034; baseline -0.002 -16"><span class='ocrx_word' id='word_1_73' title='bbox 136 963 183 1018; x_wconf 85' lang='lat' dir='ltr'><strong>lex</strong></span> <span class='ocrx_word' id='word_1_74' title='bbox 197 978 254 1018; x_wconf 94' lang='lat' dir='ltr'><strong>non</strong></span> <span class='ocrx_word' id='word_1_75' title='bbox 270 970 322 1030; x_wconf 87' lang='lat' dir='ltr'><strong>est,</strong></span> <span class='ocrx_word' id='word_1_76' title='bbox 339 962 384 1034; x_wconf 90' lang='lat' dir='ltr'><strong>qui</strong></span> <span class='ocrx_word' id='word_1_77' title='bbox 401 965 534 1032; x_wconf 86' lang='lat' dir='ltr'><strong>nascitur,</strong></span> <span class='ocrx_word' id='word_1_78' title='bbox 550 961 609 1016; x_wconf 90' lang='lat' dir='ltr'><strong>iure</strong></span> <span class='ocrx_word' id='word_1_79' title='bbox 625 962 746 1034; x_wconf 88' lang='lat' dir='ltr'><strong>gentium</strong></span> <span class='ocrx_word' id='word_1_80' title='bbox 760 962 853 1016; x_wconf 88' lang='lat' dir='ltr'><strong>matris</strong></span> <span class='ocrx_word' id='word_1_81' title='bbox 866 960 1050 1016; x_wconf 88' lang='lat' dir='ltr'><strong>condicionem</strong></span> <span class='ocrx_word' id='word_1_82' title='bbox 1063 976 1104 1016; x_wconf 89' lang='lat' dir='ltr'><strong>se·</strong></span> 
     </span>
     <span class='ocr_line' id='line_1_10' title="bbox 133 1043 518 1121; baseline -0.005 -19"><span class='ocrx_word' id='word_1_83' title='bbox 133 1048 233 1121; x_wconf 89' lang='lat' dir='ltr'><strong>quitur</strong></span> <span class='ocrx_word' id='word_1_84' title='bbox 248 1055 276 1102; x_wconf 88' lang='lat' dir='ltr'><strong>et</strong></span> <span class='ocrx_word' id='word_1_85' title='bbox 292 1045 326 1101; x_wconf 95' lang='lat' dir='ltr'><strong>ob</strong></span> <span class='ocrx_word' id='word_1_86' title='bbox 342 1045 369 1100; x_wconf 95' lang='lat' dir='ltr'><strong>id</strong></span> <span class='ocrx_word' id='word_1_87' title='bbox 384 1043 451 1100; x_wconf 91' lang='lat' dir='ltr'><strong>liber</strong></span> <span class='ocrx_word' id='word_1_88' title='bbox 467 1054 518 1101; x_wconf 88' lang='lat' dir='ltr'><strong>est.</strong></span> 
     </span>
    </p>

    <p class='ocr_par' dir='ltr' id='par_1_3' title="bbox 132 1125 1157 2132">
     <span class='ocr_line' id='line_1_11' title="bbox 199 1125 1102 1202; baseline -0.003 -15"><span class='ocrx_word' id='word_1_89' title='bbox 199 1125 247 1187; x_wconf 85' lang='lat' dir='ltr'><strong>8&#39;l.</strong></span> <span class='ocrx_word' id='word_1_90' title='bbox 271 1129 374 1197; x_wconf 80' lang='lat' dir='ltr'><strong>Quibus</strong></span> <span class='ocrx_word' id='word_1_91' title='bbox 398 1139 488 1186; x_wconf 88' lang='lat' dir='ltr'><strong>autem</strong></span> <span class='ocrx_word' id='word_1_92' title='bbox 512 1128 618 1186; x_wconf 81' lang='lat' dir='ltr'><strong>casibus</strong></span> <span class='ocrx_word' id='word_1_93' title='bbox 634 1130 726 1184; x_wconf 88' lang='lat' dir='ltr'><strong>matris</strong></span> <span class='ocrx_word' id='word_1_94' title='bbox 742 1139 769 1186; x_wconf 91' lang='lat' dir='ltr'><strong>et</strong></span> <span class='ocrx_word' id='word_1_95' title='bbox 790 1146 845 1188; x_wconf 90' lang='lat' dir='ltr'><strong>nou</strong></span> <span class='ocrx_word' id='word_1_96' title='bbox 865 1130 950 1202; x_wconf 86' lang='lat' dir='ltr'><strong>patris</strong></span> <span class='ocrx_word' id='word_1_97' title='bbox 967 1129 1102 1185; x_wconf 88' lang='lat' dir='ltr'><strong>condicio·</strong></span> 
     </span>
     <span class='ocr_line' id='line_1_12' title="bbox 134 1213 1103 1290; baseline -0.004 -18"><span class='ocrx_word' id='word_1_98' title='bbox 134 1233 199 1272; x_wconf 88' lang='lat' dir='ltr'><strong>uem</strong></span> <span class='ocrx_word' id='word_1_99' title='bbox 222 1216 348 1287; x_wconf 88' lang='lat' dir='ltr'><strong>sequitur</strong></span> <span class='ocrx_word' id='word_1_100' title='bbox 370 1215 417 1287; x_wconf 89' lang='lat' dir='ltr'><strong>qui</strong></span> <span class='ocrx_word' id='word_1_101' title='bbox 439 1217 574 1290; x_wconf 88' lang='lat' dir='ltr'><strong>nascitur,</strong></span> <span class='ocrx_word' id='word_1_102' title='bbox 589 1213 684 1269; x_wconf 87' lang='lat' dir='ltr'><strong>iisdem</strong></span> <span class='ocrx_word' id='word_1_103' title='bbox 705 1213 812 1269; x_wconf 79' lang='lat' dir='ltr'><strong>casibus</strong></span> <span class='ocrx_word' id='word_1_104' title='bbox 833 1215 860 1268; x_wconf 89' lang='lat' dir='ltr'><strong>in</strong></span> <span class='ocrx_word' id='word_1_105' title='bbox 883 1218 1020 1286; x_wconf 81' lang='lat' dir='ltr'><strong>potestate</strong></span> <span class='ocrx_word' id='word_1_106' title='bbox 1042 1229 1103 1268; x_wconf 90' lang='lat' dir='ltr'><strong>eum</strong></span> 
     </span>
     <span class='ocr_line' id='line_1_13' title="bbox 134 1298 1103 1374; baseline -0.004 -18"><span class='ocrx_word' id='word_1_107' title='bbox 134 1301 233 1374; x_wconf 86' lang='lat' dir='ltr'><strong>patris,</strong></span> <span class='ocrx_word' id='word_1_108' title='bbox 249 1300 353 1354; x_wconf 89' lang='lat' dir='ltr'><strong>etiamsi</strong></span> <span class='ocrx_word' id='word_1_109' title='bbox 368 1301 391 1353; x_wconf 91' lang='lat' dir='ltr'><strong>is</strong></span> <span class='ocrx_word' id='word_1_110' title='bbox 407 1299 474 1355; x_wconf 91' lang='lat' dir='ltr'><strong>ciuis</strong></span> <span class='ocrx_word' id='word_1_111' title='bbox 486 1299 622 1354; x_wconf 89' lang='lat' dir='ltr'><strong>Romanus</strong></span> <span class='ocrx_word' id='word_1_112' title='bbox 637 1299 683 1367; x_wconf 88' lang='lat' dir='ltr'><strong>sit,</strong></span> <span class='ocrx_word' id='word_1_113' title='bbox 699 1315 755 1354; x_wconf 91' lang='lat' dir='ltr'><strong>non</strong></span> <span class='ocrx_word' id='word_1_114' title='bbox 770 1315 831 1354; x_wconf 87' lang='lat' dir='ltr'><strong>csse</strong></span> <span class='ocrx_word' id='word_1_115' title='bbox 846 1298 907 1372; x_wconf 88' lang='lat' dir='ltr'><strong>pius</strong></span> <span class='ocrx_word' id='word_1_116' title='bbox 924 1315 1004 1371; x_wconf 90' lang='lat' dir='ltr'><strong>quam</strong></span> <span class='ocrx_word' id='word_1_117' title='bbox 1019 1299 1103 1354; x_wconf 89' lang='lat' dir='ltr'><strong>mani-</strong></span> 
     </span>
     <span class='ocr_line' id='line_1_14' title="bbox 135 1381 1101 1456; baseline -0.002 -16"><span class='ocrx_word' id='word_1_118' title='bbox 135 1385 241 1440; x_wconf 87' lang='lat' dir='ltr'><strong>iestum</strong></span> <span class='ocrx_word' id='word_1_119' title='bbox 264 1391 313 1438; x_wconf 90' lang='lat' dir='ltr'><strong>est.</strong></span> <span class='ocrx_word' id='word_1_120' title='bbox 360 1391 387 1438; x_wconf 91' lang='lat' dir='ltr'><strong>et</strong></span> <span class='ocrx_word' id='word_1_121' title='bbox 402 1383 465 1440; x_wconf 94' lang='lat' dir='ltr'><strong>ideo</strong></span> <span class='ocrx_word' id='word_1_122' title='bbox 481 1384 607 1456; x_wconf 88' lang='lat' dir='ltr'><strong>superius</strong></span> <span class='ocrx_word' id='word_1_123' title='bbox 623 1382 795 1455; x_wconf 82' lang='lat' dir='ltr'><strong>rettulimus,</strong></span> <span class='ocrx_word' id='word_1_124' title='bbox 819 1381 978 1456; x_wconf 90' lang='lat' dir='ltr'><strong>quibusdam</strong></span> <span class='ocrx_word' id='word_1_125' title='bbox 995 1381 1101 1439; x_wconf 86' lang='lat' dir='ltr'><strong>casibus</strong></span> 
     </span>
     <span class='ocr_line' id='line_1_15' title="bbox 135 1468 1103 1543; baseline -0.001 -20"><span class='ocrx_word' id='word_1_126' title='bbox 135 1485 190 1543; x_wconf 92' lang='lat' dir='ltr'><strong>per</strong></span> <span class='ocrx_word' id='word_1_127' title='bbox 210 1483 327 1522; x_wconf 83' lang='lat' dir='ltr'><strong>errorem</strong></span> <span class='ocrx_word' id='word_1_128' title='bbox 349 1484 404 1523; x_wconf 90' lang='lat' dir='ltr'><strong>non</strong></span> <span class='ocrx_word' id='word_1_129' title='bbox 426 1469 499 1524; x_wconf 89' lang='lat' dir='ltr'><strong>iusto</strong></span> <span class='ocrx_word' id='word_1_130' title='bbox 522 1474 663 1524; x_wconf 89' lang='lat' dir='ltr'><strong>contracto</strong></span> <span class='ocrx_word' id='word_1_131' title='bbox 684 1468 854 1524; x_wconf 89' lang='lat' dir='ltr'><strong>matrimonio</strong></span> <span class='ocrx_word' id='word_1_132' title='bbox 875 1477 998 1524; x_wconf 89' lang='lat' dir='ltr'><strong>senatum</strong></span> <span class='ocrx_word' id='word_1_133' title='bbox 1019 1469 1103 1524; x_wconf 92' lang='lat' dir='ltr'><strong>inter·</strong></span> 
     </span>
     <span class='ocr_line' id='line_1_16' title="bbox 136 1552 1103 1626; baseline -0.002 -17"><span class='ocrx_word' id='word_1_134' title='bbox 136 1553 234 1609; x_wconf 87' lang='lat' dir='ltr'><strong>uenire</strong></span> <span class='ocrx_word' id='word_1_135' title='bbox 256 1558 283 1606; x_wconf 86' lang='lat' dir='ltr'><strong>et</strong></span> <span class='ocrx_word' id='word_1_136' title='bbox 304 1552 447 1608; x_wconf 88' lang='lat' dir='ltr'><strong>emendare</strong></span> <span class='ocrx_word' id='word_1_137' title='bbox 469 1554 566 1608; x_wconf 90' lang='lat' dir='ltr'><strong>uitium</strong></span> <span class='ocrx_word' id='word_1_138' title='bbox 582 1553 756 1623; x_wconf 89' lang='lat' dir='ltr'><strong>matrimonii,</strong></span> <span class='ocrx_word' id='word_1_139' title='bbox 772 1569 859 1626; x_wconf 86' lang='lat' dir='ltr'><strong>eoque</strong></span> <span class='ocrx_word' id='word_1_140' title='bbox 874 1552 956 1608; x_wconf 90' lang='lat' dir='ltr'><strong>modo</strong></span> <span class='ocrx_word' id='word_1_141' title='bbox 974 1552 1103 1626; x_wconf 89' lang='lat' dir='ltr'><strong>’plerum-</strong></span> 
     </span>
     <span class='ocr_line' id='line_1_17' title="bbox 133 1629 1102 1711; baseline -0.002 -19"><span class='ocrx_word' id='word_1_142' title='bbox 133 1629 208 1711; x_wconf 88' lang='lat' dir='ltr'><strong>que¹</strong></span> <span class='ocrx_word' id='word_1_143' title='bbox 226 1633 342 1707; x_wconf 82' lang='lat' dir='ltr'><strong>efficere,</strong></span> <span class='ocrx_word' id='word_1_144' title='bbox 359 1638 433 1692; x_wconf 91' lang='lat' dir='ltr'><strong>utin</strong></span> <span class='ocrx_word' id='word_1_145' title='bbox 449 1643 612 1711; x_wconf 87' lang='lat' dir='ltr'><strong>potestatem</strong></span> <span class='ocrx_word' id='word_1_146' title='bbox 626 1639 711 1710; x_wconf 89' lang='lat' dir='ltr'><strong>patris</strong></span> <span class='ocrx_word' id='word_1_147' title='bbox 723 1635 794 1693; x_wconf 91' lang='lat' dir='ltr'><strong>filius</strong></span> <span class='ocrx_word' id='word_1_148' title='bbox 809 1637 958 1710; x_wconf 76' lang='lat' dir='ltr'><strong>redigatur.</strong></span> <span class='ocrx_word' id='word_1_149' title='bbox 983 1635 1032 1696; x_wconf 82' lang='grc'><strong>88,</strong></span> <span class='ocrx_word' id='word_1_150' title='bbox 1049 1635 1102 1692; x_wconf 87' lang='lat' dir='ltr'><strong>Sed</strong></span> 
     </span>
     <span class='ocr_line' id='line_1_18' title="bbox 132 1721 1101 1794; baseline -0.005 -16"><span class='ocrx_word' id='word_1_151' title='bbox 132 1724 156 1778; x_wconf 89' lang='lat' dir='ltr'><strong>si</strong></span> <span class='ocrx_word' id='word_1_152' title='bbox 173 1721 271 1776; x_wconf 89' lang='lat' dir='ltr'><strong>ancilla</strong></span> <span class='ocrx_word' id='word_1_153' title='bbox 286 1737 319 1776; x_wconf 80' lang='lat' dir='ltr'><strong>en</strong></span> <span class='ocrx_word' id='word_1_154' title='bbox 335 1721 393 1776; x_wconf 91' lang='lat' dir='ltr'><strong>ciue</strong></span> <span class='ocrx_word' id='word_1_155' title='bbox 408 1722 530 1779; x_wconf 84' lang='lat' dir='ltr'><strong>Romano</strong></span> <span class='ocrx_word' id='word_1_156' title='bbox 552 1723 717 1794; x_wconf 86' lang='lat' dir='ltr'><strong>conceperit,</strong></span> <span class='ocrx_word' id='word_1_157' title='bbox 739 1721 835 1778; x_wconf 88' lang='lat' dir='ltr'><strong>deinde</strong></span> <span class='ocrx_word' id='word_1_158' title='bbox 856 1723 1018 1776; x_wconf 86' lang='lat' dir='ltr'><strong>manumissa</strong></span> <span class='ocrx_word' id='word_1_159' title='bbox 1034 1721 1101 1777; x_wconf 91' lang='lat' dir='ltr'><strong>ciuis</strong></span> 
     </span>
     <span class='ocr_line' id='line_1_19' title="bbox 132 1803 1103 1879; baseline -0.007 -15"><span class='ocrx_word' id='word_1_160' title='bbox 132 1807 254 1864; x_wconf 86' lang='lat' dir='ltr'><strong>Romana</strong></span> <span class='ocrx_word' id='word_1_161' title='bbox 276 1803 344 1860; x_wconf 87' lang='lat' dir='ltr'><strong>iacta</strong></span> <span class='ocrx_word' id='word_1_162' title='bbox 360 1807 406 1878; x_wconf 93' lang='lat' dir='ltr'><strong>sit,</strong></span> <span class='ocrx_word' id='word_1_163' title='bbox 429 1816 457 1863; x_wconf 91' lang='lat' dir='ltr'><strong>et</strong></span> <span class='ocrx_word' id='word_1_164' title='bbox 472 1815 537 1862; x_wconf 92' lang='lat' dir='ltr'><strong>tunc</strong></span> <span class='ocrx_word' id='word_1_165' title='bbox 551 1807 647 1879; x_wconf 89' lang='lat' dir='ltr'><strong>pariat,</strong></span> <span class='ocrx_word' id='word_1_166' title='bbox 669 1805 734 1862; x_wconf 90' lang='lat' dir='ltr'><strong>licet</strong></span> <span class='ocrx_word' id='word_1_167' title='bbox 756 1807 824 1862; x_wconf 83' lang='lat' dir='ltr'><strong>ciuis</strong></span> <span class='ocrx_word' id='word_1_168' title='bbox 839 1806 975 1862; x_wconf 85' lang='lat' dir='ltr'><strong>Romanus</strong></span> <span class='ocrx_word' id='word_1_169' title='bbox 998 1807 1033 1860; x_wconf 92' lang='lat' dir='ltr'><strong>sit</strong></span> <span class='ocrx_word' id='word_1_170' title='bbox 1056 1805 1103 1876; x_wconf 86' lang='lat' dir='ltr'><strong>qui</strong></span> 
     </span>
     <span class='ocr_line' id='line_1_20' title="bbox 132 1881 1157 1966; baseline -0.001 -18"><span class='ocrx_word' id='word_1_171' title='bbox 132 1892 269 1962; x_wconf 89' lang='lat' dir='ltr'><strong>nascitur,</strong></span> <span class='ocrx_word' id='word_1_172' title='bbox 289 1881 295 1966; x_wconf 87' lang='grc' dir='ltr'>Ι</span> <span class='ocrx_word' id='word_1_173' title='bbox 314 1890 384 1945; x_wconf 88' lang='lat' dir='ltr'><strong>sicut</strong></span> <span class='ocrx_word' id='word_1_174' title='bbox 398 1899 476 1964; x_wconf 89' lang='lat' dir='ltr'><strong>pater</strong></span> <span class='ocrx_word' id='word_1_175' title='bbox 492 1891 560 1960; x_wconf 87' lang='lat' dir='ltr'><strong>eius,</strong></span> <span class='ocrx_word' id='word_1_176' title='bbox 575 1905 631 1944; x_wconf 88' lang='lat' dir='ltr'><strong>non</strong></span> <span class='ocrx_word' id='word_1_177' title='bbox 647 1891 781 1946; x_wconf 86' lang='lat' dir='ltr'><strong>tamenin</strong></span> <span class='ocrx_word' id='word_1_178' title='bbox 796 1897 932 1962; x_wconf 84' lang='lat' dir='ltr'><strong>potestate</strong></span> <span class='ocrx_word' id='word_1_179' title='bbox 947 1889 1032 1960; x_wconf 90' lang='lat' dir='ltr'><strong>patris</strong></span> <span class='ocrx_word' id='word_1_180' title='bbox 1048 1896 1101 1956; x_wconf 89' lang='lat' dir='ltr'><strong>est,</strong></span> <span class='ocrx_word' id='word_1_181' title='bbox 1115 1896 1157 1948; x_wconf 77' lang='lat'><strong>24.</strong></span> 
     </span>
     <span class='ocr_line' id='line_1_21' title="bbox 134 1970 1102 2050; baseline -0.005 -19"><span class='ocrx_word' id='word_1_182' title='bbox 134 1978 202 2050; x_wconf 88' lang='lat' dir='ltr'><strong>quia</strong></span> <span class='ocrx_word' id='word_1_183' title='bbox 228 1990 318 2048; x_wconf 88' lang='lat' dir='ltr'><strong>neque</strong></span> <span class='ocrx_word' id='word_1_184' title='bbox 347 1991 379 2029; x_wconf 80' lang='lat' dir='ltr'><strong>er</strong></span> <span class='ocrx_word' id='word_1_185' title='bbox 402 1976 475 2048; x_wconf 88' lang='lat' dir='ltr'><strong>iusto</strong></span> <span class='ocrx_word' id='word_1_186' title='bbox 503 1976 579 2030; x_wconf 93' lang='lat' dir='ltr'><strong>coitu</strong></span> <span class='ocrx_word' id='word_1_187' title='bbox 608 1981 755 2046; x_wconf 90' lang='lat' dir='ltr'><strong>conceptus</strong></span> <span class='ocrx_word' id='word_1_188' title='bbox 786 1982 844 2045; x_wconf 91' lang='lat' dir='ltr'><strong>est,</strong></span> <span class='ocrx_word' id='word_1_189' title='bbox 874 1988 962 2045; x_wconf 86' lang='lat' dir='ltr'><strong>neque</strong></span> <span class='ocrx_word' id='word_1_190' title='bbox 991 1989 1023 2027; x_wconf 84' lang='lat' dir='ltr'><strong>ex</strong></span> <span class='ocrx_word' id='word_1_191' title='bbox 1046 1970 1102 2026; x_wconf 91' lang='lat' dir='ltr'><strong>uilo</strong></span> 
     </span>
     <span class='ocr_line' id='line_1_22' title="bbox 132 2058 960 2132; baseline -0.005 -16"><span class='ocrx_word' id='word_1_192' title='bbox 132 2058 376 2117; x_wconf 88' lang='lat' dir='ltr'><strong>senatusconsulto</strong></span> <span class='ocrx_word' id='word_1_193' title='bbox 394 2060 454 2116; x_wconf 86' lang='lat' dir='ltr'><strong>talis</strong></span> <span class='ocrx_word' id='word_1_194' title='bbox 470 2061 558 2116; x_wconf 90' lang='lat' dir='ltr'><strong>coitus</strong></span> <span class='ocrx_word' id='word_1_195' title='bbox 575 2059 652 2132; x_wconf 88' lang='lat' dir='ltr'><strong>quasi</strong></span> <span class='ocrx_word' id='word_1_196' title='bbox 667 2059 756 2113; x_wconf 87' lang='lat' dir='ltr'><strong>iustus</strong></span> <span class='ocrx_word' id='word_1_197' title='bbox 772 2058 960 2114; x_wconf 86' lang='lat' dir='ltr'><strong>constituitur.</strong></span> 
     </span>
    </p>

    <p class='ocr_par' dir='ltr' id='par_1_4' title="bbox 133 2139 1103 2555">
     <span class='ocr_line' id='line_1_23' title="bbox 199 2139 1103 2216; baseline -0.006 -16"><span class='ocrx_word' id='word_1_198' title='bbox 199 2139 346 2210; x_wconf 73' lang='grc'><strong>990111</strong></span> <span class='ocrx_word' id='word_1_199' title='bbox 367 2153 455 2200; x_wconf 88' lang='lat' dir='ltr'><strong>autem</strong></span> <span class='ocrx_word' id='word_1_200' title='bbox 477 2143 594 2216; x_wconf 87' lang='lat' dir='ltr'><strong>placuit,</strong></span> <span class='ocrx_word' id='word_1_201' title='bbox 617 2144 640 2198; x_wconf 92' lang='lat' dir='ltr'><strong>si</strong></span> <span class='ocrx_word' id='word_1_202' title='bbox 661 2142 757 2198; x_wconf 87' lang='lat' dir='ltr'><strong>anciila</strong></span> <span class='ocrx_word' id='word_1_203' title='bbox 774 2159 806 2198; x_wconf 84' lang='lat' dir='ltr'><strong>ex</strong></span> <span class='ocrx_word' id='word_1_204' title='bbox 828 2143 888 2199; x_wconf 91' lang='lat' dir='ltr'><strong>ciue</strong></span> <span class='ocrx_word' id='word_1_205' title='bbox 902 2140 1023 2197; x_wconf 86' lang='lat' dir='ltr'><strong>Romano</strong></span> <span class='ocrx_word' id='word_1_206' title='bbox 1039 2155 1103 2196; x_wconf 90' lang='lat' dir='ltr'><strong>con·</strong></span> 
     </span>
     <span class='ocr_line' id='line_1_24' title="bbox 134 2224 1102 2302; baseline -0.006 -16"><span class='ocrx_word' id='word_1_207' title='bbox 134 2231 253 2302; x_wconf 90' lang='lat' dir='ltr'><strong>ceperit,</strong></span> <span class='ocrx_word' id='word_1_208' title='bbox 277 2227 374 2283; x_wconf 88' lang='lat' dir='ltr'><strong>deinde</strong></span> <span class='ocrx_word' id='word_1_209' title='bbox 394 2230 556 2284; x_wconf 87' lang='lat' dir='ltr'><strong>manumissa</strong></span> <span class='ocrx_word' id='word_1_210' title='bbox 575 2228 727 2301; x_wconf 86' lang='lat' dir='ltr'><strong>pepererit,</strong></span> <span class='ocrx_word' id='word_1_211' title='bbox 749 2228 795 2300; x_wconf 90' lang='lat' dir='ltr'><strong>qui</strong></span> <span class='ocrx_word' id='word_1_212' title='bbox 823 2225 957 2295; x_wconf 91' lang='lat' dir='ltr'><strong>nascitur,</strong></span> <span class='ocrx_word' id='word_1_213' title='bbox 989 2224 1102 2286; x_wconf 89' lang='lat' dir='ltr'><strong>liberum</strong></span> 
     </span>
     <span class='ocr_line' id='line_1_25' title="bbox 133 2310 1102 2386; baseline -0.003 -18"><span class='ocrx_word' id='word_1_214' title='bbox 133 2315 219 2384; x_wconf 88' lang='lat' dir='ltr'><strong>nasci,</strong></span> <span class='ocrx_word' id='word_1_215' title='bbox 238 2310 384 2386; x_wconf 84' lang='lat' dir='ltr'><strong>(nc)turali</strong></span> <span class='ocrx_word' id='word_1_216' title='bbox 400 2315 506 2370; x_wconf 91' lang='lat' dir='ltr'><strong>ratione</strong></span> <span class='ocrx_word' id='word_1_217' title='bbox 521 2310 568 2381; x_wconf 83' lang='lat' dir='ltr'><strong>iit3</strong></span> <span class='ocrx_word' id='word_1_218' title='bbox 587 2329 645 2368; x_wconf 90' lang='lat' dir='ltr'><strong>nam</strong></span> <span class='ocrx_word' id='word_1_219' title='bbox 661 2312 704 2382; x_wconf 93' lang='lat' dir='ltr'><strong>hi,</strong></span> <span class='ocrx_word' id='word_1_220' title='bbox 727 2313 774 2385; x_wconf 93' lang='lat' dir='ltr'><strong>qui</strong></span> <span class='ocrx_word' id='word_1_221' title='bbox 788 2311 930 2384; x_wconf 81' lang='lat' dir='ltr'><strong>illegitime</strong></span> <span class='ocrx_word' id='word_1_222' title='bbox 946 2311 1102 2384; x_wconf 90' lang='lat' dir='ltr'><strong>concipiun-</strong></span> 
     </span>
     <span class='ocr_line' id='line_1_26' title="bbox 133 2395 1102 2470; baseline -0.007 -15"><span class='ocrx_word' id='word_1_223' title='bbox 133 2407 192 2468; x_wconf 89' lang='lat' dir='ltr'><strong>tur,</strong></span> <span class='ocrx_word' id='word_1_224' title='bbox 207 2405 308 2452; x_wconf 90' lang='lat' dir='ltr'><strong>statum</strong></span> <span class='ocrx_word' id='word_1_225' title='bbox 325 2407 483 2454; x_wconf 75' lang='lat' dir='ltr'><strong>sumentes</strong></span> <span class='ocrx_word' id='word_1_226' title='bbox 499 2413 532 2453; x_wconf 90' lang='lat' dir='ltr'><strong>eo</strong></span> <span class='ocrx_word' id='word_1_227' title='bbox 554 2405 693 2470; x_wconf 88' lang='lat' dir='ltr'><strong>tempore,</strong></span> <span class='ocrx_word' id='word_1_228' title='bbox 714 2413 768 2470; x_wconf 91' lang='lat' dir='ltr'><strong>quo</strong></span> <span class='ocrx_word' id='word_1_229' title='bbox 784 2404 948 2470; x_wconf 82' lang='lat' dir='ltr'><strong>nascuntur3</strong></span> <span class='ocrx_word' id='word_1_230' title='bbox 969 2396 1061 2468; x_wconf 85' lang='lat' dir='ltr'><strong>itaque</strong></span> <span class='ocrx_word' id='word_1_231' title='bbox 1079 2395 1102 2449; x_wconf 91' lang='lat' dir='ltr'><strong>si</strong></span> 
     </span>
     <span class='ocr_line' id='line_1_27' title="bbox 134 2479 1103 2555; baseline -0.007 -16"><span class='ocrx_word' id='word_1_232' title='bbox 134 2499 168 2539; x_wconf 83' lang='lat' dir='ltr'><strong>ex</strong></span> <span class='ocrx_word' id='word_1_233' title='bbox 184 2481 268 2537; x_wconf 87' lang='lat' dir='ltr'><strong>libera</strong></span> <span class='ocrx_word' id='word_1_234' title='bbox 284 2489 444 2555; x_wconf 87' lang='lat' dir='ltr'><strong>nascuntur,</strong></span> <span class='ocrx_word' id='word_1_235' title='bbox 466 2480 543 2538; x_wconf 88' lang='lat' dir='ltr'><strong>liberi</strong></span> <span class='ocrx_word' id='word_1_236' title='bbox 565 2479 643 2552; x_wconf 87' lang='lat' dir='ltr'><strong>fiunt,</strong></span> <span class='ocrx_word' id='word_1_237' title='bbox 665 2496 715 2536; x_wconf 89' lang='lat' dir='ltr'><strong>nec</strong></span> <span class='ocrx_word' id='word_1_238' title='bbox 731 2483 860 2551; x_wconf 88' lang='lat' dir='ltr'><strong>interest,</strong></span> <span class='ocrx_word' id='word_1_239' title='bbox 883 2496 915 2534; x_wconf 81' lang='lat' dir='ltr'><strong>ex</strong></span> <span class='ocrx_word' id='word_1_240' title='bbox 939 2497 993 2553; x_wconf 91' lang='lat' dir='ltr'><strong>quo</strong></span> <span class='ocrx_word' id='word_1_241' title='bbox 1016 2487 1103 2536; x_wconf 91' lang='lat' dir='ltr'><strong>mater</strong></span> 
     </span>
    </p>

    <p class='ocr_par' dir='ltr' id='par_1_5' title="bbox 65 2564 1102 3146">
     <span class='ocr_line' id='line_1_28' title="bbox 65 2564 1102 2638; baseline -0.001 -19"><span class='ocrx_word' id='word_1_242' title='bbox 65 2578 119 2633; x_wconf 80' lang='lat' dir='ltr'><strong>{sss}</strong></span> <span class='ocrx_word' id='word_1_243' title='bbox 135 2583 186 2622; x_wconf 90' lang='lat' dir='ltr'><strong>eos</strong></span> <span class='ocrx_word' id='word_1_244' title='bbox 202 2567 368 2638; x_wconf 87' lang='lat' dir='ltr'><strong>conceperit,</strong></span> <span class='ocrx_word' id='word_1_245' title='bbox 390 2584 451 2622; x_wconf 91' lang='lat' dir='ltr'><strong>cum</strong></span> <span class='ocrx_word' id='word_1_246' title='bbox 472 2566 568 2622; x_wconf 84' lang='lat' dir='ltr'><strong>anciila</strong></span> <span class='ocrx_word' id='word_1_247' title='bbox 589 2565 684 2620; x_wconf 88' lang='lat' dir='ltr'><strong>inerit:</strong></span> <span class='ocrx_word' id='word_1_248' title='bbox 706 2575 732 2620; x_wconf 92' lang='lat' dir='ltr'><strong>at</strong></span> <span class='ocrx_word' id='word_1_249' title='bbox 747 2566 785 2636; x_wconf 90' lang='lat' dir='ltr'><strong>bi,</strong></span> <span class='ocrx_word' id='word_1_250' title='bbox 808 2567 854 2638; x_wconf 88' lang='lat' dir='ltr'><strong>qui</strong></span> <span class='ocrx_word' id='word_1_251' title='bbox 874 2564 995 2638; x_wconf 85' lang='lat' dir='ltr'><strong>legitime</strong></span> <span class='ocrx_word' id='word_1_252' title='bbox 1013 2565 1102 2620; x_wconf 90' lang='lat' dir='ltr'><strong>conci·</strong></span> 
     </span>
     <span class='ocr_line' id='line_1_29' title="bbox 131 2643 1102 2726; baseline -0.004 -20"><span class='ocrx_word' id='word_1_253' title='bbox 131 2652 257 2726; x_wconf 85' lang='lat' dir='ltr'><strong>piantur,</strong></span> <span class='ocrx_word' id='word_1_254' title='bbox 274 2665 305 2706; x_wconf 84' lang='lat' dir='ltr'><strong>ex</strong></span> <span class='ocrx_word' id='word_1_255' title='bbox 321 2652 506 2724; x_wconf 89' lang='lat' dir='ltr'><strong>conceptionis</strong></span> <span class='ocrx_word' id='word_1_256' title='bbox 522 2658 645 2723; x_wconf 89' lang='lat' dir='ltr'><strong>tempore</strong></span> <span class='ocrx_word' id='word_1_257' title='bbox 665 2658 768 2705; x_wconf 84' lang='lat' dir='ltr'><strong>statum</strong></span> <span class='ocrx_word' id='word_1_258' title='bbox 783 2657 903 2704; x_wconf 90' lang='lat' dir='ltr'><strong>sumunt.</strong></span> <span class='ocrx_word' id='word_1_259' title='bbox 941 2643 992 2710; x_wconf 85' lang='grc'><strong>90,</strong></span> <span class='ocrx_word' id='word_1_260' title='bbox 1009 2647 1102 2720; x_wconf 90' lang='lat' dir='ltr'><strong>ltaque</strong></span> 
     </span>
     <span class='ocr_line' id='line_1_30' title="bbox 131 2733 1101 2808; baseline -0.003 -17"><span class='ocrx_word' id='word_1_261' title='bbox 131 2737 156 2791; x_wconf 90' lang='lat' dir='ltr'><strong>si</strong></span> <span class='ocrx_word' id='word_1_262' title='bbox 179 2739 226 2791; x_wconf 85' lang='lat' dir='ltr'><strong>cui</strong></span> <span class='ocrx_word' id='word_1_263' title='bbox 245 2733 352 2790; x_wconf 86' lang='lat' dir='ltr'><strong>mulieri</strong></span> <span class='ocrx_word' id='word_1_264' title='bbox 378 2737 432 2791; x_wconf 90' lang='lat' dir='ltr'><strong>ciui</strong></span> <span class='ocrx_word' id='word_1_265' title='bbox 454 2736 588 2792; x_wconf 86' lang='lat' dir='ltr'><strong>Romanae</strong></span> <span class='ocrx_word' id='word_1_266' title='bbox 611 2737 772 2808; x_wconf 77' lang='lat' dir='ltr'><strong>praegnanti</strong></span> <span class='ocrx_word' id='word_1_267' title='bbox 794 2749 862 2806; x_wconf 88' lang='lat' dir='ltr'><strong>aqua</strong></span> <span class='ocrx_word' id='word_1_268' title='bbox 885 2741 913 2788; x_wconf 88' lang='lat' dir='ltr'><strong>ct</strong></span> <span class='ocrx_word' id='word_1_269' title='bbox 939 2733 996 2807; x_wconf 88' lang='lat' dir='ltr'><strong>igni</strong></span> <span class='ocrx_word' id='word_1_270' title='bbox 1018 2735 1101 2788; x_wconf 87' lang='lat' dir='ltr'><strong>intor-</strong></span> 
     </span>
     <span class='ocr_line' id='line_1_31' title="bbox 131 2811 1100 2893; baseline -0.004 -18"><span class='ocrx_word' id='word_1_271' title='bbox 131 2820 235 2875; x_wconf 90' lang='lat' dir='ltr'><strong>diotum</strong></span> <span class='ocrx_word' id='word_1_272' title='bbox 254 2819 346 2889; x_wconf 87' lang='lat' dir='ltr'><strong>luerit,</strong></span> <span class='ocrx_word' id='word_1_273' title='bbox 362 2835 450 2893; x_wconf 89' lang='lat' dir='ltr'><strong>eoque</strong></span> <span class='ocrx_word' id='word_1_274' title='bbox 466 2818 547 2874; x_wconf 84' lang='lat' dir='ltr'><strong>mocio</strong></span> <span class='ocrx_word' id='word_1_275' title='bbox 563 2820 706 2892; x_wconf 85' lang='lat' dir='ltr'><strong>peregrina</strong></span> <span class='ocrx_word' id='word_1_276' title='bbox 723 2818 807 2875; x_wconf 85' lang='lat' dir='ltr'><strong>’iacta</strong></span> <span class='ocrx_word' id='word_1_277' title='bbox 820 2811 906 2872; x_wconf 81' lang='lat' dir='ltr'><strong>tunc²</strong></span> <span class='ocrx_word' id='word_1_278' title='bbox 922 2818 1019 2889; x_wconf 89' lang='lat' dir='ltr'><strong>pariat,</strong></span> <span class='ocrx_word' id='word_1_279' title='bbox 1036 2833 1100 2874; x_wconf 92' lang='lat' dir='ltr'><strong>con·</strong></span> 
     </span>
     <span class='ocr_line' id='line_1_32' title="bbox 131 2893 1100 2978; baseline -0.003 -19"><span class='ocrx_word' id='word_1_280' title='bbox 131 2904 228 2978; x_wconf 93' lang='lat' dir='ltr'><strong>plures</strong></span> <span class='ocrx_word' id='word_1_281' title='bbox 244 2903 420 2977; x_wconf 86' lang='lat' dir='ltr'><strong>distinguunt</strong></span> <span class='ocrx_word' id='word_1_282' title='bbox 435 2913 463 2960; x_wconf 93' lang='lat' dir='ltr'><strong>et</strong></span> <span class='ocrx_word' id='word_1_283' title='bbox 478 2912 586 2977; x_wconf 82' lang='lat' dir='ltr'><strong>putant,</strong></span> <span class='ocrx_word' id='word_1_284' title='bbox 608 2906 631 2958; x_wconf 89' lang='lat' dir='ltr'><strong>si</strong></span> <span class='ocrx_word' id='word_1_285' title='bbox 648 2903 754 2977; x_wconf 90' lang='lat' dir='ltr'><strong>quidem</strong></span> <span class='ocrx_word' id='word_1_286' title='bbox 771 2919 802 2958; x_wconf 86' lang='lat' dir='ltr'><strong>ex</strong></span> <span class='ocrx_word' id='word_1_287' title='bbox 818 2903 897 2957; x_wconf 87' lang='lat' dir='ltr'><strong>iustis</strong></span> <span class='ocrx_word' id='word_1_288' title='bbox 915 2905 1018 2975; x_wconf 90' lang='lat' dir='ltr'><strong>nuptiis</strong></span> <span class='ocrx_word' id='word_1_289' title='bbox 1035 2893 1100 2959; x_wconf 87' lang='lat' dir='ltr'><strong>con·</strong></span> 
     </span>
     <span class='ocr_line' id='line_1_33' title="bbox 131 2985 1100 3061; baseline -0.004 -17"><span class='ocrx_word' id='word_1_290' title='bbox 131 2989 247 3061; x_wconf 85' lang='lat' dir='ltr'><strong>ceperit,</strong></span> <span class='ocrx_word' id='word_1_291' title='bbox 265 2990 351 3043; x_wconf 91' lang='lat' dir='ltr'><strong>ciuem</strong></span> <span class='ocrx_word' id='word_1_292' title='bbox 367 2989 515 3044; x_wconf 87' lang='lat' dir='ltr'><strong>Romanum</strong></span> <span class='ocrx_word' id='word_1_293' title='bbox 533 3004 565 3042; x_wconf 83' lang='lat' dir='ltr'><strong>er</strong></span> <span class='ocrx_word' id='word_1_294' title='bbox 577 3004 608 3044; x_wconf 87' lang='lat' dir='ltr'><strong>ea</strong></span> <span class='ocrx_word' id='word_1_295' title='bbox 620 2989 704 3058; x_wconf 90' lang='lat' dir='ltr'><strong>nasci,</strong></span> <span class='ocrx_word' id='word_1_296' title='bbox 719 2987 742 3042; x_wconf 90' lang='lat' dir='ltr'><strong>si</strong></span> <span class='ocrx_word' id='word_1_297' title='bbox 755 3002 820 3042; x_wconf 89' lang='lat' dir='ltr'><strong>uero</strong></span> <span class='ocrx_word' id='word_1_298' title='bbox 832 2985 917 3059; x_wconf 91' lang='lat' dir='ltr'><strong>uolgo</strong></span> <span class='ocrx_word' id='word_1_299' title='bbox 933 2987 1100 3060; x_wconf 88' lang='lat' dir='ltr'><strong>conceperit,</strong></span> 
     </span>
     <span class='ocr_line' id='line_1_34' title="bbox 130 3067 1100 3146; baseline -0.002 -18"><span class='ocrx_word' id='word_1_300' title='bbox 130 3074 307 3146; x_wconf 88' lang='lat' dir='ltr'><strong>peregrinum</strong></span> <span class='ocrx_word' id='word_1_301' title='bbox 324 3087 356 3126; x_wconf 82' lang='lat' dir='ltr'><strong>en</strong></span> <span class='ocrx_word' id='word_1_302' title='bbox 372 3090 402 3128; x_wconf 85' lang='lat' dir='ltr'><strong>ea</strong></span> <span class='ocrx_word' id='word_1_303' title='bbox 418 3074 500 3129; x_wconf 89' lang='lat' dir='ltr'><strong>nasci.</strong></span> <span class='ocrx_word' id='word_1_304' title='bbox 536 3067 581 3128; x_wconf 84' lang='lat' dir='ltr'><strong>ol.</strong></span> <span class='ocrx_word' id='word_1_305' title='bbox 598 3071 664 3128; x_wconf 91' lang='lat' dir='ltr'><strong>item</strong></span> <span class='ocrx_word' id='word_1_306' title='bbox 679 3074 702 3128; x_wconf 93' lang='lat' dir='ltr'><strong>si</strong></span> <span class='ocrx_word' id='word_1_307' title='bbox 720 3087 772 3145; x_wconf 88' lang='lat' dir='ltr'><strong>qua</strong></span> <span class='ocrx_word' id='word_1_308' title='bbox 788 3071 886 3126; x_wconf 86' lang='lat' dir='ltr'><strong>mulier</strong></span> <span class='ocrx_word' id='word_1_309' title='bbox 901 3072 967 3127; x_wconf 90' lang='lat' dir='ltr'><strong>ciuis</strong></span> <span class='ocrx_word' id='word_1_310' title='bbox 982 3071 1100 3128; x_wconf 83' lang='lat' dir='ltr'><strong>Romana</strong></span> 
     </span>
    </p>
   </div>
   <div class='ocr_carea' id='block_1_3' title="bbox 124 3201 1099 3342">
    <p class='ocr_par' dir='ltr' id='par_1_6' title="bbox 124 3201 1099 3342">
     <span class='ocr_line' id='line_1_35' title="bbox 206 3201 1099 3272; baseline -0.003 -17"><span class='ocrx_word' id='word_1_311' title='bbox 206 3202 228 3272; x_wconf 91' lang='lat'><strong>1)</strong></span> <span class='ocrx_word' id='word_1_312' title='bbox 245 3206 283 3269; x_wconf 82' lang='lat' dir='ltr'><strong>Os.</strong></span> <span class='ocrx_word' id='word_1_313' title='bbox 299 3208 322 3267; x_wconf 69' lang='grc' dir='ltr'><strong>ἓ.</strong></span> <span class='ocrx_word' id='word_1_314' title='bbox 337 3218 372 3258; x_wconf 77' lang='lat' dir='ltr'><strong>os.</strong></span> <span class='ocrx_word' id='word_1_315' title='bbox 425 3202 447 3271; x_wconf 86' lang='lat'><strong>¹)</strong></span> <span class='ocrx_word' id='word_1_316' title='bbox 462 3205 507 3254; x_wconf 78' lang='lat' dir='ltr'><strong>Ex</strong></span> <span class='ocrx_word' id='word_1_317' title='bbox 522 3201 741 3270; x_wconf 62' lang='lat' dir='ltr'><strong>Vttstcfccittcs</strong></span> <span class='ocrx_word' id='word_1_318' title='bbox 755 3207 858 3271; x_wconf 74' lang='lat' dir='ltr'><strong>legitur.</strong></span> <span class='ocrx_word' id='word_1_319' title='bbox 883 3205 924 3253; x_wconf 87' lang='lat' dir='ltr'><strong>liat</strong></span> <span class='ocrx_word' id='word_1_320' title='bbox 938 3205 1099 3254; x_wconf 81' lang='lat' dir='ltr'><strong>ettnncedd.</strong></span> 
     </span>
     <span class='ocr_line' id='line_1_36' title="bbox 124 3279 219 3342; baseline 0.024 -18"><span class='ocrx_word' id='word_1_321' title='bbox 124 3279 219 3342; x_wconf 80' lang='lat' dir='ltr'><strong>prior.</strong></span> 
     </span>
    </p>
   </div>
   <div class='ocr_carea' id='block_1_4' title="bbox 127 3379 1099 3664">
    <p class='ocr_par' dir='ltr' id='par_1_7' title="bbox 127 3379 1099 3664">
     <span class='ocr_line' id='line_1_37' title="bbox 203 3379 1099 3451; baseline -0.025 -1"><span class='ocrx_word' id='word_1_322' title='bbox 203 3380 288 3450; x_wconf 79' lang='lat'><strong>§8⁷·</strong></span> <span class='ocrx_word' id='word_1_323' title='bbox 310 3385 403 3447; x_wconf 74' lang='lat' dir='ltr'><strong>Of-cs</strong></span> <span class='ocrx_word' id='word_1_324' title='bbox 419 3395 511 3448; x_wconf 77' lang='lat' dir='ltr'><strong>etseq</strong></span> <span class='ocrx_word' id='word_1_325' title='bbox 576 3379 654 3451; x_wconf 78' lang='lat' dir='ltr'><strong>§..oe</strong></span> <span class='ocrx_word' id='word_1_326' title='bbox 672 3384 753 3447; x_wconf 65' lang='lat' dir='ltr'><strong>ofin.</strong></span> <span class='ocrx_word' id='word_1_327' title='bbox 767 3395 803 3434; x_wconf 72' lang='lat' dir='ltr'><strong>sc.</strong></span> <span class='ocrx_word' id='word_1_328' title='bbox 822 3383 855 3431; x_wconf 86' lang='lat' dir='ltr'><strong>o</strong></span> <span class='ocrx_word' id='word_1_329' title='bbox 870 3384 901 3432; x_wconf 74' lang='lat' dir='ltr'><strong>ae</strong></span> <span class='ocrx_word' id='word_1_330' title='bbox 916 3382 1003 3443; x_wconf 84' lang='lat' dir='ltr'><strong>adopt</strong></span> <span class='ocrx_word' id='word_1_331' title='bbox 1020 3380 1052 3445; x_wconf 85' lang='lat'><strong>(1,</strong></span> <span class='ocrx_word' id='word_1_332' title='bbox 1067 3380 1099 3441; x_wconf 76' lang='lat' dir='ltr'><strong>a)</strong></span> 
     </span>
     <span class='ocr_line' id='line_1_38' title="bbox 127 3449 1098 3524; baseline -0.009 -18"><span class='ocrx_word' id='word_1_333' title='bbox 127 3451 155 3524; x_wconf 64' lang='grc' dir='ltr'><strong>ξ.</strong></span> <span class='ocrx_word' id='word_1_334' title='bbox 171 3457 216 3505; x_wconf 86' lang='grc'><strong>99.</strong></span> <span class='ocrx_word' id='word_1_335' title='bbox 239 3455 278 3518; x_wconf 76' lang='lat' dir='ltr'><strong>Cf.</strong></span> <span class='ocrx_word' id='word_1_336' title='bbox 297 3454 438 3518; x_wconf 82' lang='lat' dir='ltr'><strong>Utp.1c‚1.o</strong></span> <span class='ocrx_word' id='word_1_337' title='bbox 459 3455 491 3504; x_wconf 86' lang='lat' dir='ltr'><strong>L.</strong></span> <span class='ocrx_word' id='word_1_338' title='bbox 511 3467 544 3506; x_wconf 82' lang='lat' dir='ltr'><strong>ss</strong></span> <span class='ocrx_word' id='word_1_339' title='bbox 564 3467 597 3506; x_wconf 79' lang='lat' dir='ltr'><strong>ea.</strong></span> <span class='ocrx_word' id='word_1_340' title='bbox 617 3456 649 3504; x_wconf 85' lang='grc' dir='ltr'><strong>Ι).</strong></span> <span class='ocrx_word' id='word_1_341' title='bbox 669 3454 871 3506; x_wconf 73' lang='lat' dir='ltr'><strong>destrictam.</strong></span> <span class='ocrx_word' id='word_1_342' title='bbox 891 3451 968 3516; x_wconf 83' lang='lat' dir='ltr'><strong>(1‚c).</strong></span> <span class='ocrx_word' id='word_1_343' title='bbox 992 3449 1098 3510; x_wconf 79' lang='lat' dir='ltr'><strong>Quintil.</strong></span> 
     </span>
     <span class='ocr_line' id='line_1_39' title="bbox 128 3518 1098 3590; baseline -0.023 1"><span class='ocrx_word' id='word_1_344' title='bbox 128 3524 273 3589; x_wconf 65' lang='lat' dir='ltr'><strong>tuac</strong></span> <span class='ocrx_word' id='word_1_345' title='bbox 293 3526 411 3588; x_wconf 66' lang='lat' dir='ltr'><strong>soh</strong></span> <span class='ocrx_word' id='word_1_346' title='bbox 412 3523 903 3589; x_wconf 39' lang='grc' dir='ltr'><strong>ιθηηιιιυ.ααιιιι·ιι,(ιο,)</strong></span> <span class='ocrx_word' id='word_1_347' title='bbox 959 3518 1098 3590; x_wconf 76' lang='lat' dir='ltr'><strong>§..eocf.</strong></span> 
     </span>
     <span class='ocr_line' id='line_1_40' title="bbox 129 3593 1099 3664; baseline -0.018 -5"><span class='ocrx_word' id='word_1_348' title='bbox 129 3599 220 3659; x_wconf 62' lang='grc'><strong>9161·</strong></span> <span class='ocrx_word' id='word_1_349' title='bbox 286 3593 421 3664; x_wconf 79' lang='lat'>§.91</span> <span class='ocrx_word' id='word_1_350' title='bbox 463 3598 536 3659; x_wconf 75' lang='lat' dir='ltr'><strong>§..os</strong></span> <span class='ocrx_word' id='word_1_351' title='bbox 552 3609 599 3648; x_wconf 81' lang='lat' dir='ltr'><strong>seo.</strong></span> <span class='ocrx_word' id='word_1_352' title='bbox 623 3597 678 3661; x_wconf 82' lang='lat' dir='ltr'><strong>Uip.</strong></span> <span class='ocrx_word' id='word_1_353' title='bbox 693 3609 776 3662; x_wconf 88' lang='lat'><strong>11,11</strong></span> <span class='ocrx_word' id='word_1_354' title='bbox 801 3596 876 3644; x_wconf 82' lang='lat' dir='ltr'><strong>Paul</strong></span> <span class='ocrx_word' id='word_1_355' title='bbox 896 3605 917 3656; x_wconf 83' lang='grc'><strong>1,</strong></span> <span class='ocrx_word' id='word_1_356' title='bbox 931 3604 966 3646; x_wconf 83' lang='grc'><strong>11</strong></span> <span class='ocrx_word' id='word_1_357' title='bbox 986 3593 1026 3656; x_wconf 75' lang='grc' dir='ltr'><strong>θθ</strong></span> <span class='ocrx_word' id='word_1_358' title='bbox 1042 3605 1062 3643; x_wconf 84' lang='grc'><strong>1.</strong></span> <span class='ocrx_word' id='word_1_359' title='bbox 1078 3603 1099 3642; x_wconf 86' lang='lat' dir='ltr'><strong>e.</strong></span> 
     </span>
    </p>
   </div>
   <div class='ocr_carea' id='block_1_5' title="bbox 896 3677 946 3730">
    <p class='ocr_par' dir='ltr' id='par_1_8' title="bbox 896 3677 946 3730">
     <span class='ocr_line' id='line_1_41' title="bbox 896 3677 946 3730; baseline 0.02 -1"><span class='ocrx_word' id='word_1_360' title='bbox 896 3677 946 3730; x_wconf 76' lang='grc'><strong>13*</strong></span> 
     </span>
    </p>
   </div>
   <div class='ocr_carea' id='block_1_6' title="bbox 0 0 1344 4116">
    <p class='ocr_par' dir='ltr' id='par_1_9' title="bbox 0 0 1344 4116">
     <span class='ocr_line' id='line_1_42' title="bbox 0 0 1344 4116; baseline 0 0"><span class='ocrx_word' id='word_1_361' title='bbox 0 0 1344 4116; x_wconf 95' lang='lat' dir='ltr'><strong> </strong></span> 
     </span>
    </p>
   </div>
  </div>
 </body>
</html>
