2672 4112
232 245 274 304 56
571 255 598 292 u.
618 255 727 292 rvnruvs
746 254 846 290 cronno.

231 379 275 440 41.
296 381 343 436 sed
358 381 438 436 etiam
449 381 484 452 ei,
497 381 544 455 qui
554 396 631 438 sacro
643 379 874 450 commendatum
892 379 965 455 quod
977 387 1005 438 et
1016 397 1088 438 nuuc
1099 382 1193 448 multis

232 464 262 521 fit
282 464 404 537 insanis,
424 461 472 537 (et)
488 463 637 520 Alexander
655 463 787 520 incilicia
808 463 966 539 deposuisse
982 464 1052 538 apud
1070 465 1192 523 Solensis

231 551 260 606 in
281 547 394 605 delubro
415 547 555 622 pecuniam
577 547 675 603 dicitur
694 557 722 604 et
736 548 907 604 Atheniensis
928 547 1080 605 Clisthenes
1096 549 1193 606 lunoni

231 633 344 702 Samiae,
356 633 423 688 ciuis
438 633 576 706 egregius,
593 647 676 705 quom
690 630 772 688 relus
788 633 895 688 timeret
911 633 977 696 suis,
993 631 1107 688 filiarum
1120 633 1193 691 dotis

232 715 388 773 credidisse.

294 800 348 856 lam
364 799 397 855 de
415 800 550 873 periuriis,
573 797 606 854 de
627 799 733 855 incesto
755 799 822 856 nihil
843 815 907 856 sane
927 799 979 856 hoc
1000 800 1107 872 quidem
1128 799 1193 858 loco

232 882 426 957 disputandum
441 891 492 938 cst.

294 966 376 1023 [tonis
396 967 470 1040 impii
489 981 524 1022 ue
545 965 650 1040 placare
672 965 787 1023 audeant
807 965 890 1036 deos,
912 965 1051 1022 Platonem
1072 967 1194 1040 audiant,

232 1052 278 1126 qui
293 1057 370 1106 uetat
385 1049 518 1121 dubitare,
535 1066 587 1122 qua
601 1051 638 1106 sit
652 1057 742 1106 mente
753 1049 861 1106 iuturus
873 1050 951 1122 deus,
967 1066 1049 1124 quom
1061 1052 1104 1106 uir
1113 1067 1193 1108 nemo

231 1133 318 1191 bonus
333 1133 366 1190 ab
381 1131 496 1208 inprobo
512 1149 541 1190 se
556 1133 650 1189 donari
665 1133 740 1190 uelit.

295 1217 463 1292 Diligentiam
481 1224 609 1274 uotorum
631 1219 694 1272 satis
714 1219 743 1273 in
756 1216 818 1291 lege
833 1217 934 1274 dictum
949 1225 991 1273 est
1005 1210 1056 1274 *aa
1073 1233 1103 1274 ac
1118 1219 1194 1275 uotis

232 1301 355 1376 sponsio,
378 1318 430 1374 qua
453 1300 604 1374 obligamur
625 1301 686 1357 deo.
715 1317 803 1375 poena
825 1316 891 1358 uero
913 1301 1031 1358 uiolatae
1051 1301 1194 1374 religionis

230 1388 330 1442 iustam
350 1386 547 1444 recusationem
567 1401 623 1440 nou
643 1385 733 1442 habet.
770 1385 835 1459 quid
857 1401 910 1460 ego
935 1385 979 1442 hie
997 1385 1194 1442 sceleratorum

231 1478 293 1526 utar
314 1468 453 1542 exemplis,
476 1482 593 1542 quorum
614 1468 709 1542 plenae
731 1467 902 1543 tragoediae?
925 1485 993 1543 quac
1014 1477 1077 1524 ante
1097 1468 1194 1526 oculos

231 1560 307 1623 sunt,
322 1553 456 1624 capotius
470 1552 614 1624 adtingam.
650 1553 701 1608 etsl
724 1552 789 1610 hacc
810 1553 1029 1609 commemoratio
1045 1569 1144 1609 uereor
1158 1569 1194 1610 uc

231 1651 312 1709 supra
327 1635 443 1692 hominis
464 1635 599 1692 fortunam
616 1653 676 1692 esse
691 1636 824 1708 uideatur,
844 1643 944 1708 tamen,
960 1638 1087 1710 quoniam
1102 1652 1193 1693 sermo

233 1720 297 1776 mihi
313 1725 355 1775 est
369 1719 440 1792 apud
456 1735 517 1791 uos,
534 1719 601 1775 nihil
615 1719 734 1776 reticebo
750 1719 893 1793 nolamque
908 1720 974 1792 hoc,
995 1719 1069 1793 quod
1084 1719 1193 1794 loquar,

231 1802 282 1858 diis
297 1802 484 1859 inmortalibus
499 1810 606 1878 gratnm
622 1805 713 1876 potius
728 1803 815 1859 uideri
830 1820 909 1876 quam
925 1820 1017 1878 graue.
1047 1803 1123 1859 XVll.
1145 1799 1196 1864 42.

232 1887 320 1943 omnia
335 1894 394 1942 tum
408 1887 574 1960 perditorum
590 1889 688 1943 ciuium
704 1886 806 1944 scelere
817 1887 938 1944 discessu
953 1903 1013 1944 meo
1028 1887 1194 1961 religionum

231 1971 288 2027 iura
310 1971 414 2046 polluta
434 1978 515 2044 sunt,
537 1973 625 2031 uexati
645 1972 733 2027 nostri
757 1969 838 2026 lares
861 1970 1019 2042 familiares,
1044 1972 1072 2026 in
1098 1986 1194 2028 corum

231 2054 341 2111 sedibus
357 2054 557 2112 exaedificatum
572 2054 702 2128 templum
717 2053 869 2125 licentiae,
883 2055 1008 2134 pulsusa
1024 2053 1144 2111 delubris
1158 2057 1192 2128 is,

231 2141 278 2212 qui
291 2139 338 2195 illa
353 2149 490 2195 seruarat:
505 2141 700 2212 circumspicite
716 2138 839 2194 celeriter
853 2140 952 2211 animo,
967 2137 1035 2194 nihil
1049 2139 1120 2194 enim
1131 2140 1195 2196 atti·

231 2230 278 2278 net
294 2239 456 2295 quemquam
471 2222 614 2294 nominari,
630 2223 677 2294 qui
691 2223 746 2278 sint
760 2238 851 2277 rerum
863 2223 950 2278 eritus
961 2222 1114 2278 consecuti:
1129 2239 1193 2296 uos,

231 2307 278 2378 qui
292 2305 366 2360 illam
381 2305 521 2360 custodem
536 2303 611 2360 urbis
627 2304 751 2361 omuibus
767 2307 868 2379 ereptis
879 2307 980 2361 nostris
998 2304 1079 2362 rebus
1090 2321 1120 2362 ac
1130 2322 1194 2380 per-

231 2389 295 2444 ditis
311 2387 407 2444 uiolari
422 2387 455 2444 ab
470 2389 559 2460 impiis
574 2389 647 2460 passi
662 2405 718 2444 non
733 2405 827 2445 sumus
838 2405 949 2462 eamque
963 2404 996 2444 cr
1006 2398 1099 2444 nostra
1110 2379 1194 2447 domo

232 2475 258 2528 in
273 2471 357 2545 ipsius
375 2472 458 2543 patris
474 2470 582 2527 domum
598 2470 758 2544 detulimus,
770 2463 866 2528 iudicia
876 2480 997 2544 senatus,
1012 2472 1112 2544 ltaliae,
1124 2489 1194 2546 gen·

231 2557 297 2612 tium
324 2554 438 2628 denique
466 2555 585 2611 omnium
604 2564 780 2612 conseruatae
800 2557 902 2630 patriae
922 2557 1061 2612 consecuti
1081 2573 1194 2627 sumus3

231 2655 286 2712 quo
307 2639 371 2712 quid
393 2638 513 2695 accidere
533 2640 624 2710 potuit
638 2639 740 2695 homini
754 2639 935 2713 praeclarius?
957 2655 1073 2713 quorum
1088 2640 1195 2697 scelere

168 2745 170 2748 ·
230 2721 376 2794 religiones
404 2730 463 2778 tum
486 2730 640 2796 prostratae
661 2722 837 2795 adflictaeque
860 2730 940 2794 sunt,
962 2725 1060 2796 partim
1082 2739 1115 2778 ex
1136 2722 1195 2780 illis

230 2805 351 2862 distracti
366 2821 397 2862 ac
411 2805 532 2880 dissipati
547 2807 650 2879 iacent,
667 2808 712 2880 qui
728 2823 794 2862 uero
810 2823 842 2862 es
857 2807 889 2861 iis
905 2814 932 2862 et
947 2807 1043 2862 horum
1058 2806 1196 2864 scelerum

230 2890 365 2962 principes
387 2888 492 2946 fuerant
515 2897 543 2946 et
564 2898 673 2964 praeter
694 2897 799 2945 ceteros
822 2890 849 2944 io
872 2892 944 2945 omni
967 2890 1100 2964 religione
1115 2891 1195 2964 inpii,

230 2988 285 3028 nou
307 2972 395 3028 solum
419 2975 474 3029 uita
495 2966 549 3032 *ὕ
571 2975 682 3029 cruciati
704 2980 785 3045 atque
808 2971 956 3045 dedecore,
983 2989 1080 3030 uerum
1111 2975 1195 3030 etiam

229 3057 369 3130 sepultura
385 3066 412 3113 et
427 3058 506 3114 iustis
522 3059 696 3130 exequiarum
712 3064 867 3112 caruerunt.

292 3136 340 3197 43.
362 3141 394 3210 Q.
416 3139 547 3215 Equidem
566 3141 618 3194 ista
639 3154 769 3212 agnosco,
788 3139 880 3210 irater,
901 3147 928 3196 et
943 3141 1052 3196 meritas
1074 3139 1116 3196 dis
1131 3157 1196 3215 gra·

230 3225 280 3279 tias
296 3242 357 3298 ago,
375 3225 423 3281 sed
438 3226 515 3279 nimis
531 3239 610 3294 saepe
625 3237 703 3276 secus
719 3221 855 3293 aliquanto
870 3222 992 3278 uidemus
1008 3223 1135 3285 euadere.

302 3353 322 3422 ¹)
336 3355 505 3405 Intercidt'sse
520 3351 551 3400 V.
562 3357 653 3413 putat:
672 3347 789 3400 ‘seruari
802 3359 937 3414 oporterc,·
952 3355 1112 3418 grauissima
1126 3356 1197 3405 enim

229 3441 263 3475 em
277 3426 392 3477 omnibus
401 3423 539 3488 promissis
553 3417 612 3478 θεῖ’,
631 3421 736 3470 Malim:
756 3418 870 3470 ‘seruari
883 3430 1017 3485 oportere;
1039 3425 1109 3488 quod
1126 3427 1197 3476 enim

228 3499 380 3560 promissum
395 3508 475 3558 aeque
489 3496 606 3541 sanctum
621 3488 669 3540 est’
686 3506 713 3540 ac
727 3491 777 3540 uoti
796 3492 894 3554 sponsio
909 3494 936 3541 in
943 3494 996 3556 fine
1006 3495 1196 3561 interrogatio-

228 3567 270 3614 nis
283 3568 358 3631 signo
368 3565 464 3628 posito.
494 3558 515 3627 ¹)
532 3556 711 3612 ‘coacescerent
726 3559 894 3611 conscientia'
911 3563 1012 3626 supplet
1022 3563 1053 3614 V.
