2700 4118
257 238 321 302 604
435 249 541 286 nomeu
558 249 665 289 2222222
682 248 781 286 ranan.
800 233 898 291 XXIV.
918 236 1030 286 11-14.

255 380 336 438 modo
357 379 443 454 legari
462 387 577 453 possunt
597 395 642 436 res
662 381 787 453 propriae
809 383 945 436 testatoris
962 387 989 436 ct
1009 377 1117 434 heredis
1140 381 1208 436 eius.

256 463 297 522 11.
323 457 392 520 ¹t>er
411 465 627 538 praeceptionem
648 463 732 537 legari
755 472 871 537 possunt
892 479 952 535 res,
975 477 1044 536 quae
1065 464 1144 519 etiam
1159 479 1211 537 per

255 547 471 606 uindicationem.

318 629 371 688 119.
395 625 436 687 ²Si
452 646 482 686 ea
497 647 557 702 res,
579 646 647 704 quae
663 647 716 686 non
732 629 783 686 fuit
798 638 915 702 utroque
931 639 1054 704 tempore
1069 631 1220 704 testatoris

256 731 287 772 ex
302 717 365 772 iure
380 714 539 784 Quiritium,
557 730 606 787 per
621 713 826 770 uindicationem
842 713 932 787 legata
947 715 997 784 sit,
1020 713 1083 772 lieet
1098 715 1157 770 iure
1172 715 1210 772 ci·

255 799 301 856 uili
323 815 378 855 non
401 799 489 854 ualeat
511 798 640 872 legatum,
666 806 752 854 tamen
775 805 885 854 senatus
907 797 1033 854 consulto
1055 797 1209 854 Neroniano

254 876 471 946 ’e;ons1rmatur³
494 897 547 954 quo
564 890 670 937 cautum
689 889 744 952 est,
767 890 798 936 ut
813 881 885 955 quod
901 883 988 937 minus
1011 874 1104 937 ratrs⁴
1119 881 1210 937 ucrlns

255 967 374 1040 legatum
391 974 443 1037 est,
458 965 570 1038 perinde
585 967 620 1020 sit
632 981 661 1022 ac
677 967 698 1019 si
712 965 834 1038 optimo
827 981 885 1021 rure
900 965 1019 1039 legatum
1032 973 1120 1056 esset·
1140 967 1210 1059 opti·

255 1066 327 1107 mum
343 1051 454 1106 autem'
447 1065 489 1106 tus
505 1049 588 1122 legati
603 1064 652 1122 per
667 1047 862 1104 damnationem
878 1057 929 1105 est.

150 1124 246 1177 90999
319 1131 364 1192 12.
389 1127 430 1190 ⁵Si
446 1131 552 1188 duobus
568 1131 659 1189 euclem
681 1147 727 1188 res
742 1147 791 1205 per
812 1133 1020 1188 uindicationem
1037 1123 1040 1210 2
1057 1131 1148 1207 legata
1161 1133 1209 1204 sit,

255 1219 315 1274 siue
330 1218 504 1283 coniunctim,
519 1215 595 1272 uelut
610 1229 698 1272 rrrto
710 1233 750 1272 nr
766 1230 837 1274 armo
852 1231 997 1273 noumnu
1011 1229 1153 1274 22262222
1166 1231 1210 1274 no

254 1315 348 1370 unco,
371 1295 456 1377 ’(2222
476 1303 651 1371 dictamum,
674 1302 754 1356 22222
771 1315 850 1358 rimo
863 1315 1009 1358 22222222
1024 1314 1159 1358 2222222
1170 1314 1211 1358 uo

254 1400 339 1450 2222,
358 1399 426 1442 stro
439 1399 572 1441 2222222
584 1398 731 1442 nominum
749 1399 789 1442 22
802 1377 923 1458 222229
950 1383 1092 1440 ’concursu
1120 1392 1210 1457 partes

255 1458 361 1534 fiout;⁷
385 1481 440 1522 non
463 1475 644 1522 concurrente
660 1467 745 1522 altero
762 1483 822 1540 pars
839 1469 896 1522 eius
911 1467 969 1522 iure
984 1467 1057 1524 ciuili
1072 1466 1150 1523 alteri
1165 1466 1211 1522 ad·

257 1548 408 1608 crescebat:
431 1549 478 1612 scd
499 1543 592 1622 ’posti
613 1549 701 1624 legem
717 1551 824 1624 Papiam
839 1551 994 1624 Poppaeam
1010 1567 1065 1608 non
1081 1553 1210 1624 capientis
1220 1557 1280 1608 [⁵⁰21

255 1647 318 1708 pars
334 1632 432 1690 caduca
447 1633 486 1690 fit.
531 1631 576 1691 ta.
599 1627 640 1690 982
661 1650 709 1707 per
724 1633 921 1692 damnationem
937 1635 1028 1692 eadem
1043 1651 1087 1690 res
1103 1635 1209 1691 duobus

256 1718 349 1792 legato
364 1719 416 1790 sit,
437 1719 459 1773 si
475 1717 581 1792 quidem
598 1716 778 1790 coniunctim,
799 1718 914 1792 singulis
929 1727 1019 1792 partes
1035 1717 1168 1774 debentur
1183 1729 1210 1775 et

257 1818 313 1858 non
335 1803 464 1874 capientis
487 1818 550 1875 pars
572 1803 630 1858 iure
645 1801 718 1856 ciuili
733 1801 760 1857 in
776 1802 925 1858 hereditate
946 1801 1114 1872 remanebat,
1138 1818 1210 1859 nuno

257 1895 345 1944 autem
360 1886 459 1942 caduca
474 1884 520 1954 fit3
539 1885 636 1960 quodsi
648 1883 811 1956 distantum,
826 1886 942 1959 singuiis
957 1885 1073 1942 solidum
1086 1885 1208 1942 debetur.

319 1967 364 2026 14.
389 1964 537 2043 ¹⁰0ptione
567 1969 671 2025 'autem
681 1961 705 2002 ¹¹
729 1969 811 2043 legati
834 1985 882 2042 per
904 1969 1112 2027 uindicationem
1139 1969 1209 2042 data,

330 2161 348 2230 1)
366 2165 404 2228 Cf.
423 2164 478 2214 Gai.
494 2173 514 2221 2,
529 2173 568 2214 mo
581 2178 632 2226 seq.
698 2158 719 2228 9)
736 2162 774 2226 Cf.
792 2162 842 2212 Gai
855 2173 880 2222 s,
894 2175 941 2214 rar.
956 2174 1002 2215 222.
1069 2161 1210 2230 ⁸)tirmutur

262 2235 319 2286 Vct.
336 2235 438 2302 (omisso
454 2237 474 2282 e'
490 2233 520 2283 222
535 2233 687 2284 antecedens
702 2232 725 2298 o)
741 2233 798 2282 edd.
820 2233 858 2296 Os.
876 2233 925 2284 Gci
938 2245 959 2296 2,
969 2245 1015 2286 228.
1038 2233 1082 2284 Dr.
1102 2234 1160 2284 Vct.
1175 2246 1208 2286 st.

159 2369 162 2378 Δ
257 2304 279 2372 9)
294 2306 370 2370 pactis
391 2305 448 2354 Vct.
465 2301 532 2368 (orto
547 2318 582 2356 sc.
598 2305 673 2362 vitio,
689 2310 717 2352 22
730 2305 757 2353 in
772 2320 794 2352 o.
809 2304 917 2354 reddicto
932 2319 984 2368 pro
999 2305 1092 2356 reddito
1107 2307 1135 2354 in
1153 2304 1209 2368 Uip.

256 2377 320 2426 Inst.
333 2377 371 2438 sr.
386 2388 407 2433 1,
422 2387 455 2433 2.,
470 2389 505 2422 erc
520 2374 607 2436 forma
621 2375 722 2423 litterae
736 2381 746 2422 t
759 2375 835 2423 etiam
854 2376 881 2422 in
894 2374 981 2424 Berol.
998 2375 1150 2425 Collationt's
1168 2391 1209 2426 co·

257 2448 315 2496 dice
334 2445 416 2502 obvia,
435 2459 499 2507 2222
514 2459 530 2492 2
544 2451 568 2491 ct
586 2445 702 2494 discerni
715 2459 765 2494 non
783 2443 877 2508 potest)
892 2446 931 2494 ed.
946 2443 994 2509 Bp.
1023 2445 1093 2494 Attis
1107 2447 1211 2509 placuit

259 2511 371 2573 ‘rectis',
383 2511 491 2571 ‘tostis’,
504 2510 604 2576 ‘aptis’,
617 2510 766 2576 ‘probatis'‚
778 2511 934 2578 ‘perfectis’.
960 2512 1041 2564 ‘Rota
1050 2513 1139 2564 oerbc’
1150 2523 1210 2566 sunt

258 2587 341 2644 222222,
353 2585 429 2648 firma
445 2581 513 2648 (cat.
529 2593 549 2640 2,
564 2583 621 2648 242),
637 2599 702 2646 2222
715 2584 832 2648 effectum
846 2585 950 2644 22222222,
965 2591 993 2634 22
1007 2591 1032 2634 22
1044 2593 1119 2636 ratae
1133 2589 1209 2651 22222,

253 2670 348 2720 preces
362 2656 454 2704 etalio
468 2654 598 2702 dicuntur
620 2653 657 2716 Cf.
676 2653 731 2704 cat.
749 2667 769 2712 2,
784 2665 830 2706 218.
878 2653 899 2720 9)
916 2655 953 2718 Of.
967 2655 1111 2715 (2222122.
1132 2656 1208 2706 Paul.

257 2738 278 2786 2,
292 2737 313 2778 6.
333 2727 355 2787 §-
370 2737 390 2776 2.
457 2720 554 2788 9)0222
577 2724 730 2774 Vudienod.
746 2727 761 2774 2.
777 2727 863 2788 posui.
886 2725 934 2790 Bp.
954 2741 985 2775 22
1003 2734 1062 2776 onte
1081 2727 1133 2776 siue
1151 2741 1209 2776 cou-

257 2797 355 2846 iunctim
369 2796 539 2858 suppleverat.
606 2792 691 2860 ⁷)iure
710 2795 775 2844 ciuili
793 2810 911 2844 concursu
930 2803 1010 2859 partes
1029 2796 1114 2868 (partis
1136 2795 1207 2861 Vct.)

258 2867 346 2916 debant
364 2865 422 2915 Vat.
438 2865 495 2915 edd.
523 2863 576 2914 Sed
594 2865 641 2916 2222
656 2881 706 2915 non
721 2872 817 2914 tontum
832 2868 889 2915 inre
909 2868 980 2916 cicili
1000 2863 1135 2918 nectendo
1149 2869 1209 2917 olim

258 2953 395 3005 eveniebat
422 2953 520 3003 Coltato
529 2955 560 3015 §o
570 2965 603 3005 12.
615 2955 703 3017 palam
717 2961 762 3012 est,
777 2953 875 3003 verba
869 2969 920 3004 rute
934 2955 999 3004 ciuili
1014 2953 1040 3021 (i
1051 2954 1084 3020 c.)
1099 2955 1130 3005 od
1140 2957 1209 3004 simi·

258 3025 391 3075 titudinem
401 3033 462 3087 post
476 3025 526 3073 eius
541 3023 583 3090 (e')
599 3024 739 3087 aliquando
753 3025 882 3074 caecidisse
897 3031 921 3074 et
934 3025 984 3076 222
1001 3028 1067 3074 male
1080 3028 1210 3076 translato

258 3095 368 3146 librario
380 3095 475 3159 fraudi
486 3096 578 3158 fuisse·
594 3101 621 3142 22
637 3109 671 3143 22
685 3095 743 3142 irunt
754 3095 855 3158 faceret
869 3096 963 3144 fiebant.
1024 3091 1045 3161 9)
1061 3096 1210 3160 Malimper

258 3174 286 3216 nt
300 3177 334 3226 22,
348 3178 382 3218 22.
405 3165 461 3216 dat.
473 3177 494 3224 2,
504 3176 551 3216 222.
562 3176 608 3216 tra.
619 3175 664 3215 esc.
680 3176 701 3222 s,
711 3175 744 3216 52.
766 3164 853 3229 Neque
865 3167 962 3216 similes
974 3173 1036 3216 2222
1048 3180 1164 3229 222222,
1174 3179 1209 3218 at

258 3238 289 3287 L
300 3249 320 3289 2
340 3238 373 3286 D
388 3237 420 3286 de
434 3237 517 3298 confr.
533 3250 587 3284 ear.
603 3233 634 3299 (2,
649 3234 671 3300 5)
686 3243 711 3284 et
727 3235 783 3284 Gai.
794 3247 814 3294 2,
825 3246 881 3294 222,
896 3235 941 3286 udi
953 3244 1023 3286 recte
1037 3245 1092 3300 post
1105 3239 1209 3303 2222222.

259 3305 335 3373 ⁹)Of.
353 3308 409 3358 Gai.
424 3319 445 3365 2,
460 3316 506 3356 222.
560 3301 593 3371 99)
609 3304 647 3368 Cf.
662 3307 700 3353 222.
715 3305 748 3356 Ι).
763 3305 809 3355 (22
809 3313 858 3370 opt
875 3309 923 3372 222
939 3306 984 3371 (ee,
999 3305 1029 3372 5).
1049 3309 1071 3369 ἕ.
1087 3317 1121 3358 22.
1140 3306 1210 3356 I.de

257 3381 304 3444 222.
321 3378 356 3462 (2,
370 3377 415 3443 2ο).
434 3377 465 3424 L.
481 3388 501 3428 2.
528 3375 553 3424 G.
569 3389 654 3424 comm.
670 3375 702 3424 de
715 3378 763 3442 222.
779 3375 813 3443 (6,
832 3374 877 3441 42).
944 3375 977 3441 99)
995 3377 1044 3427 Est
1061 3379 1128 3426 enim
1146 3377 1210 3427 22222

256 3451 355 3512 species
369 3449 536 3511 complurium
550 3461 637 3496 rernm
647 3447 673 3494 in
684 3463 735 3496 uno
746 3462 860 3510 persono
871 3449 1079 3498 concurrentium
1088 3448 1209 3513 2222222-

257 3519 329 3569 22222
344 3519 479 3570 contrario
492 3517 636 3581 superiori,
651 3518 678 3565 in
693 3533 743 3582 222
753 3520 845 3582 plures
854 3533 983 3582 personae
998 3520 1025 3568 in
1040 3535 1092 3568 2222
1106 3534 1136 3569 22
1149 3533 1210 3569 con·

257 3588 403 3637 currebant.
