2684 4112
250 240 316 305 442
433 256 544 292 annau
562 255 700 292 81888881
720 256 891 292 insanusne
909 257 1045 298 88818188,

321 390 388 446 Posi
405 390 475 446 haec
493 391 599 460 scripta
617 393 647 445 81
663 390 765 445 iisdem
805 405 874 445 aena
892 391 987 446 verbis
1043 391 1120 445 aucis
1142 408 1219 446 nnnc

254 459 368 525 additis)
391 457 421 512 in
440 457 583 513 ‘Zeitschn
602 407 835 536 nterim-Et!
879 459 1000 536 811181.
1062 459 1220 538 8888111

252 527 342 597 (1884)
365 543 393 595 p.
413 533 459 582 181
484 542 541 594 seq.
559 526 719 597 publicata,
743 527 842 580 eodem
858 475 919 580 tere
941 529 1070 597 tempore
1095 528 1133 604 81·
1148 527 1220 583 1b1d.

252 613 280 665 p.
307 600 354 648 166
378 609 435 663 seq.
463 594 492 648 P.
518 594 628 662 Kniger
651 610 729 647 suam
752 595 904 649 lectionem
927 595 1027 648 harum
1049 594 1219 649 lucinianum

252 680 305 718 nec
323 664 420 716 tamen
438 678 473 716 ex
489 661 558 731 ipsis
580 663 751 716 membranis
774 665 883 731 (earum
908 662 1036 732 expetita
1053 661 1219 716 Berolinum

251 729 588 808 transmissiondenegata
606 731 678 808 8181)
697 730 747 784 sed
760 747 794 784 ex
807 729 1153 852 Danastianaheliotypia
1172 732 1219 785 cui

253 814 386 868 magnam
403 797 504 851 inbuit
516 799 727 858 auctoritatem,
746 799 842 854 edidit.
872 799 949 864 Quae
971 799 1082 853 etiamst
1111 800 1218 854 ortasse

251 867 394 935 quaedam
412 865 586 929 emendavit,
610 865 696 918 881188
718 866 813 920 tamen
835 866 916 936 duxi,
940 867 970 920 in
993 865 1102 920 incerta
1124 866 1218 921 adhuc

251 951 291 1000 re,
310 934 399 988 donec
417 933 496 1002 ipsae
515 934 696 987 membranae
719 934 862 1002 inspectae
881 935 985 989 certitu
1002 933 1219 988 fundamentum

250 1001 459 1071 praestiterint,
477 1001 507 1053 in
525 999 640 1055 consilio
657 1017 720 1054 meo
739 1002 768 1054 81
784 1003 841 1056 iam
858 1003 969 1071 scriptis
987 1003 1123 1070 peistare.

721 1225 758 1287 n¹
857 1195 859 1202 ’

659 1352 741 1407 888818

585 1449 880 1526 §eruosnlreaquinod²

611 1537 861 1594 antecrimeainletu

611 1620 863 1695 adlib.tempuenire

609 1705 889 1780 missiqqsimlliterni

609 1791 894 1849 incensorumerimine

609 1870 686 1931 bunt'

559 1975 618 2050 Ulp.
643 1975 830 2044 0888888888

609 2061 818 2118 nluerlntllheri

559 2162 827 2220 Paulsiclusacensu
918 2194 920 2200 ·

610 2241 831 2321 necp'teacensus

611 2335 819 2405 sorumpaeulsn

559 2432 632 2490 Paul.
656 2431 898 2508 Quareipsisialuso
924 2477 927 2481 -

610 2518 751 2572 missisunt

559 2634 656 2708 Apndu
672 2619 843 2714 eresatantefp

526 2796 528 2800 Ι
610 2719 645 2775 da
669 2721 839 2780 usludlcaret’

610 2806 666 2860 tine
689 2809 793 2884 e9stitit

326 2933 486 3004 (Sequuntur
501 2939 578 2988 trium
592 2954 711 2989 versuum
727 2956 829 3004 paneae
849 2943 960 2991 litterae.
997 2941 1051 2994 Eas
1065 2940 1219 2992 antecedens

253 3007 331 3057 naias
346 3010 478 3058 columnae
488 3023 556 3072 pars
566 3009 740 3074 probabiliter
754 3014 794 3062 ric
808 3013 912 3062 restitui
921 3027 1000 3076 paese
1015 3008 1142 3082 videturs)

339 3133 440 3190 Seruos
462 3133 493 3190 ab
515 3151 558 3208 ea,
581 3138 628 3210 qui
649 3132 724 3210 ulan)
747 3135 846 3194 detulit
862 3130 940 3210 888,θ
959 3132 964 3216 Ι
984 3147 1046 3195 8818
1062 3140 1163 3196 crimen
1179 3140 1219 3195 ln·

327 3257 347 3328 ¹)
362 3262 423 3324 Pege
438 3262 534 3312 mutilee
550 3265 563 3310 8
578 3261 662 3310 ducite.
687 3260 705 3309 ll
721 3275 820 3326 manque
836 3263 891 3328 cinq
905 3279 936 3313 au
951 3264 987 3313 six
1001 3263 1084 3312 lettres
1100 3265 1113 3311 1
1128 3263 1218 3327 chaque

254 3332 316 3395 ligne
340 3331 383 3399 (1).
420 3333 452 3382 La
477 3333 566 3381 lecture
591 3346 628 3380 me
652 3331 730 3393 paruit
753 3334 866 3383 carteiae.
904 3333 970 3384 Dar.
1008 3333 1075 3384 Sunt
1089 3349 1179 3384 versus
1193 3344 1219 3385 ²0

253 3406 302 3454 cat.
318 3418 338 3455 1.
355 3433 388 3441 -
455 3399 476 3468 ²)
491 3403 595 3451 Littera
610 3403 707 3450 minata
722 3418 736 3450 8
752 3411 840 3467 posin
857 3407 882 3455 si
896 3420 947 3455 nan
961 3420 1053 3456 errore
1062 3419 1115 3468 pro
1131 3407 1219 3454 littera

252 3475 402 3534 8811188118,
412 3480 499 3536 potest
513 3488 570 3522 cum
583 3479 712 3537 sequente,
727 3489 792 3538 quae
801 3477 893 3538 periit,
906 3477 990 3539 fnisse
1006 3477 1035 3525 de
1050 3478 1090 3525 nel
1104 3472 1160 3544 e0[s
1174 3475 1218 3525 de·

253 3545 333 3610 tulit]¹
360 3545 476 3594 Ceteram
489 3544 553 3593 11888
569 3544 712 3607 Papiniani
725 3553 793 3595 sant.
857 3543 878 3613 8)
898 3546 997 3597 Versus
1010 3547 1100 3598 modus
1109 3561 1162 3610 pra
1177 3561 1218 3595 888

252 3615 318 3664 addi
332 3617 437 3678 patitur
456 3615 480 3663 in
499 3629 585 3678 88888,
605 3615 675 3679 quod
689 3616 805 3680 fortasse
824 3633 875 3668 non
892 3625 1085 3681 praecesserat.
1101 3645 1135 3654 -
1150 3617 1218 3668 dedi·
