2700 4118
348 233 452 268 nostran
469 231 576 269 varum
593 231 691 270 sucu.
710 215 783 270 XVI.
804 221 894 269 1⁸-t.
1032 215 1099 282 589

143 379 203 420 rum
218 377 280 420 xxv
302 363 350 431 sit,
373 367 421 418 ant
442 375 511 418 uxor
531 377 661 418 annorum
675 379 718 419 xx
737 363 839 426 minam
861 362 926 418 item
946 363 969 418 sl
988 364 1097 436 utrique

68 447 204 520 amenego
219 445 299 518 Papia
320 442 410 502 finitas
432 461 515 500 annos
531 446 559 502 in
574 447 746 502 matrimonio
761 446 942 516 excesserint,
957 445 1042 503 idest
1057 449 1099 502 uir

142 536 183 588 nx
198 544 300 600 annos,
321 544 390 584 utor
404 544 439 597 1.;
458 530 522 585 item
538 529 560 584 si
576 529 684 602 cognati
705 531 776 586 inter
789 545 820 584 sc
834 533 950 586 coierint
965 545 1051 604 usque
1066 530 1098 586 ad

143 621 248 672 sertum
277 605 416 686 pradum.¹
457 608 497 668 1⁸.
520 605 634 668 ²Libera
661 613 732 670 inter
759 629 806 668 eos
836 615 990 670 testamenti
1016 613 1098 670 tactio

143 705 195 767 cst,
218 697 241 753 si
265 697 307 752 ius
334 694 481 752 liberorum
504 713 519 752 a
540 697 661 770 principe
689 697 900 768 inpetrauerint3
929 696 989 752 'aut
1010 698 1034 752 si
1056 699 1099 754 uir

142 773 211 859 ’(rei
223 782 359 852 publicae
374 771 498 855 οαιιεῑα)8
513 778 598 850 absit,
619 788 646 836 et
661 778 749 836 donec
763 779 838 836 abest
854 789 881 835 ct
901 781 972 836 intra
990 797 1099 852 annum,

143 871 289 939 postquam
309 863 402 922 abesse
423 857 564 935 desierit34
585 871 631 918 aut
647 863 670 918 si
689 861 774 918 filiurn
795 862 910 920 liliamue
930 879 1098 920 communem

144 949 268 1020 habeant,
291 955 338 1004 aut
360 946 577 1019 quattuordecim
599 961 731 1003 annorum
753 945 838 1003 filium
861 947 905 1004 uei
927 945 1008 1004 itiam
1030 947 1098 1004 duc-

144 1034 233 1090 decim
253 1032 405 1102 amiseriat3
428 1029 473 1088 uel
488 1031 510 1086 si
526 1029 595 1086 duos
615 1031 724 1096 trimos,
746 1031 791 1086 uel
806 1039 861 1087 tres
883 1040 946 1103 post
961 1033 1099 1087 nominum

144 1115 214 1174 diem
235 1115 387 1186 amiserint,
412 1123 442 1168 ut
461 1115 532 1170 intra
552 1129 651 1168 annum
672 1121 761 1169 tamen
776 1121 804 1170 et
824 1130 872 1169 sex
891 1129 997 1170 menses
1018 1117 1099 1171 etiam

144 1216 215 1256 unns
231 1200 424 1271 cuiuscumque
440 1199 535 1254 aetatis
552 1197 666 1270 inpubes
688 1199 800 1254 amissus
820 1195 901 1252 solidi
920 1197 1042 1271 capiendi
1056 1200 1099 1254 ius

145 1289 274 1356 praestet.
318 1282 383 1336 item
398 1282 421 1336 si
436 1289 499 1353 post
514 1288 628 1336 mortem
644 1281 695 1336 uiri
709 1282 780 1336 intra
800 1280 893 1336 decem
909 1297 1016 1338 menses
1031 1297 1099 1338 utor

145 1381 179 1420 et
195 1381 227 1420 eo
243 1365 399 1437 pepererit,
415 1363 530 1419 solidum
547 1379 579 1420 er
594 1363 672 1420 honis
688 1365 746 1420 eius
761 1366 840 1438 capit.

210 1445 239 1504 2.
263 1447 413 1520 Aliquando
437 1447 500 1502 nihil
528 1449 599 1504 inter
621 1464 650 1503 ss
672 1449 794 1520 capiunt:
824 1447 851 1502 id
874 1457 932 1519 est,
960 1450 982 1505 si
1005 1457 1100 1506 contra

146 1532 237 1605 legem
250 1529 341 1586 lutiam
353 1529 512 1604 Papiamque
524 1530 679 1604 Poppaeam
696 1533 879 1588 contraxerint
889 1532 1098 1604 matrimonium,

146 1613 223 1672 uerbi
251 1615 337 1687 gratia
365 1615 388 1670 si
415 1613 544 1672 famosam
570 1607 734 1687 ’impenuus5
761 1631 873 1671 uxorem
902 1615 1025 1690 duxerit,
1053 1625 1100 1674 aut

146 1697 297 1755 libertinam
311 1706 433 1756 senator.
489 1739 493 1754 .
845 1705 846 1708 ’

218 1871 238 1941 ¹)
256 1873 306 1934 Qui
324 1875 366 1925 tric
384 1881 527 1939 sequuntur
545 1876 597 1925 duc
616 1890 706 1925 versus
724 1876 751 1924 in
775 1873 834 1924 Vat.
853 1881 879 1924 et
896 1875 954 1926 edd.
969 1883 1010 1926 aut
1027 1879 1049 1927 si
1063 1880 1101 1928 uir

145 1945 216 2008 absit,
231 1945 338 1994 ctdonec
346 1945 415 1993 abest
426 1951 450 1992 et
462 1945 524 1993 intra
536 1959 622 1994 annum
632 1953 756 2010 postquam
767 1945 851 1994 abesse
862 1945 969 2008 desierit,
979 1963 1022 1998 eos
1028 1949 1100 2014 supi·

146 2016 212 2064 ticos
225 2028 280 2062 esse
290 2029 325 2062 ea·
334 2029 363 2064 eo
374 2017 430 2064 loco
441 2016 464 2074 ξ.
477 2017 613 2078 sequentis,
630 2017 674 2065 cui
685 2031 729 2066 eos
743 2016 901 2064 restituimus
916 2015 977 2082 (uid.
993 2025 1045 2068 not.
1058 2017 1100 2086 4.),

147 2084 198 2133 duo
213 2084 346 2139 eoincunt;
356 2085 469 2146 primum
483 2086 611 2146 incipiens
625 2093 677 2144 aut,
692 2101 741 2150 quo
755 2100 806 2135 non
820 2085 875 2147 iric,
890 2094 918 2135 at
931 2103 982 2152 seq.
997 2091 1028 2152 §a
1046 2092 1101 2139 sin-

144 2155 209 2218 pula
223 2151 333 2201 membra
347 2153 551 2218 distinpuuntur,
566 2155 657 2204 deinde
672 2157 740 2219 quad
753 2156 795 2205 hic
810 2170 886 2204 casus
896 2165 993 2208 estnon
1004 2167 1101 2210 tantum

149 2221 240 2273 ‘solidi
261 2219 437 2284 capacitatis',
455 2223 502 2272 sed
520 2223 616 2273 liberae
634 2229 777 2275 testamenti
792 2226 926 2288 factionis.
962 2228 1026 2278 Nam
1045 2246 1101 2279 cum

147 2295 195 2342 illa
209 2293 393 2356 complectatur
406 2307 451 2342 eas
465 2308 571 2356 causas,
587 2297 722 2358 quaesere
735 2303 813 2346 entra
828 2297 981 2348 uoluntatem
997 2302 1100 2362 positae

146 2364 213 2425 sint,
231 2363 281 2412 trac
304 2361 429 2426 Ulpianus
447 2370 547 2412 ceteras
568 2366 771 2428 comprehendit,
792 2381 857 2430 quae
879 2383 896 2417 a
917 2371 1046 2419 uoluntate
1068 2387 1100 2420 ae

147 2434 238 2482 merito
249 2432 404 2495 pendebant,
419 2440 447 2482 ut
456 2435 490 2482 iis
500 2435 532 2492 is,
544 2437 589 2499 qui
598 2437 710 2486 ultimum
720 2438 844 2487 iudicium
854 2439 1025 2489 ordinaturus
1035 2449 1101 2497 erat,

146 2503 255 2553 liberam
269 2505 411 2552 testamenti
429 2504 569 2566 factionem
583 2508 787 2557 nancisceretur.
818 2505 931 2566 Quarum
949 2510 1101 2574 differentia

146 2587 288 2624 causarum
302 2574 430 2622 intertium
444 2577 519 2624 etiam
533 2577 560 2624 in
570 2591 599 2626 eo
609 2577 770 2638 cernebatur,
786 2577 855 2642 quod
863 2581 890 2628 in
900 2581 993 2644 priore
1005 2595 1100 2646 penere

147 2644 277 2706 capientis
291 2644 418 2702 condicio,
429 2652 457 2693 at
465 2653 532 2709 puta
541 2649 650 2697 minaris
662 2655 728 2696 XXV
739 2650 778 2697 cel
791 2655 834 2694 ΧΧ
846 2665 980 2709 annorum,
990 2658 1101 2714 tempore
1121 2703 1128 2719 ‚

147 2715 251 2766 delatae
264 2714 424 2773 hereditatis,
438 2717 466 2764 in
480 2719 562 2766 altero
577 2717 695 2780 defuncti
708 2720 824 2767 meritum
837 2730 949 2784 tempore
959 2725 1101 2772 testamenti

145 2784 248 2838 conditi
266 2784 448 2834 aestimabatur
467 2783 513 2852 (cs.
534 2787 672 2837 Mommsen
691 2789 726 2837 ad
742 2787 805 2853 Bpii
827 2791 882 2852 Uip.
898 2805 926 2853 p.
942 2789 999 2857 108).
1028 2792 1100 2857 Erpa

145 2859 174 2906 in
189 2861 280 2904 nostra
294 2857 392 2918 specie,
410 2857 435 2904 si
448 2858 489 2905 eir
503 2864 638 2921 antequam
655 2859 722 2922 reip.
742 2873 822 2908 caasa
839 2875 951 2926 perepre
965 2863 1102 2926 profectus

144 2931 205 2978 erat
226 2940 273 2974 nec
296 2927 398 2975 ratione
419 2927 475 2975 eius
489 2927 664 2990 profectionis
684 2935 856 2980 testamentum
874 2931 989 2994 fecerat,
1010 2935 1049 2982 uel
1069 2933 1101 2982 ab

144 3010 232 3048 amare
249 2995 324 3044 lieres
341 2997 474 3045 institutus
492 3004 562 3054 erat,
581 3012 632 3047 man
647 2998 801 3062 proficiebat
818 3003 952 3060 alterutri,
972 3005 1040 3067 quod
1057 3003 1100 3052 ab·

142 3067 245 3120 sentiae
260 3072 371 3128 tempore
385 3067 512 3115 alteruter
526 3067 668 3118 decederet.
696 3067 777 3119 Secus
791 3071 818 3120 in
833 3074 967 3122 contrario
982 3089 1052 3123 casu.

145 3137 167 3206 ²)
186 3138 249 3187 item
267 3137 368 3198 supplet
386 3137 540 3201 peminando
559 3139 713 3188 antecedens
734 3138 857 3208 (desieriit
879 3141 1032 3208 Scitillinp.;
1055 3160 1101 3209 epo

142 3209 233 3260 malim
243 3205 317 3268 Magis
332 3204 389 3271 (mg,
405 3207 473 3270 quod
486 3206 516 3256 ob
531 3209 591 3257 olim
605 3210 758 3259 antecedens
772 3214 870 3272 gradum
883 3213 964 3274 facile
978 3215 1101 3262 cecidere

137 3273 250 3346 potuit).
324 3272 344 3342 Β)
364 3275 442 3325 Reate
460 3277 524 3326 ttaec
542 3279 672 3328 excidisse
692 3278 732 3345 (oh
752 3287 837 3332 natam
856 3281 929 3346 [qi-c.)
951 3283 1102 3332 iudicarunt

140 3351 165 3401 J.
184 3345 306 3408 Gotiafr.
326 3353 351 3394 et
368 3347 428 3404 alii,
448 3348 507 3396 licet
522 3347 554 3397 L.
568 3359 664 3401 sa-tt.
688 3351 720 3399 D.
735 3351 803 3414 quib.
818 3367 853 3400 erc
867 3367 937 3402 caus.
958 3353 1016 3400 mai.
1032 3351 1064 3417 (t,
1078 3351 1101 3416 6)

142 3418 198 3472 alio
213 3417 396 3480 spectaverint.
427 3416 465 3481 Of,
480 3417 604 3469 Heinecc.
620 3421 655 3469 ad
669 3420 700 3470 L.
717 3421 782 3484 Pap.
800 3422 881 3485 Papp.
896 3433 917 3480 2,
932 3431 965 3472 15.
985 3423 1008 3482 ᾖ.
1023 3431 1042 3472 5.

143 3490 166 3558 ⁴)
181 3489 260 3539 Haec
273 3486 297 3534 lt.
309 3488 325 3535 l.
341 3485 372 3536 ab
387 3477 601 3552 &percutiamini
616 3490 787 3554 inpetrauerint
802 3518 835 3528 -
851 3492 957 3549 desierit,
971 3492 1101 3542 eccidisse

142 3561 275 3612 uidentur.
306 3555 344 3620 Of.
364 3564 415 3606 not.
431 3569 456 3609 tt
476 3559 511 3608 ad
529 3571 601 3618 1s,1.
663 3557 684 3625 ⁶)
699 3562 752 3624 quis
771 3563 917 3626 (postquam
931 3563 955 3611 in
970 3583 1003 3604 ι-
1018 3576 1041 3612 m
1055 3564 1101 3613 ad·
