2694 4110
253 219 314 284 854
368 238 426 274 var.
442 237 545 271 cvrvao.
560 236 646 272 russo.
661 236 847 272 consvurarro.
864 217 939 272 VII⁸.
953 217 1079 271 2—VHI.
1095 221 1119 270 2.

253 367 303 424 Th.
322 365 442 422 declarat
453 365 609 422 auctoritas.
646 361 673 426 2.
691 358 927 432 Quadrantem
943 364 1110 440 superfluum
1121 381 1210 440 penes

253 451 351 508 electas
373 447 584 524 magnificasque
606 466 735 524 personas
759 448 816 505 lieri
839 449 999 505 iudicamus:
1025 447 1072 504 sed
1090 465 1209 524 ,necesse

252 542 308 604 est,
332 542 363 590 ut
385 533 537 606 ignorantia
560 534 721 590 rusticitatis
751 533 795 590 uel
824 534 1056 607 tergiuersatioais
1078 533 1209 606 iniquitas

252 617 361 674 directis
377 633 483 690 semper
498 611 708 674 'oblationibus²
730 619 930 690 comprimatur.
975 613 1003 673 8.
1027 615 1063 672 En
1078 617 1207 674 Theodo-

252 702 318 757 siani
334 700 379 757 lib.
395 693 472 756 ’llll.⁸
488 699 538 756 sub
554 701 595 756 tlt.
613 700 644 756 de
660 710 724 757 mat.
742 700 806 758 bon.
823 707 850 757 et
865 709 929 756 mat.
946 717 1007 774 gen.
1025 697 1072 777 (et)
1086 704 1209 758 cretione

253 783 372 842 sublata:

295 869 378 943 impp.
396 867 496 925 llonor.
513 877 540 925 et
556 868 651 924 Arcad.
668 871 721 923 ΑΑ.
736 867 873 924 Florentio
889 868 973 942 praei.
992 867 1061 925 urbi.
1094 868 1138 924 ld
1154 868 1208 925 lo·

295 970 380 1010 cum:
397 949 528 1026 Quicquid
544 968 621 1028 auus,
638 953 706 1022 auia,
718 968 847 1025 proauus,
863 953 981 1025 proauia
999 954 1103 1026 nepoti,
1120 956 1207 1027 nepti,

295 1038 450 1111 pronepoti,
467 1038 592 1110 pronepti
608 1035 749 1092 cuiuslibet
766 1036 837 1092 tituli
853 1035 975 1110 largitate
991 1037 1167 1106 contulerint,
1179 1037 1207 1093 id

296 1129 347 1191 est,
364 1129 537 1192 testamento,
553 1119 770 1192 lideicommisso,
786 1119 888 1194 legato,
901 1119 1037 1192 codicillo,
1050 1120 1206 1193 donatione,

295 1204 340 1262 uel
356 1206 434 1261 etiarn
449 1205 570 1260 intestati
592 1205 781 1274 successione,
802 1211 879 1278 pater
899 1201 954 1259 fillo
978 1203 1085 1260 liliaeue
1100 1207 1206 1278 integra

295 1287 449 1362 illibataque
465 1287 610 1344 custodiat.
641 1288 697 1346 liat.
713 1286 782 1362 prid.
799 1287 834 1343 id.
852 1285 960 1345 Octobr.
976 1287 1137 1362 llediolano,
1152 1287 1205 1344 Oli-

295 1370 354 1427 brio
371 1379 399 1428 et
412 1371 529 1428 Probino
545 1387 617 1428 coss.

336 1451 364 1512 4.
388 1453 459 1510 ane
475 1455 572 1512 clarius
588 1455 711 1512 constitit
726 1454 896 1528 ’patefactum
905 1447 929 1524 ,⁴
944 1471 993 1511 nec
1008 1458 1087 1511 matri
1102 1450 1208 1512 ’usum⁵

253 1537 355 1608 obesse,
373 1547 403 1593 ut
419 1537 451 1593 de
466 1538 570 1611 reliqua
585 1539 712 1595 iaaultate
729 1532 913 1611 'portionem⁶
929 1537 1044 1594 debitam
1057 1556 1205 1613 consequa-

253 1631 311 1679 tur:
336 1629 364 1678 et
379 1623 448 1678 circa
464 1631 591 1696 nepotem
606 1638 703 1678 munus
722 1622 864 1678 auiaticum
880 1620 1046 1696 'perpetuam
1062 1623 1206 1679 liberalita-

254 1698 327 1764 tem¹
350 1722 513 1764 mansurum.
557 1705 614 1762 Hoc
637 1714 663 1762 et
687 1705 873 1762 consultorum
896 1707 953 1762 iura
970 1706 1111 1777 declarant,
1135 1723 1206 1782 quae

253 1791 432 1847 necessarium
449 1791 573 1845 tractatui
588 1798 683 1846 nostro
699 1806 754 1845 non
770 1790 892 1845 duximus
909 1789 1035 1846 adbiberi.

337 1873 401 1930 Vlll.
423 1871 443 1930 1.
468 1871 556 1940 'Quod
580 1867 708 1930 demum8
729 1872 918 1929 sollicitudinis
939 1884 1001 1930 tuae
1022 1890 1084 1931 cura
1103 1881 1202 1930 tracta·
1217 1876 1277 1924 [⁷4²]

253 1961 308 2030 uit,
325 1965 354 2013 ut
370 1956 402 2013 de
418 1955 604 2014 effractoribus
620 1950 687 2014 'exi’
709 1956 851 2013 manifesto
871 1960 981 2014 crimine
1003 1957 1205 2031 comprehensis

253 2033 381 2116 ’quam¹⁰
395 2039 475 2096 iudex
490 2039 582 2097 debuit
597 2040 668 2098 ierac
683 2042 853 2111 sententiam,
868 2049 997 2098 tractatus
1012 2043 1098 2098 nostri
1108 2043 1206 2116 pagina

253 2125 390 2198 declaret,
415 2117 492 2181 ’aa¹¹
520 2127 645 2197 maritus,
673 2141 753 2200 quem
778 2125 929 2181 iudiciariae
950 2127 1094 2199 potestatis
1120 2128 1207 2199 cingit

254 2211 416 2277 auctoritas,
440 2208 473 2264 de
488 2211 593 2282 seruis,
610 2211 655 2282 qui
676 2226 720 2266 res
737 2209 844 2264 uxorias
858 2208 1002 2266 manifesto
1020 2211 1129 2266 crimine
1145 2209 1206 2265 abs·

255 2293 348 2350 tulisse
363 2294 481 2349 conuicti
498 2301 570 2363 sunt,
588 2293 797 2367 peremptoriam
815 2291 937 2349 debuerit
948 2292 1020 2350 ierre
1033 2295 1206 2364 sententiam,

254 2379 330 2450 quasi
348 2376 375 2432 ld
397 2375 475 2432 obiici
497 2379 600 2450 possit,
626 2379 653 2432 in
674 2378 783 2450 propria
804 2391 882 2432 causa
903 2373 998 2451 (quod)
1021 2379 1083 2451 quis
1105 2377 1206 2435 iudicet

254 2460 352 2516 stulte:
369 2460 431 2516 huic
446 2459 489 2514 lex
505 2460 629 2516 diuorum
645 2461 808 2534 principum,
825 2477 892 2533 quae
907 2460 976 2518 inira
992 2461 1103 2535 legitur,
1120 2478 1206 2536 oppo-

254 2543 354 2614 nenda,
376 2544 501 2598 maritum
522 2543 566 2599 illa
587 2551 691 2599 tantum
712 2543 823 2618 negotia
844 2546 935 2600 uxoris
955 2544 1033 2602 uelut
1049 2554 1205 2602 extraneum

253 2619 414 2684 'actorcm¹²
429 2634 649 2699 prosecuturum,
666 2639 733 2700 quae
749 2629 902 2701 procuratio
918 2630 1014 2684 emissa
1030 2627 1205 2704 'praescrips-

253 2704 345 2769 erit.¹³
386 2709 414 2772 a.
438 2709 475 2766 lla
490 2727 605 2786 corpore
620 2703 845 2768 'lheodosiani:¹⁴

327 2861 347 2928 ¹)
361 2871 439 2912 tamen
453 2863 510 2915 edd.
539 2862 678 2927 Sequentia
696 2864 747 2913 iam
766 2878 815 2912 non
835 2870 910 2913 moto.
985 2860 1004 2928 ¹)
1019 2864 1076 2913 Aa:
1090 2864 1203 2914 obiectio-

253 2932 341 2982 nibus?
356 2935 395 2982 oel
409 2933 602 2982 ohutattantbnst
616 2936 655 2982 oet
669 2933 864 2995 allegationibus?
929 2930 949 2999 ¹)
965 2933 1002 2982 lll.
1019 2935 1091 2991 ecta.,·
1109 2935 1154 2984 sed
1168 2943 1205 2984 eat

252 3001 285 3052 L.
296 3015 315 3054 r.
339 3001 383 3054 Tb.
401 3002 427 3052 O.
441 3014 462 3061 a,
477 3015 511 3054 aa.
526 3003 557 3052 L.
568 3014 588 3052 e.
604 3003 625 3051 I.
644 3003 669 3052 θ.
684 3004 715 3052 de
730 3002 786 3053 baa.
802 3010 860 3053 mat.
875 3002 906 3067 (a,
916 3005 962 3068 ao).
977 3021 1001 3054 a.
1012 3016 1059 3056 aaa.
1107 3002 1128 3069 ⁴)
1141 3004 1204 3054 Par.

252 3085 286 3124 aa.
307 3073 470 3136 patri-tartum
487 3073 550 3122 Par.
566 3085 599 3124 tt.
653 3070 672 3137 ¹)
689 3073 778 3122 Malim
793 3075 963 3124 usumfructum
977 3090 1013 3124 aa.
1029 3077 1056 3124 in
1071 3075 1147 3125 redas
1162 3091 1205 3126 ae-

248 3145 307 3208 poti
321 3145 423 3194 donatia
437 3143 469 3193 ab
483 3143 531 3193 boc
540 3144 596 3193 aias
605 3143 820 3208 persuasionibus
830 3160 990 3202 concessamr
1005 3147 1057 3196 oid.
1067 3161 1138 3210 capr.
1149 3147 1173 3208 §-
1186 3159 1205 3196 1.

254 3211 275 3282 ⁶)
290 3215 468 3279 possessionem
482 3215 548 3274 edd„
564 3216 766 3278 compartionem
777 3217 908 3280 precipio
923 3217 1060 3278 passionem
1075 3223 1207 3280 acceptam

253 3293 325 3335 esset.
356 3285 470 3336 Ceteram
489 3286 539 3334 oid.
564 3285 644 3344 VII‘,
659 3298 679 3336 1.
754 3282 774 3349 ¹)
788 3293 902 3350 perpetua
922 3287 1062 3336 liberalitate
1076 3287 1134 3336 edd.

254 3353 275 3420 ⁸)
296 3356 360 3405 Adde
381 3356 436 3406 dum
456 3356 514 3405 edd.
550 3355 688 3406 addendum
709 3354 807 3406 Sonuit.
825 3358 858 3419 ej.
891 3357 920 3405 dt
938 3357 1025 3406 dudum
1045 3357 1152 3407 Iioeoer.
1173 3360 1206 3420 qj.

254 3420 275 3488 ⁹)
291 3433 314 3473 et
328 3425 385 3474 edd.
458 3423 490 3492 1⁰)
505 3441 575 3490 quam
590 3427 646 3475 edd.
714 3422 747 3491 ¹¹)
761 3432 801 3474 aut
815 3427 836 3473 sl
850 3427 917 3486 edd„
929 3428 1029 3490 factam
1044 3428 1079 3486 td,
1095 3435 1123 3476 att
1133 3435 1207 3491 pato,

252 3508 287 3541 ex
301 3504 339 3543 au.
369 3495 552 3545 Potesttamen
567 3498 642 3545 etiam
653 3496 755 3558 fuisse:
770 3496 916 3556 declaretur,
932 3499 960 3546 si.
1037 3494 1070 3563 ¹¹)
1085 3505 1208 3547 auctorem

203 3565 205 3570 '
252 3563 310 3610 edd.
373 3560 405 3626 ¹¹)
420 3563 464 3612 an
480 3565 562 3630 Pupp.
578 3568 610 3629 ej.
625 3566 794 3628 perscripserit
808 3567 865 3614 edd.
935 3564 966 3632 ¹⁴)
981 3567 1012 3616 L.
1026 3580 1047 3618 4.
1072 3567 1115 3616 Tb.
1133 3567 1159 3617 0.
1176 3569 1208 3617 tie
