<?xml version="1.0" encoding="UTF-8"?>
<!DOCTYPE html PUBLIC "-//W3C//DTD XHTML 1.0 Transitional//EN"
    "http://www.w3.org/TR/xhtml1/DTD/xhtml1-transitional.dtd">
<html xmlns="http://www.w3.org/1999/xhtml" xml:lang="en" lang="en">
 <head>
  <title>
</title>
<meta http-equiv="Content-Type" content="text/html;charset=utf-8" />
  <meta name='ocr-system' content='tesseract 3.04.00' />
  <meta name='ocr-capabilities' content='ocr_page ocr_carea ocr_par ocr_line ocrx_word'/>
</head>
<body>
  <div class='ocr_page' id='page_1' title='image "./ivrisprvdentiae00huscgoog_0028.png"; bbox 0 0 2672 4112; ppageno 0'>
   <div class='ocr_carea' id='block_1_1' title="bbox 242 209 890 280">
    <p class='ocr_par' dir='ltr' id='par_1_1' title="bbox 242 209 890 280">
     <span class='ocr_line' id='line_1_1' title="bbox 242 209 890 280; baseline -0.019 -24"><span class='ocrx_word' id='word_1_1' title='bbox 242 223 262 280; x_wconf 77' lang='grc'>4</span> <span class='ocrx_word' id='word_1_2' title='bbox 532 212 660 251; x_wconf 73' lang='lat' dir='ltr'><strong>uvnnms</strong></span> <span class='ocrx_word' id='word_1_3' title='bbox 677 210 772 247; x_wconf 67' lang='lat' dir='ltr'><strong>rumve</strong></span> <span class='ocrx_word' id='word_1_4' title='bbox 790 209 890 246; x_wconf 68' lang='lat' dir='ltr'><strong>Horon.</strong></span> 
     </span>
    </p>
   </div>
   <div class='ocr_carea' id='block_1_2' title="bbox 237 334 1193 834">
    <p class='ocr_par' dir='ltr' id='par_1_2' title="bbox 237 334 1193 834">
     <span class='ocr_line' id='line_1_2' title="bbox 240 334 1191 412; baseline -0.024 1"><span class='ocrx_word' id='word_1_5' title='bbox 240 355 290 412; x_wconf 88' lang='lat' dir='ltr'><strong>sub</strong></span> <span class='ocrx_word' id='word_1_6' title='bbox 305 347 389 408; x_wconf 92' lang='lat' dir='ltr'><strong>oculis</strong></span> <span class='ocrx_word' id='word_1_7' title='bbox 402 345 472 400; x_wconf 87' lang='lat' dir='ltr'><strong>louis</strong></span> <span class='ocrx_word' id='word_1_8' title='bbox 487 339 575 396; x_wconf 91' lang='lat' dir='ltr'><strong>nudus</strong></span> <span class='ocrx_word' id='word_1_9' title='bbox 590 338 634 392; x_wconf 88' lang='lat' dir='ltr'><strong>sit.</strong></span> <span class='ocrx_word' id='word_1_10' title='bbox 660 352 743 408; x_wconf 87' lang='lat' dir='ltr'><strong>super</strong></span> <span class='ocrx_word' id='word_1_11' title='bbox 757 335 891 392; x_wconf 77' lang='lat' dir='ltr'><strong>flaminem</strong></span> <span class='ocrx_word' id='word_1_12' title='bbox 903 334 1002 392; x_wconf 82' lang='lat' dir='ltr'>Dialem</span> <span class='ocrx_word' id='word_1_13' title='bbox 1013 338 1041 392; x_wconf 89' lang='lat' dir='ltr'><strong>in</strong></span> <span class='ocrx_word' id='word_1_14' title='bbox 1052 335 1191 407; x_wconf 91' lang='lat' dir='ltr'><strong>conuiuio,</strong></span> 
     </span>
     <span class='ocr_line' id='line_1_3' title="bbox 239 419 1193 494; baseline -0.038 0"><span class='ocrx_word' id='word_1_15' title='bbox 239 438 291 494; x_wconf 90' lang='lat' dir='ltr'><strong>nisi</strong></span> <span class='ocrx_word' id='word_1_16' title='bbox 304 449 350 490; x_wconf 81' lang='lat' dir='ltr'><strong>res</strong></span> <span class='ocrx_word' id='word_1_17' title='bbox 360 423 533 492; x_wconf 88' lang='lat' dir='ltr'><strong>sacrificulus,</strong></span> <span class='ocrx_word' id='word_1_18' title='bbox 548 419 618 476; x_wconf 92' lang='lat' dir='ltr'><strong>haud</strong></span> <span class='ocrx_word' id='word_1_19' title='bbox 629 421 768 492; x_wconf 84' lang='lat' dir='ltr'><strong>quisquam</strong></span> <span class='ocrx_word' id='word_1_20' title='bbox 785 419 852 474; x_wconf 88' lang='lat' dir='ltr'><strong>alius</strong></span> <span class='ocrx_word' id='word_1_21' title='bbox 872 419 1012 475; x_wconf 88' lang='lat' dir='ltr'><strong>accumbit.</strong></span> <span class='ocrx_word' id='word_1_22' title='bbox 1041 436 1152 476; x_wconf 66' lang='lat' dir='ltr'><strong>uxorem</strong></span> <span class='ocrx_word' id='word_1_23' title='bbox 1168 420 1193 474; x_wconf 53' lang='grc' dir='ltr'><strong>εἰ</strong></span> 
     </span>
     <span class='ocr_line' id='line_1_4' title="bbox 239 501 1192 586; baseline -0.03 -9"><span class='ocrx_word' id='word_1_24' title='bbox 239 518 335 586; x_wconf 85' lang='lat' dir='ltr'><strong>amisit,</strong></span> <span class='ocrx_word' id='word_1_25' title='bbox 351 509 465 568; x_wconf 90' lang='lat' dir='ltr'><strong>llaminio</strong></span> <span class='ocrx_word' id='word_1_26' title='bbox 483 503 596 561; x_wconf 79' lang='lat' dir='ltr'>decedit.</span> <span class='ocrx_word' id='word_1_27' title='bbox 624 503 823 558; x_wconf 82' lang='lat' dir='ltr'><strong>matrimonium</strong></span> <span class='ocrx_word' id='word_1_28' title='bbox 842 501 957 558; x_wconf 86' lang='lat' dir='ltr'><strong>flaminis</strong></span> <span class='ocrx_word' id='word_1_29' title='bbox 969 505 1020 559; x_wconf 89' lang='lat' dir='ltr'><strong>nisi</strong></span> <span class='ocrx_word' id='word_1_30' title='bbox 1035 511 1122 559; x_wconf 90' lang='lat' dir='ltr'><strong>morte</strong></span> <span class='ocrx_word' id='word_1_31' title='bbox 1138 503 1192 558; x_wconf 79' lang='lat' dir='ltr'><strong>dir.</strong></span> 
     </span>
     <span class='ocr_line' id='line_1_5' title="bbox 237 587 1191 660; baseline -0.022 -2"><span class='ocrx_word' id='word_1_32' title='bbox 237 603 282 658; x_wconf 93' lang='lat' dir='ltr'><strong>imi</strong></span> <span class='ocrx_word' id='word_1_33' title='bbox 301 601 343 654; x_wconf 91' lang='lat' dir='ltr'><strong>ius</strong></span> <span class='ocrx_word' id='word_1_34' title='bbox 363 609 417 650; x_wconf 91' lang='lat' dir='ltr'><strong>non</strong></span> <span class='ocrx_word' id='word_1_35' title='bbox 437 599 487 646; x_wconf 90' lang='lat' dir='ltr'><strong>est.</strong></span> <span class='ocrx_word' id='word_1_36' title='bbox 517 587 622 657; x_wconf 87' lang='lat' dir='ltr'><strong>locum,</strong></span> <span class='ocrx_word' id='word_1_37' title='bbox 643 587 672 642; x_wconf 92' lang='lat' dir='ltr'><strong>in</strong></span> <span class='ocrx_word' id='word_1_38' title='bbox 687 603 741 659; x_wconf 92' lang='lat' dir='ltr'><strong>quo</strong></span> <span class='ocrx_word' id='word_1_39' title='bbox 759 587 870 643; x_wconf 92' lang='lat' dir='ltr'><strong>bustum</strong></span> <span class='ocrx_word' id='word_1_40' title='bbox 884 595 935 657; x_wconf 90' lang='lat' dir='ltr'><strong>est,</strong></span> <span class='ocrx_word' id='word_1_41' title='bbox 952 603 1088 660; x_wconf 91' lang='lat' dir='ltr'><strong>nunquam</strong></span> <span class='ocrx_word' id='word_1_42' title='bbox 1102 589 1191 660; x_wconf 82' lang='lat' dir='ltr'><strong>ingre-</strong></span> 
     </span>
     <span class='ocr_line' id='line_1_6' title="bbox 237 670 1193 744; baseline -0.025 -3"><span class='ocrx_word' id='word_1_43' title='bbox 237 685 321 740; x_wconf 83' lang='lat' dir='ltr'>ditur.</span> <span class='ocrx_word' id='word_1_44' title='bbox 351 683 486 734; x_wconf 89' lang='lat' dir='ltr'><strong>mortuum</strong></span> <span class='ocrx_word' id='word_1_45' title='bbox 500 687 637 744; x_wconf 87' lang='lat' dir='ltr'><strong>uunquam</strong></span> <span class='ocrx_word' id='word_1_46' title='bbox 656 671 781 743; x_wconf 80' lang='lat' dir='ltr'><strong>attingit3</strong></span> <span class='ocrx_word' id='word_1_47' title='bbox 803 670 885 728; x_wconf 85' lang='lat' dir='ltr'><strong>lanus</strong></span> <span class='ocrx_word' id='word_1_48' title='bbox 904 678 993 726; x_wconf 88' lang='lat' dir='ltr'><strong>tamen</strong></span> <span class='ocrx_word' id='word_1_49' title='bbox 1013 673 1122 744; x_wconf 81' lang='lat' dir='ltr'>exsequi</span> <span class='ocrx_word' id='word_1_50' title='bbox 1137 687 1193 727; x_wconf 81' lang='lat' dir='ltr'><strong>non</strong></span> 
     </span>
     <span class='ocr_line' id='line_1_7' title="bbox 237 753 1190 834; baseline -0.033 -11"><span class='ocrx_word' id='word_1_51' title='bbox 237 775 279 823; x_wconf 87' lang='lat' dir='ltr'><strong>est</strong></span> <span class='ocrx_word' id='word_1_52' title='bbox 297 762 402 834; x_wconf 83' lang='lat' dir='ltr'><strong>religio.</strong></span> <span class='ocrx_word' id='word_1_53' title='bbox 433 754 544 811; x_wconf 78' lang='lat' dir='ltr'><strong>llaedem</strong></span> <span class='ocrx_word' id='word_1_54' title='bbox 560 754 644 809; x_wconf 89' lang='lat' dir='ltr'><strong>lerme</strong></span> <span class='ocrx_word' id='word_1_55' title='bbox 659 755 836 810; x_wconf 82' lang='lat' dir='ltr'><strong>caerimoniae</strong></span> <span class='ocrx_word' id='word_1_56' title='bbox 855 763 919 809; x_wconf 90' lang='lat' dir='ltr'><strong>sunt</strong></span> <span class='ocrx_word' id='word_1_57' title='bbox 938 753 1087 810; x_wconf 67' lang='lat' dir='ltr'><strong>flaminicae</strong></span> <span class='ocrx_word' id='word_1_58' title='bbox 1102 754 1190 811; x_wconf 56' lang='lat' dir='ltr'><strong>malis,</strong></span> 
     </span>
    </p>
   </div>
   <div class='ocr_carea' id='block_1_3' title="bbox 232 837 1233 1253">
    <p class='ocr_par' dir='ltr' id='par_1_3' title="bbox 232 837 1233 1253">
     <span class='ocr_line' id='line_1_8' title="bbox 236 837 1233 925; baseline -0.007 -20"><span class='ocrx_word' id='word_1_59' title='bbox 236 840 343 925; x_wconf 83' lang='lat' dir='ltr'><strong>(olias¹)</strong></span> <span class='ocrx_word' id='word_1_60' title='bbox 363 855 483 898; x_wconf 88' lang='lat' dir='ltr'><strong>scorsum</strong></span> <span class='ocrx_word' id='word_1_61' title='bbox 505 839 579 893; x_wconf 91' lang='lat' dir='ltr'><strong>aiunt</strong></span> <span class='ocrx_word' id='word_1_62' title='bbox 595 837 769 909; x_wconf 87' lang='lat' dir='ltr'><strong>obseruitare,</strong></span> <span class='ocrx_word' id='word_1_63' title='bbox 786 837 870 894; x_wconf 90' lang='lat' dir='ltr'><strong>ueluti</strong></span> <span class='ocrx_word' id='word_1_64' title='bbox 886 846 943 894; x_wconf 88' lang='lat' dir='ltr'><strong>est:</strong></span> <span class='ocrx_word' id='word_1_65' title='bbox 967 839 1040 911; x_wconf 91' lang='lat' dir='ltr'><strong>quod</strong></span> <span class='ocrx_word' id='word_1_66' title='bbox 1055 847 1190 894; x_wconf 91' lang='lat' dir='ltr'><strong>uenenato</strong></span> <span class='ocrx_word' id='word_1_67' title='bbox 1199 848 1233 898; x_wconf 78' lang='lat'><strong>[4]</strong></span> 
     </span>
     <span class='ocr_line' id='line_1_9' title="bbox 235 920 1192 1004; baseline -0.01 -16"><span class='ocrx_word' id='word_1_68' title='bbox 235 931 355 1004; x_wconf 89' lang='lat' dir='ltr'><strong>operitur</strong></span> <span class='ocrx_word' id='word_1_69' title='bbox 375 933 403 980; x_wconf 90' lang='lat' dir='ltr'><strong>et</strong></span> <span class='ocrx_word' id='word_1_70' title='bbox 425 921 498 996; x_wconf 87' lang='lat' dir='ltr'><strong>quod</strong></span> <span class='ocrx_word' id='word_1_71' title='bbox 519 923 547 976; x_wconf 91' lang='lat' dir='ltr'><strong>in</strong></span> <span class='ocrx_word' id='word_1_72' title='bbox 568 923 622 977; x_wconf 88' lang='lat' dir='ltr'><strong>rica</strong></span> <span class='ocrx_word' id='word_1_73' title='bbox 644 921 781 976; x_wconf 86' lang='lat' dir='ltr'><strong>surculum</strong></span> <span class='ocrx_word' id='word_1_74' title='bbox 804 922 838 976; x_wconf 90' lang='lat' dir='ltr'><strong>de</strong></span> <span class='ocrx_word' id='word_1_75' title='bbox 859 920 955 978; x_wconf 90' lang='lat' dir='ltr'><strong>arbore</strong></span> <span class='ocrx_word' id='word_1_76' title='bbox 976 922 1054 977; x_wconf 80' lang='lat' dir='ltr'><strong>felici·</strong></span> <span class='ocrx_word' id='word_1_77' title='bbox 1069 922 1149 978; x_wconf 85' lang='lat' dir='ltr'><strong>lrabet</strong></span> <span class='ocrx_word' id='word_1_78' title='bbox 1164 931 1192 978; x_wconf 93' lang='lat' dir='ltr'><strong>et</strong></span> 
     </span>
     <span class='ocr_line' id='line_1_10' title="bbox 234 1003 1192 1088; baseline -0.008 -20"><span class='ocrx_word' id='word_1_79' title='bbox 234 1011 306 1088; x_wconf 83' lang='lat' dir='ltr'><strong>quod</strong></span> <span class='ocrx_word' id='word_1_80' title='bbox 321 1007 406 1066; x_wconf 87' lang='lat' dir='ltr'><strong>scalas</strong></span> <span class='ocrx_word' id='word_1_81' title='bbox 421 1003 498 1075; x_wconf 84' lang='lat' dir='ltr'><strong>(nisi)</strong></span> <span class='ocrx_word' id='word_1_82' title='bbox 514 1021 583 1077; x_wconf 89' lang='lat' dir='ltr'><strong>quae</strong></span> <span class='ocrx_word' id='word_1_83' title='bbox 599 1003 713 1060; x_wconf 82' lang='lat' dir='ltr'><strong>Graecae</strong></span> <span class='ocrx_word' id='word_1_84' title='bbox 728 1004 906 1078; x_wconf 81' lang='lat' dir='ltr'><strong>appellantur,</strong></span> <span class='ocrx_word' id='word_1_85' title='bbox 930 1005 1075 1062; x_wconf 89' lang='lat' dir='ltr'><strong>ascendere</strong></span> <span class='ocrx_word' id='word_1_86' title='bbox 1090 1007 1115 1061; x_wconf 89' lang='lat' dir='ltr'><strong>ei</strong></span> <span class='ocrx_word' id='word_1_87' title='bbox 1129 1006 1192 1078; x_wconf 90' lang='lat' dir='ltr'><strong>plus</strong></span> 
     </span>
     <span class='ocr_line' id='line_1_11' title="bbox 232 1088 1192 1166; baseline -0.006 -15"><span class='ocrx_word' id='word_1_88' title='bbox 232 1095 318 1152; x_wconf 86' lang='lat' dir='ltr'><strong>tribus</strong></span> <span class='ocrx_word' id='word_1_89' title='bbox 329 1089 455 1166; x_wconf 83' lang='lat' dir='ltr'><strong>gradibus</strong></span> <span class='ocrx_word' id='word_1_90' title='bbox 467 1088 624 1160; x_wconf 82' lang='lat' dir='ltr'><strong>religiosum</strong></span> <span class='ocrx_word' id='word_1_91' title='bbox 640 1097 694 1150; x_wconf 87' lang='lat' dir='ltr'><strong>est.</strong></span> <span class='ocrx_word' id='word_1_92' title='bbox 712 1097 794 1162; x_wconf 89' lang='lat' dir='ltr'><strong>atque</strong></span> <span class='ocrx_word' id='word_1_93' title='bbox 809 1090 900 1160; x_wconf 89' lang='lat' dir='ltr'><strong>etiam,</strong></span> <span class='ocrx_word' id='word_1_94' title='bbox 916 1105 976 1145; x_wconf 88' lang='lat' dir='ltr'><strong>cum</strong></span> <span class='ocrx_word' id='word_1_95' title='bbox 991 1091 1013 1145; x_wconf 93' lang='lat' dir='ltr'><strong>it</strong></span> <span class='ocrx_word' id='word_1_96' title='bbox 1028 1089 1059 1144; x_wconf 90' lang='lat' dir='ltr'><strong>ad</strong></span> <span class='ocrx_word' id='word_1_97' title='bbox 1074 1091 1192 1162; x_wconf 77' lang='lat' dir='ltr'><strong>Argeos,</strong></span> 
     </span>
     <span class='ocr_line' id='line_1_12' title="bbox 233 1171 1224 1253; baseline -0.013 -18"><span class='ocrx_word' id='word_1_98' title='bbox 233 1177 305 1253; x_wconf 85' lang='lat' dir='ltr'><strong>quod</strong></span> <span class='ocrx_word' id='word_1_99' title='bbox 325 1188 411 1246; x_wconf 88' lang='lat' dir='ltr'><strong>neque</strong></span> <span class='ocrx_word' id='word_1_100' title='bbox 426 1173 508 1228; x_wconf 86' lang='lat' dir='ltr'><strong>comit</strong></span> <span class='ocrx_word' id='word_1_101' title='bbox 523 1180 603 1245; x_wconf 86' lang='lat' dir='ltr'><strong>caput</strong></span> <span class='ocrx_word' id='word_1_102' title='bbox 617 1188 705 1246; x_wconf 90' lang='lat' dir='ltr'><strong>neque</strong></span> <span class='ocrx_word' id='word_1_103' title='bbox 719 1172 845 1246; x_wconf 80' lang='lat' dir='ltr'><strong>capillum</strong></span> <span class='ocrx_word' id='word_1_104' title='bbox 861 1173 988 1246; x_wconf 84' lang='lat' dir='ltr'><strong>depectit.</strong></span> <span class='ocrx_word' id='word_1_105' title='bbox 1001 1203 1042 1214; x_wconf 86' lang='lat'>-</span> <span class='ocrx_word' id='word_1_106' title='bbox 1055 1171 1123 1228; x_wconf 85' lang='lat' dir='ltr'><strong>Gell.</strong></span> <span class='ocrx_word' id='word_1_107' title='bbox 1140 1173 1191 1245; x_wconf 90' lang='lat'><strong>10,</strong></span> <span class='ocrx_word' id='word_1_108' title='bbox 1221 1217 1224 1222; x_wconf 90' lang='lat'><strong>.</strong></span> 
     </span>
    </p>
   </div>
   <div class='ocr_carea' id='block_1_4' title="bbox 234 1255 474 1331">
    <p class='ocr_par' dir='ltr' id='par_1_4' title="bbox 234 1255 474 1331">
     <span class='ocr_line' id='line_1_13' title="bbox 234 1255 474 1331; baseline -0.033 -12"><span class='ocrx_word' id='word_1_109' title='bbox 234 1262 282 1319; x_wconf 75' lang='grc' dir='ltr'><strong>ιε.</strong></span> <span class='ocrx_word' id='word_1_110' title='bbox 298 1259 344 1331; x_wconf 75' lang='lat' dir='ltr'><strong>§t-</strong></span> <span class='ocrx_word' id='word_1_111' title='bbox 362 1255 474 1313; x_wconf 82' lang='lat'><strong>1-30.</strong></span> 
     </span>
    </p>
   </div>
   <div class='ocr_carea' id='block_1_5' title="bbox 229 1354 1191 1847">
    <p class='ocr_par' dir='ltr' id='par_1_5' title="bbox 229 1354 1191 1847">
     <span class='ocr_line' id='line_1_14' title="bbox 293 1354 1191 1430; baseline -0.001 -17"><span class='ocrx_word' id='word_1_112' title='bbox 293 1355 321 1415; x_wconf 80' lang='lat'><strong>4.</strong></span> <span class='ocrx_word' id='word_1_113' title='bbox 343 1357 371 1410; x_wconf 94' lang='lat' dir='ltr'><strong>ln</strong></span> <span class='ocrx_word' id='word_1_114' title='bbox 392 1355 462 1410; x_wconf 93' lang='lat' dir='ltr'><strong>libro</strong></span> <span class='ocrx_word' id='word_1_115' title='bbox 484 1357 572 1428; x_wconf 92' lang='lat' dir='ltr'><strong>primo</strong></span> <span class='ocrx_word' id='word_1_116' title='bbox 595 1354 668 1411; x_wconf 80' lang='lat' dir='ltr'><strong>rann</strong></span> <span class='ocrx_word' id='word_1_117' title='bbox 689 1356 819 1425; x_wconf 88' lang='lat' dir='ltr'><strong>Pictoris,</strong></span> <span class='ocrx_word' id='word_1_118' title='bbox 843 1373 911 1430; x_wconf 90' lang='lat' dir='ltr'><strong>quae</strong></span> <span class='ocrx_word' id='word_1_119' title='bbox 932 1354 1015 1412; x_wconf 91' lang='lat' dir='ltr'><strong>uerba</strong></span> <span class='ocrx_word' id='word_1_120' title='bbox 1037 1355 1191 1429; x_wconf 88' lang='lat' dir='ltr'><strong>pontificem</strong></span> 
     </span>
     <span class='ocr_line' id='line_1_15' title="bbox 230 1437 1190 1514; baseline -0.004 -14"><span class='ocrx_word' id='word_1_121' title='bbox 230 1443 371 1501; x_wconf 87' lang='lat' dir='ltr'><strong>maximum</strong></span> <span class='ocrx_word' id='word_1_122' title='bbox 387 1437 476 1494; x_wconf 86' lang='lat' dir='ltr'><strong>dicere</strong></span> <span class='ocrx_word' id='word_1_123' title='bbox 498 1447 631 1510; x_wconf 87' lang='lat' dir='ltr'><strong>oporteat,</strong></span> <span class='ocrx_word' id='word_1_124' title='bbox 653 1456 713 1495; x_wconf 91' lang='lat' dir='ltr'><strong>cum</strong></span> <span class='ocrx_word' id='word_1_125' title='bbox 735 1441 866 1512; x_wconf 80' lang='lat' dir='ltr'><strong>uirginem</strong></span> <span class='ocrx_word' id='word_1_126' title='bbox 882 1442 963 1514; x_wconf 88' lang='lat' dir='ltr'><strong>capit,</strong></span> <span class='ocrx_word' id='word_1_127' title='bbox 985 1441 1190 1513; x_wconf 88' lang='lat' dir='ltr'><strong>scriptumest.</strong></span> 
     </span>
     <span class='ocr_line' id='line_1_16' title="bbox 229 1519 1191 1597; baseline -0.004 -15"><span class='ocrx_word' id='word_1_128' title='bbox 229 1527 265 1582; x_wconf 88' lang='lat' dir='ltr'><strong>Ea</strong></span> <span class='ocrx_word' id='word_1_129' title='bbox 281 1522 362 1580; x_wconf 90' lang='lat' dir='ltr'><strong>uerba</strong></span> <span class='ocrx_word' id='word_1_130' title='bbox 377 1523 444 1578; x_wconf 91' lang='lat' dir='ltr'><strong>haec</strong></span> <span class='ocrx_word' id='word_1_131' title='bbox 458 1531 535 1576; x_wconf 90' lang='lat' dir='ltr'><strong>suut:</strong></span> <span class='ocrx_word' id='word_1_132' title='bbox 559 1519 743 1578; x_wconf 77' lang='lat' dir='ltr'><strong>‘Sacerdotem</strong></span> <span class='ocrx_word' id='word_1_133' title='bbox 758 1523 901 1592; x_wconf 86' lang='lat' dir='ltr'><strong>Vestalem,</strong></span> <span class='ocrx_word' id='word_1_134' title='bbox 924 1540 992 1597; x_wconf 87' lang='lat' dir='ltr'><strong>quae</strong></span> <span class='ocrx_word' id='word_1_135' title='bbox 1012 1539 1086 1578; x_wconf 89' lang='lat' dir='ltr'><strong>sacra</strong></span> <span class='ocrx_word' id='word_1_136' title='bbox 1100 1523 1191 1586; x_wconf 86' lang='lat' dir='ltr'><strong>iaciat.</strong></span> 
     </span>
     <span class='ocr_line' id='line_1_17' title="bbox 231 1604 1190 1682; baseline -0.001 -18"><span class='ocrx_word' id='word_1_137' title='bbox 231 1625 298 1682; x_wconf 89' lang='lat' dir='ltr'><strong>quae</strong></span> <span class='ocrx_word' id='word_1_138' title='bbox 318 1609 360 1663; x_wconf 92' lang='lat' dir='ltr'><strong>ius</strong></span> <span class='ocrx_word' id='word_1_139' title='bbox 380 1607 432 1661; x_wconf 88' lang='lat' dir='ltr'><strong>siet</strong></span> <span class='ocrx_word' id='word_1_140' title='bbox 451 1604 617 1662; x_wconf 85' lang='lat' dir='ltr'><strong>sacerdotem</strong></span> <span class='ocrx_word' id='word_1_141' title='bbox 634 1605 764 1661; x_wconf 89' lang='lat' dir='ltr'><strong>Vestalem</strong></span> <span class='ocrx_word' id='word_1_142' title='bbox 786 1606 873 1662; x_wconf 88' lang='lat' dir='ltr'><strong>lacere</strong></span> <span class='ocrx_word' id='word_1_143' title='bbox 887 1623 937 1680; x_wconf 89' lang='lat' dir='ltr'><strong>pro</strong></span> <span class='ocrx_word' id='word_1_144' title='bbox 952 1607 1055 1680; x_wconf 93' lang='lat' dir='ltr'><strong>populo</strong></span> <span class='ocrx_word' id='word_1_145' title='bbox 1070 1605 1190 1663; x_wconf 86' lang='lat' dir='ltr'><strong>Romano</strong></span> 
     </span>
     <span class='ocr_line' id='line_1_18' title="bbox 231 1689 1191 1766; baseline -0.001 -19"><span class='ocrx_word' id='word_1_146' title='bbox 231 1689 387 1761; x_wconf 83' lang='lat' dir='ltr'><strong>Quiritibus,</strong></span> <span class='ocrx_word' id='word_1_147' title='bbox 403 1690 443 1744; x_wconf 92' lang='lat' dir='ltr'><strong>uti</strong></span> <span class='ocrx_word' id='word_1_148' title='bbox 458 1701 527 1762; x_wconf 90' lang='lat' dir='ltr'><strong>quae</strong></span> <span class='ocrx_word' id='word_1_149' title='bbox 542 1690 643 1762; x_wconf 89' lang='lat' dir='ltr'><strong>optima</strong></span> <span class='ocrx_word' id='word_1_150' title='bbox 656 1689 718 1762; x_wconf 81' lang='lat' dir='ltr'><strong>lege</strong></span> <span class='ocrx_word' id='word_1_151' title='bbox 733 1689 794 1760; x_wconf 86' lang='lat' dir='ltr'><strong>suit,</strong></span> <span class='ocrx_word' id='word_1_152' title='bbox 809 1691 846 1745; x_wconf 85' lang='lat' dir='ltr'><strong>ita</strong></span> <span class='ocrx_word' id='word_1_153' title='bbox 862 1698 898 1766; x_wconf 83' lang='lat' dir='ltr'><strong>te,</strong></span> <span class='ocrx_word' id='word_1_154' title='bbox 916 1691 1016 1754; x_wconf 79' lang='lat' dir='ltr'><strong>Amata,</strong></span> <span class='ocrx_word' id='word_1_155' title='bbox 1034 1689 1132 1764; x_wconf 90' lang='lat' dir='ltr'><strong>eapio&#39;.</strong></span> <span class='ocrx_word' id='word_1_156' title='bbox 1148 1721 1191 1731; x_wconf 89' lang='lat'><strong>—-</strong></span> 
     </span>
     <span class='ocr_line' id='line_1_19' title="bbox 230 1771 521 1847; baseline 0.007 -17"><span class='ocrx_word' id='word_1_157' title='bbox 230 1775 298 1835; x_wconf 86' lang='lat' dir='ltr'><strong>Gell.</strong></span> <span class='ocrx_word' id='word_1_158' title='bbox 316 1775 344 1847; x_wconf 90' lang='lat'><strong>1,</strong></span> <span class='ocrx_word' id='word_1_159' title='bbox 362 1773 410 1830; x_wconf 76' lang='lat'><strong>12.</strong></span> <span class='ocrx_word' id='word_1_160' title='bbox 427 1772 455 1844; x_wconf 70' lang='lat' dir='ltr'><strong>S.</strong></span> <span class='ocrx_word' id='word_1_161' title='bbox 474 1771 521 1832; x_wconf 84' lang='lat'><strong>14.</strong></span> 
     </span>
    </p>
   </div>
   <div class='ocr_carea' id='block_1_6' title="bbox 230 1871 1188 2030">
    <p class='ocr_par' dir='ltr' id='par_1_6' title="bbox 230 1871 1188 2030">
     <span class='ocr_line' id='line_1_20' title="bbox 291 1871 1188 1946; baseline 0.004 -16"><span class='ocrx_word' id='word_1_162' title='bbox 291 1871 318 1933; x_wconf 76' lang='lat' dir='ltr'><strong>tt.</strong></span> <span class='ocrx_word' id='word_1_163' title='bbox 340 1873 411 1929; x_wconf 92' lang='lat' dir='ltr'><strong>ldem</strong></span> <span class='ocrx_word' id='word_1_164' title='bbox 432 1872 477 1929; x_wconf 93' lang='lat' dir='ltr'><strong>lib.</strong></span> <span class='ocrx_word' id='word_1_165' title='bbox 494 1873 561 1928; x_wconf 88' lang='lat' dir='ltr'><strong>iuris</strong></span> <span class='ocrx_word' id='word_1_166' title='bbox 576 1871 708 1946; x_wconf 87' lang='lat' dir='ltr'><strong>pontificii</strong></span> <span class='ocrx_word' id='word_1_167' title='bbox 724 1875 820 1930; x_wconf 89' lang='lat' dir='ltr'><strong>tertio:</strong></span> <span class='ocrx_word' id='word_1_168' title='bbox 843 1873 979 1931; x_wconf 83' lang='lat' dir='ltr'><strong>‘Pilumno</strong></span> <span class='ocrx_word' id='word_1_169' title='bbox 995 1883 1023 1931; x_wconf 89' lang='lat' dir='ltr'><strong>et</strong></span> <span class='ocrx_word' id='word_1_170' title='bbox 1036 1875 1188 1934; x_wconf 89' lang='lat' dir='ltr'><strong>Picumno’.</strong></span> 
     </span>
     <span class='ocr_line' id='line_1_21' title="bbox 230 1955 680 2030; baseline -0.007 -16"><span class='ocrx_word' id='word_1_171' title='bbox 230 1989 268 2000; x_wconf 86' lang='lat'><em>-</em></span> <span class='ocrx_word' id='word_1_172' title='bbox 285 1958 354 2014; x_wconf 88' lang='lat' dir='ltr'><strong>Non.</strong></span> <span class='ocrx_word' id='word_1_173' title='bbox 372 1957 422 2027; x_wconf 77' lang='lat'><strong>12,</strong></span> <span class='ocrx_word' id='word_1_174' title='bbox 438 1957 465 2013; x_wconf 87' lang='lat'><strong>3.</strong></span> <span class='ocrx_word' id='word_1_175' title='bbox 481 1973 509 2030; x_wconf 90' lang='lat' dir='ltr'><strong>p.</strong></span> <span class='ocrx_word' id='word_1_176' title='bbox 525 1955 586 2014; x_wconf 82' lang='lat'><strong>518</strong></span> <span class='ocrx_word' id='word_1_177' title='bbox 602 1955 680 2012; x_wconf 89' lang='lat' dir='ltr'><strong>Mero.</strong></span> 
     </span>
    </p>
   </div>
   <div class='ocr_carea' id='block_1_7' title="bbox 228 2055 1190 2468">
    <p class='ocr_par' dir='ltr' id='par_1_7' title="bbox 228 2055 1190 2468">
     <span class='ocr_line' id='line_1_22' title="bbox 292 2055 1190 2135; baseline 0.002 -20"><span class='ocrx_word' id='word_1_178' title='bbox 292 2055 321 2116; x_wconf 79' lang='lat'><strong>6.</strong></span> <span class='ocrx_word' id='word_1_179' title='bbox 345 2058 440 2126; x_wconf 76' lang='lat' dir='ltr'><strong>Fabius</strong></span> <span class='ocrx_word' id='word_1_180' title='bbox 456 2058 547 2114; x_wconf 89' lang='lat' dir='ltr'><strong>Pictor</strong></span> <span class='ocrx_word' id='word_1_181' title='bbox 561 2057 611 2114; x_wconf 89' lang='lat' dir='ltr'><strong>bos</strong></span> <span class='ocrx_word' id='word_1_182' title='bbox 627 2059 693 2114; x_wconf 92' lang='lat' dir='ltr'><strong>deos</strong></span> <span class='ocrx_word' id='word_1_183' title='bbox 708 2067 862 2135; x_wconf 88' lang='lat' dir='ltr'><strong>enumerat,</strong></span> <span class='ocrx_word' id='word_1_184' title='bbox 883 2075 953 2132; x_wconf 89' lang='lat' dir='ltr'><strong>quos</strong></span> <span class='ocrx_word' id='word_1_185' title='bbox 967 2061 1076 2117; x_wconf 89' lang='lat' dir='ltr'><strong>inuocat</strong></span> <span class='ocrx_word' id='word_1_186' title='bbox 1091 2059 1190 2117; x_wconf 88' lang='lat' dir='ltr'><strong>ssamen</strong></span> 
     </span>
     <span class='ocr_line' id='line_1_23' title="bbox 229 2141 1189 2215; baseline 0.001 -16"><span class='ocrx_word' id='word_1_187' title='bbox 229 2161 334 2200; x_wconf 88' lang='lat' dir='ltr'><strong>sacrum</strong></span> <span class='ocrx_word' id='word_1_188' title='bbox 356 2142 465 2198; x_wconf 84' lang='lat' dir='ltr'><strong>Cereale</strong></span> <span class='ocrx_word' id='word_1_189' title='bbox 486 2141 587 2198; x_wconf 82' lang='lat' dir='ltr'><strong>iaciens</strong></span> <span class='ocrx_word' id='word_1_190' title='bbox 608 2141 708 2196; x_wconf 87' lang='lat' dir='ltr'><strong>&#39;lelluri</strong></span> <span class='ocrx_word' id='word_1_191' title='bbox 730 2151 758 2197; x_wconf 91' lang='lat' dir='ltr'><strong>et</strong></span> <span class='ocrx_word' id='word_1_192' title='bbox 779 2143 882 2197; x_wconf 85' lang='lat' dir='ltr'><strong>Cereri:</strong></span> <span class='ocrx_word' id='word_1_193' title='bbox 906 2142 1118 2215; x_wconf 66' lang='lat' dir='ltr'><strong>‘Vernactorem</strong></span> <span class='ocrx_word' id='word_1_194' title='bbox 1138 2144 1189 2200; x_wconf 81' lang='lat' dir='ltr'><strong>lle·</strong></span> 
     </span>
     <span class='ocr_line' id='line_1_24' title="bbox 228 2223 1189 2300; baseline 0 -18"><span class='ocrx_word' id='word_1_195' title='bbox 228 2236 392 2300; x_wconf 89' lang='lat' dir='ltr'><strong>paratorem,</strong></span> <span class='ocrx_word' id='word_1_196' title='bbox 414 2224 624 2296; x_wconf 87' lang='lat' dir='ltr'><strong>lmporoitorem,</strong></span> <span class='ocrx_word' id='word_1_197' title='bbox 648 2223 799 2294; x_wconf 88' lang='lat' dir='ltr'><strong>lusitorem,</strong></span> <span class='ocrx_word' id='word_1_198' title='bbox 823 2223 1005 2296; x_wconf 82' lang='lat' dir='ltr'><strong>Obaratorem,</strong></span> <span class='ocrx_word' id='word_1_199' title='bbox 1022 2224 1189 2300; x_wconf 82' lang='lat' dir='ltr'><strong>Occatorena,</strong></span> 
     </span>
     <span class='ocr_line' id='line_1_25' title="bbox 229 2305 1189 2380; baseline 0 -14"><span class='ocrx_word' id='word_1_200' title='bbox 229 2310 399 2378; x_wconf 90' lang='lat' dir='ltr'><strong>Sarritorem,</strong></span> <span class='ocrx_word' id='word_1_201' title='bbox 422 2305 689 2376; x_wconf 88' lang='lat' dir='ltr'><strong>Subruucinatorem,</strong></span> <span class='ocrx_word' id='word_1_202' title='bbox 711 2305 866 2376; x_wconf 90' lang='lat' dir='ltr'><strong>llessorem,</strong></span> <span class='ocrx_word' id='word_1_203' title='bbox 890 2305 1097 2380; x_wconf 87' lang='lat' dir='ltr'><strong>Conuectorem,</strong></span> <span class='ocrx_word' id='word_1_204' title='bbox 1120 2309 1189 2366; x_wconf 87' lang='lat' dir='ltr'><strong>Con·</strong></span> 
     </span>
     <span class='ocr_line' id='line_1_26' title="bbox 229 2387 1044 2468; baseline -0.004 -19"><span class='ocrx_word' id='word_1_205' title='bbox 229 2394 354 2468; x_wconf 87' lang='lat' dir='ltr'><strong>ditorem,</strong></span> <span class='ocrx_word' id='word_1_206' title='bbox 368 2387 571 2444; x_wconf 89' lang='lat' dir='ltr'><strong>Promitorem’.</strong></span> <span class='ocrx_word' id='word_1_207' title='bbox 590 2417 625 2429; x_wconf 93' lang='lat'><em>-</em></span> <span class='ocrx_word' id='word_1_208' title='bbox 644 2389 719 2446; x_wconf 89' lang='lat' dir='ltr'><strong>Serv.</strong></span> <span class='ocrx_word' id='word_1_209' title='bbox 734 2388 766 2443; x_wconf 92' lang='lat' dir='ltr'><strong>ad</strong></span> <span class='ocrx_word' id='word_1_210' title='bbox 782 2388 881 2462; x_wconf 79' lang='lat' dir='ltr'><strong>Georg.</strong></span> <span class='ocrx_word' id='word_1_211' title='bbox 900 2391 926 2455; x_wconf 94' lang='lat'><strong>1,</strong></span> <span class='ocrx_word' id='word_1_212' title='bbox 943 2390 994 2449; x_wconf 79' lang='lat'><strong>21.</strong></span> <span class='ocrx_word' id='word_1_213' title='bbox 1041 2415 1044 2424; x_wconf 91' lang='lat'>·</span> 
     </span>
    </p>
   </div>
   <div class='ocr_carea' id='block_1_8' title="bbox 291 2488 1189 2567">
    <p class='ocr_par' dir='ltr' id='par_1_8' title="bbox 291 2488 1189 2567">
     <span class='ocr_line' id='line_1_27' title="bbox 291 2488 1189 2567; baseline 0.004 -19"><span class='ocrx_word' id='word_1_214' title='bbox 291 2489 316 2551; x_wconf 84' lang='grc'><strong>7.</strong></span> <span class='ocrx_word' id='word_1_215' title='bbox 339 2489 433 2546; x_wconf 78' lang='lat' dir='ltr'><strong>Fabius</strong></span> <span class='ocrx_word' id='word_1_216' title='bbox 454 2488 546 2544; x_wconf 90' lang='lat' dir='ltr'><strong>Pictor</strong></span> <span class='ocrx_word' id='word_1_217' title='bbox 567 2488 612 2544; x_wconf 93' lang='lat' dir='ltr'><strong>lib.</strong></span> <span class='ocrx_word' id='word_1_218' title='bbox 636 2488 712 2548; x_wconf 72' lang='lat' dir='ltr'><strong>xvi:</strong></span> <span class='ocrx_word' id='word_1_219' title='bbox 741 2490 855 2562; x_wconf 76' lang='lat' dir='ltr'><strong>‘dquam</strong></span> <span class='ocrx_word' id='word_1_220' title='bbox 877 2491 998 2548; x_wconf 89' lang='lat' dir='ltr'><strong>manibus</strong></span> <span class='ocrx_word' id='word_1_221' title='bbox 1020 2492 1189 2567; x_wconf 88' lang='lat' dir='ltr'><strong>pedibusque</strong></span> 
     </span>
    </p>
   </div>
   <div class='ocr_carea' id='block_1_9' title="bbox 229 2572 1188 2738">
    <p class='ocr_par' dir='ltr' id='par_1_9' title="bbox 229 2572 1188 2738">
     <span class='ocr_line' id='line_1_28' title="bbox 229 2572 1188 2650; baseline -0.002 -13"><span class='ocrx_word' id='word_1_222' title='bbox 229 2582 307 2650; x_wconf 85' lang='lat' dir='ltr'><strong>dato,</strong></span> <span class='ocrx_word' id='word_1_223' title='bbox 335 2573 479 2648; x_wconf 88' lang='lat' dir='ltr'><strong>polubrum</strong></span> <span class='ocrx_word' id='word_1_224' title='bbox 505 2572 615 2629; x_wconf 87' lang='lat' dir='ltr'><strong>sinistra</strong></span> <span class='ocrx_word' id='word_1_225' title='bbox 641 2589 722 2630; x_wconf 92' lang='lat' dir='ltr'><strong>manu</strong></span> <span class='ocrx_word' id='word_1_226' title='bbox 744 2580 851 2644; x_wconf 89' lang='lat' dir='ltr'><strong>teneto,</strong></span> <span class='ocrx_word' id='word_1_227' title='bbox 880 2573 989 2646; x_wconf 65' lang='lat' dir='ltr'><strong>dextera</strong></span> <span class='ocrx_word' id='word_1_228' title='bbox 1010 2593 1105 2634; x_wconf 89' lang='lat' dir='ltr'><strong>nasum</strong></span> <span class='ocrx_word' id='word_1_229' title='bbox 1127 2595 1188 2634; x_wconf 92' lang='lat' dir='ltr'><strong>cum</strong></span> 
     </span>
     <span class='ocr_line' id='line_1_29' title="bbox 229 2655 995 2738; baseline -0.018 -17"><span class='ocrx_word' id='word_1_230' title='bbox 229 2661 319 2738; x_wconf 86' lang='lat' dir='ltr'><strong>aqua’.</strong></span> <span class='ocrx_word' id='word_1_231' title='bbox 338 2687 375 2698; x_wconf 96' lang='lat'><em>-</em></span> <span class='ocrx_word' id='word_1_232' title='bbox 391 2656 459 2713; x_wconf 90' lang='lat' dir='ltr'><strong>Non.</strong></span> <span class='ocrx_word' id='word_1_233' title='bbox 478 2655 526 2726; x_wconf 83' lang='lat'><strong>19,</strong></span> <span class='ocrx_word' id='word_1_234' title='bbox 545 2657 592 2712; x_wconf 93' lang='lat'><strong>11.</strong></span> <span class='ocrx_word' id='word_1_235' title='bbox 606 2674 635 2731; x_wconf 92' lang='lat' dir='ltr'><strong>p.</strong></span> <span class='ocrx_word' id='word_1_236' title='bbox 652 2655 724 2714; x_wconf 81' lang='lat'><strong>544.</strong></span> <span class='ocrx_word' id='word_1_237' title='bbox 990 2658 995 2666; x_wconf 85' lang='lat'>&#39;</span> 
     </span>
    </p>
   </div>
   <div class='ocr_carea' id='block_1_10' title="bbox 228 2756 1190 3003">
    <p class='ocr_par' dir='ltr' id='par_1_10' title="bbox 228 2756 1190 3003">
     <span class='ocr_line' id='line_1_30' title="bbox 292 2756 1189 2835; baseline 0.001 -17"><span class='ocrx_word' id='word_1_238' title='bbox 292 2760 320 2818; x_wconf 82' lang='lat'><strong>8.</strong></span> <span class='ocrx_word' id='word_1_239' title='bbox 341 2760 438 2816; x_wconf 90' lang='lat' dir='ltr'><strong>Varro:</strong></span> <span class='ocrx_word' id='word_1_240' title='bbox 465 2759 661 2814; x_wconf 84' lang='lat' dir='ltr'><strong>Commentario</strong></span> <span class='ocrx_word' id='word_1_241' title='bbox 684 2759 770 2812; x_wconf 88' lang='lat' dir='ltr'><strong>ueteri</strong></span> <span class='ocrx_word' id='word_1_242' title='bbox 791 2756 863 2815; x_wconf 83' lang='lat' dir='ltr'><strong>Pabii</strong></span> <span class='ocrx_word' id='word_1_243' title='bbox 884 2758 998 2816; x_wconf 91' lang='lat' dir='ltr'><strong>Pictoris</strong></span> <span class='ocrx_word' id='word_1_244' title='bbox 1020 2761 1090 2835; x_wconf 78' lang='lat' dir='ltr'><strong>legi:</strong></span> <span class='ocrx_word' id='word_1_245' title='bbox 1120 2761 1189 2819; x_wconf 85' lang='lat' dir='ltr'><strong>‘llu-</strong></span> 
     </span>
     <span class='ocr_line' id='line_1_31' title="bbox 228 2840 1188 2916; baseline -0.002 -12"><span class='ocrx_word' id='word_1_246' title='bbox 228 2849 282 2906; x_wconf 88' lang='lat' dir='ltr'><strong>ries</strong></span> <span class='ocrx_word' id='word_1_247' title='bbox 305 2844 335 2900; x_wconf 88' lang='lat' dir='ltr'><strong>fit</strong></span> <span class='ocrx_word' id='word_1_248' title='bbox 356 2845 398 2899; x_wconf 84' lang='lat' dir='ltr'><strong>&#39;ex</strong></span> <span class='ocrx_word' id='word_1_249' title='bbox 420 2841 486 2914; x_wconf 89' lang='lat' dir='ltr'><strong>sale,</strong></span> <span class='ocrx_word' id='word_1_250' title='bbox 508 2841 581 2916; x_wconf 88' lang='lat' dir='ltr'><strong>quod</strong></span> <span class='ocrx_word' id='word_1_251' title='bbox 602 2841 658 2897; x_wconf 88' lang='lat' dir='ltr'><strong>sale</strong></span> <span class='ocrx_word' id='word_1_252' title='bbox 679 2840 819 2896; x_wconf 91' lang='lat' dir='ltr'><strong>sordidum</strong></span> <span class='ocrx_word' id='word_1_253' title='bbox 840 2843 863 2897; x_wconf 90' lang='lat' dir='ltr'><strong>si</strong></span> <span class='ocrx_word' id='word_1_254' title='bbox 885 2842 984 2914; x_wconf 88' lang='lat' dir='ltr'><strong>pistum</strong></span> <span class='ocrx_word' id='word_1_255' title='bbox 1007 2853 1035 2900; x_wconf 88' lang='lat' dir='ltr'><strong>et</strong></span> <span class='ocrx_word' id='word_1_256' title='bbox 1057 2846 1085 2902; x_wconf 91' lang='lat' dir='ltr'><strong>in</strong></span> <span class='ocrx_word' id='word_1_257' title='bbox 1107 2845 1188 2902; x_wconf 88' lang='lat' dir='ltr'><strong>ollam</strong></span> 
     </span>
     <span class='ocr_line' id='line_1_32' title="bbox 229 2921 1190 3003; baseline -0.001 -16"><span class='ocrx_word' id='word_1_258' title='bbox 229 2930 324 2987; x_wconf 90' lang='lat' dir='ltr'><strong>rudem</strong></span> <span class='ocrx_word' id='word_1_259' title='bbox 339 2921 461 2984; x_wconf 82' lang='lat' dir='ltr'><strong>fietitem²</strong></span> <span class='ocrx_word' id='word_1_260' title='bbox 478 2921 646 3001; x_wconf 82' lang='lat' dir='ltr'><strong>(contectum</strong></span> <span class='ocrx_word' id='word_1_261' title='bbox 661 2931 689 2982; x_wconf 85' lang='lat' dir='ltr'><strong>et</strong></span> <span class='ocrx_word' id='word_1_262' title='bbox 703 2929 732 2982; x_wconf 81' lang='lat' dir='ltr'><strong>in</strong></span> <span class='ocrx_word' id='word_1_263' title='bbox 745 2922 868 3000; x_wconf 71' lang='lat' dir='ltr'><strong>fornicei</strong></span> <span class='ocrx_word' id='word_1_264' title='bbox 884 2935 991 2984; x_wconf 87' lang='lat' dir='ltr'><strong>coctum</strong></span> <span class='ocrx_word' id='word_1_265' title='bbox 1006 2922 1072 3002; x_wconf 85' lang='lat' dir='ltr'><strong>est³,</strong></span> <span class='ocrx_word' id='word_1_266' title='bbox 1092 2940 1190 3003; x_wconf 84' lang='lat' dir='ltr'><strong>postea</strong></span> 
     </span>
    </p>
   </div>
   <div class='ocr_carea' id='block_1_11' title="bbox 229 3039 432 3052">
    <p class='ocr_par' dir='ltr' id='par_1_11' title="bbox 229 3039 432 3052">
     <span class='ocr_line' id='line_1_33' title="bbox 229 3039 432 3052; baseline 0 -6"><span class='ocrx_word' id='word_1_267' title='bbox 229 3039 432 3052; x_wconf 83' lang='grc'><em>,,.....-....--.</em></span> 
     </span>
    </p>
   </div>
   <div class='ocr_carea' id='block_1_12' title="bbox 228 3087 1189 3580">
    <p class='ocr_par' dir='ltr' id='par_1_12' title="bbox 228 3087 1189 3580">
     <span class='ocr_line' id='line_1_34' title="bbox 302 3087 1188 3162; baseline 0.002 -22"><span class='ocrx_word' id='word_1_268' title='bbox 302 3087 323 3156; x_wconf 87' lang='lat'><strong>¹)</strong></span> <span class='ocrx_word' id='word_1_269' title='bbox 336 3089 439 3153; x_wconf 80' lang='lat' dir='ltr'><strong>Scripsi</strong></span> <span class='ocrx_word' id='word_1_270' title='bbox 443 3107 453 3146; x_wconf 92' lang='lat'><em>;</em></span> <span class='ocrx_word' id='word_1_271' title='bbox 460 3090 575 3153; x_wconf 75' lang='lat' dir='ltr'><strong>sortasse</strong></span> <span class='ocrx_word' id='word_1_272' title='bbox 580 3097 641 3153; x_wconf 79' lang='lat' dir='ltr'><strong>port</strong></span> <span class='ocrx_word' id='word_1_273' title='bbox 650 3104 758 3138; x_wconf 89' lang='lat' dir='ltr'><strong>seorsum</strong></span> <span class='ocrx_word' id='word_1_274' title='bbox 768 3090 868 3139; x_wconf 83' lang='lat' dir='ltr'><strong>eccidit</strong></span> <span class='ocrx_word' id='word_1_275' title='bbox 877 3105 936 3140; x_wconf 87' lang='lat' dir='ltr'><strong>eam.</strong></span> <span class='ocrx_word' id='word_1_276' title='bbox 948 3119 981 3127; x_wconf 98' lang='lat'>—</span> <span class='ocrx_word' id='word_1_277' title='bbox 993 3089 1188 3162; x_wconf 83' lang='lat' dir='ltr'><strong>[flaminicae....]</strong></span> 
     </span>
     <span class='ocr_line' id='line_1_35' title="bbox 228 3157 1188 3225; baseline 0 -11"><span class='ocrx_word' id='word_1_278' title='bbox 228 3163 361 3214; x_wconf 83' lang='lat' dir='ltr'><strong>flamininus</strong></span> <span class='ocrx_word' id='word_1_279' title='bbox 376 3161 449 3209; x_wconf 86' lang='lat' dir='ltr'><strong>llialis</strong></span> <span class='ocrx_word' id='word_1_280' title='bbox 463 3161 503 3210; x_wconf 85' lang='lat' dir='ltr'><strong>ed.</strong></span> <span class='ocrx_word' id='word_1_281' title='bbox 518 3161 607 3210; x_wconf 81' lang='lat' dir='ltr'><strong>Hertz.</strong></span> <span class='ocrx_word' id='word_1_282' title='bbox 639 3157 661 3225; x_wconf 77' lang='lat'><strong>²)</strong></span> <span class='ocrx_word' id='word_1_283' title='bbox 674 3159 717 3208; x_wconf 87' lang='lat' dir='ltr'><strong>Ita</strong></span> <span class='ocrx_word' id='word_1_284' title='bbox 730 3177 798 3210; x_wconf 87' lang='lat' dir='ltr'><strong>nnnc</strong></span> <span class='ocrx_word' id='word_1_285' title='bbox 812 3167 968 3211; x_wconf 81' lang='lat' dir='ltr'><strong>monstrante</strong></span> <span class='ocrx_word' id='word_1_286' title='bbox 980 3163 1038 3225; x_wconf 79' lang='lat' dir='ltr'><strong>fere</strong></span> <span class='ocrx_word' id='word_1_287' title='bbox 1048 3164 1085 3212; x_wconf 91' lang='lat' dir='ltr'><strong>M.</strong></span> <span class='ocrx_word' id='word_1_288' title='bbox 1097 3163 1188 3214; x_wconf 80' lang='lat' dir='ltr'><strong>Hertz.</strong></span> 
     </span>
     <span class='ocr_line' id='line_1_36' title="bbox 228 3231 1189 3303; baseline -0.001 -18"><span class='ocrx_word' id='word_1_289' title='bbox 228 3235 366 3286; x_wconf 80' lang='lat' dir='ltr'><strong>modestiae</strong></span> <span class='ocrx_word' id='word_1_290' title='bbox 378 3232 482 3293; x_wconf 82' lang='lat' dir='ltr'><strong>scripsi.</strong></span> <span class='ocrx_word' id='word_1_291' title='bbox 502 3238 526 3279; x_wconf 88' lang='lat' dir='ltr'><strong>et</strong></span> <span class='ocrx_word' id='word_1_292' title='bbox 535 3231 584 3279; x_wconf 90' lang='lat' dir='ltr'><strong>sale</strong></span> <span class='ocrx_word' id='word_1_293' title='bbox 594 3247 640 3294; x_wconf 90' lang='lat' dir='ltr'><strong>quo</strong></span> <span class='ocrx_word' id='word_1_294' title='bbox 650 3231 699 3279; x_wconf 88' lang='lat' dir='ltr'><strong>sale</strong></span> <span class='ocrx_word' id='word_1_295' title='bbox 709 3231 831 3292; x_wconf 84' lang='lat' dir='ltr'><strong>sordidum</strong></span> <span class='ocrx_word' id='word_1_296' title='bbox 845 3239 936 3280; x_wconf 93' lang='lat' dir='ltr'><strong>sustum</strong></span> <span class='ocrx_word' id='word_1_297' title='bbox 947 3231 1051 3296; x_wconf 91' lang='lat' dir='ltr'><strong>(siistum</strong></span> <span class='ocrx_word' id='word_1_298' title='bbox 1063 3234 1088 3282; x_wconf 82' lang='lat'><strong>0.</strong></span> <span class='ocrx_word' id='word_1_299' title='bbox 1099 3235 1189 3303; x_wconf 73' lang='lat' dir='ltr'><strong>Lete.)</strong></span> 
     </span>
     <span class='ocr_line' id='line_1_37' title="bbox 229 3297 1187 3366; baseline 0.001 -12"><span class='ocrx_word' id='word_1_300' title='bbox 229 3313 266 3354; x_wconf 86' lang='lat' dir='ltr'><strong>est</strong></span> <span class='ocrx_word' id='word_1_301' title='bbox 280 3311 304 3352; x_wconf 88' lang='lat' dir='ltr'><strong>et</strong></span> <span class='ocrx_word' id='word_1_302' title='bbox 318 3303 388 3352; x_wconf 93' lang='lat' dir='ltr'><strong>ollam</strong></span> <span class='ocrx_word' id='word_1_303' title='bbox 401 3301 485 3350; x_wconf 86' lang='lat' dir='ltr'><strong>rudem</strong></span> <span class='ocrx_word' id='word_1_304' title='bbox 500 3301 601 3350; x_wconf 89' lang='lat' dir='ltr'><strong>lacidem</strong></span> <span class='ocrx_word' id='word_1_305' title='bbox 613 3301 674 3350; x_wconf 76' lang='lat' dir='ltr'><strong>odd.</strong></span> <span class='ocrx_word' id='word_1_306' title='bbox 700 3297 720 3366; x_wconf 74' lang='grc'><strong>8)</strong></span> <span class='ocrx_word' id='word_1_307' title='bbox 730 3300 853 3364; x_wconf 83' lang='lat' dir='ltr'><strong>Suppleot&#39;</strong></span> <span class='ocrx_word' id='word_1_308' title='bbox 866 3309 891 3351; x_wconf 83' lang='lat' dir='ltr'><strong>et</strong></span> <span class='ocrx_word' id='word_1_309' title='bbox 899 3304 1032 3352; x_wconf 80' lang='lat' dir='ltr'><strong>emendavi</strong></span> <span class='ocrx_word' id='word_1_310' title='bbox 1040 3320 1075 3353; x_wconf 77' lang='lat' dir='ltr'><strong>ecc</strong></span> <span class='ocrx_word' id='word_1_311' title='bbox 1085 3305 1152 3354; x_wconf 82' lang='lat' dir='ltr'><strong>Fest.</strong></span> <span class='ocrx_word' id='word_1_312' title='bbox 1163 3323 1187 3356; x_wconf 87' lang='lat' dir='ltr'><strong>v.</strong></span> 
     </span>
     <span class='ocr_line' id='line_1_38' title="bbox 228 3371 1189 3437; baseline 0.001 -12"><span class='ocrx_word' id='word_1_313' title='bbox 228 3376 330 3426; x_wconf 79' lang='lat' dir='ltr'><strong>Mortes</strong></span> <span class='ocrx_word' id='word_1_314' title='bbox 340 3389 368 3437; x_wconf 81' lang='lat' dir='ltr'><strong>p.</strong></span> <span class='ocrx_word' id='word_1_315' title='bbox 384 3383 429 3423; x_wconf 80' lang='lat'><strong>158.</strong></span> <span class='ocrx_word' id='word_1_316' title='bbox 445 3372 562 3421; x_wconf 86' lang='lat' dir='ltr'><strong>adiectum</strong></span> <span class='ocrx_word' id='word_1_317' title='bbox 578 3377 614 3421; x_wconf 92' lang='lat' dir='ltr'><strong>est</strong></span> <span class='ocrx_word' id='word_1_318' title='bbox 628 3379 652 3420; x_wconf 89' lang='lat' dir='ltr'><strong>et</strong></span> <span class='ocrx_word' id='word_1_319' title='bbox 663 3371 724 3421; x_wconf 85' lang='lat' dir='ltr'><strong>Cdd.</strong></span> <span class='ocrx_word' id='word_1_320' title='bbox 740 3373 858 3422; x_wconf 86' lang='lat' dir='ltr'><strong>adiectum</strong></span> <span class='ocrx_word' id='word_1_321' title='bbox 872 3388 907 3422; x_wconf 84' lang='lat' dir='ltr'><strong>eac</strong></span> <span class='ocrx_word' id='word_1_322' title='bbox 920 3373 957 3422; x_wconf 89' lang='lat' dir='ltr'><strong>aci</strong></span> <span class='ocrx_word' id='word_1_323' title='bbox 967 3381 1060 3423; x_wconf 89' lang='lat' dir='ltr'><strong>coctum</strong></span> <span class='ocrx_word' id='word_1_324' title='bbox 1070 3382 1154 3425; x_wconf 83' lang='lat' dir='ltr'><strong>ortum</strong></span> <span class='ocrx_word' id='word_1_325' title='bbox 1163 3384 1189 3426; x_wconf 90' lang='lat' dir='ltr'><strong>et</strong></span> 
     </span>
     <span class='ocr_line' id='line_1_39' title="bbox 228 3443 1189 3507; baseline 0 -11"><span class='ocrx_word' id='word_1_326' title='bbox 228 3447 259 3496; x_wconf 88' lang='lat' dir='ltr'><strong>ob</strong></span> <span class='ocrx_word' id='word_1_327' title='bbox 272 3443 465 3494; x_wconf 80' lang='lat' dir='ltr'><strong>similitudinem</strong></span> <span class='ocrx_word' id='word_1_328' title='bbox 479 3458 543 3507; x_wconf 83' lang='lat' dir='ltr'><strong>qnae</strong></span> <span class='ocrx_word' id='word_1_329' title='bbox 558 3443 746 3492; x_wconf 85' lang='lat' dir='ltr'><strong>interciderunt</strong></span> <span class='ocrx_word' id='word_1_330' title='bbox 755 3445 849 3494; x_wconf 84' lang='lat' dir='ltr'><strong>omisso</strong></span> <span class='ocrx_word' id='word_1_331' title='bbox 858 3458 912 3493; x_wconf 85' lang='lat' dir='ltr'><strong>esee</strong></span> <span class='ocrx_word' id='word_1_332' title='bbox 922 3445 1048 3496; x_wconf 83' lang='lat' dir='ltr'><strong>uidentur.</strong></span> <span class='ocrx_word' id='word_1_333' title='bbox 1072 3446 1189 3496; x_wconf 80' lang='lat' dir='ltr'><strong>Ceterum</strong></span> 
     </span>
     <span class='ocr_line' id='line_1_40' title="bbox 229 3514 547 3580; baseline -0.009 -14"><span class='ocrx_word' id='word_1_334' title='bbox 229 3518 263 3580; x_wconf 86' lang='lat' dir='ltr'><strong>cf.</strong></span> <span class='ocrx_word' id='word_1_335' title='bbox 279 3516 352 3578; x_wconf 80' lang='lat' dir='ltr'><strong>infra</strong></span> <span class='ocrx_word' id='word_1_336' title='bbox 371 3514 501 3563; x_wconf 83' lang='lat' dir='ltr'><strong>Veranius</strong></span> <span class='ocrx_word' id='word_1_337' title='bbox 515 3527 547 3565; x_wconf 91' lang='lat'><strong>11.</strong></span> 
     </span>
    </p>
   </div>
   <div class='ocr_carea' id='block_1_13' title="bbox 0 0 1340 4112">
    <p class='ocr_par' dir='ltr' id='par_1_13' title="bbox 0 0 1340 4112">
     <span class='ocr_line' id='line_1_41' title="bbox 0 0 1340 4112; baseline 0 2"><span class='ocrx_word' id='word_1_338' title='bbox 0 0 1340 4112; x_wconf 95' lang='lat' dir='ltr'><strong> </strong></span> 
     </span>
    </p>
   </div>
  </div>
 </body>
</html>
