2700 4118
255 213 318 278 666
461 229 521 265 utos.
541 229 573 264 su
591 228 654 264 sou.
673 227 763 265 naevus
782 228 890 264 couunr.
910 211 955 265 VI.
976 217 1000 264 4.

255 377 305 418 nec
320 375 462 416 nouercam
478 356 638 430 aliquando,
661 359 727 414 citra
749 375 861 430 poenam
883 359 979 414 incesti
996 373 1105 413 uxorem
1122 357 1212 414 dicere

255 436 1212 518 mmmmmmfflmmmsfflfflffmfl

257 523 1211 600 umwmmmmmfflmmmmmmmwmm

254 607 1211 683 mmmspmmmmafflmdQssfflammnmufflm

254 687 357 754 mm
944 705 952 722 ·

319 777 384 850 llap.
407 776 449 834 lV.
494 775 734 849 Gregorianus
757 775 848 832 libro
869 775 995 850 'quinto
1019 775 1080 832 sub
1104 775 1210 832 titulo

259 863 292 919 de
324 861 458 935 nuptsss
492 859 684 932 exemplum
718 859 899 915 isserarum
931 860 1142 916 dioclemani
1175 867 1211 914 et

256 937 724 1016 Maximianllmpp.³talem
746 945 1029 1000 conluncssonem
1052 943 1211 1016 grausser

256 1030 378 1103 punire
410 1035 663 1084 commemorat.
708 1025 863 1100 Exemplum
891 1027 972 1083 edicti
1001 1026 1155 1083 Diocletiani
1182 1035 1211 1082 et

256 1113 414 1169 'llanimlani
437 1103 685 1166 nobilissimorum⁴
707 1111 857 1167 Caesarum.
893 1109 917 1168 1.
943 1109 1072 1178 Quoniam
1095 1111 1145 1183 piis
1167 1127 1210 1166 re·
1223 1125 1285 1176 [aaa]

256 1197 415 1270 ligioslsque
436 1193 571 1250 mentibus
592 1195 695 1250 nostris
710 1210 754 1266 ea,
777 1211 846 1268 quae
860 1195 984 1250 Romanis
1007 1193 1115 1267 legibus
1137 1201 1210 1250 caste

257 1289 404 1352 sancteque
419 1285 483 1333 sunt
494 1278 653 1349 constituta,
669 1276 832 1334 uenerabilia
847 1280 960 1334 maxime
975 1277 1112 1349 uidentur,
1129 1285 1210 1350 atque

257 1371 365 1418 aeterna
380 1361 513 1433 religione
534 1361 672 1430 seruanda,
696 1356 881 1417 ‘dissimulari⁵
904 1377 948 1428 ea,
972 1377 1040 1434 quae
1062 1378 1076 1416 a
1100 1360 1210 1434 quibus·

256 1440 316 1501 da'm
338 1447 365 1500 in
388 1444 564 1517 praeteritum
587 1444 687 1500 nefarie
709 1446 865 1518 incesteque
887 1447 1028 1502 commissa
1050 1453 1126 1514 sunt,
1153 1460 1208 1501 non

259 1536 386 1603 oportere
409 1526 556 1583 credimus:
579 1521 657 1604 '(ima
678 1523 717 1604 si)
740 1522 823 1602 quae6
844 1529 888 1584 uel
904 1528 1052 1586 cohibenda
1068 1537 1141 1598 sunt,
1164 1527 1211 1584 uel

258 1615 336 1668 etiam
352 1611 526 1682 uindicanda,
551 1613 758 1684 insurgeremus
774 1612 913 1686 disciplina
932 1622 1088 1668 nostrorum
1104 1621 1209 1685 tempo·

257 1696 508 1753 mmmmmm
552 1694 1207 1768 Mmmmmmmmmmmmfflmm

260 1781 378 1851 nomini,
398 1789 430 1836 ut
452 1795 559 1852 semper
580 1777 701 1849 luerunt,
723 1779 846 1835 lauentes
861 1788 943 1852 atque
959 1780 1079 1853 placatos
1101 1779 1208 1834 lutnros

257 1879 387 1920 essenon
403 1861 585 1932 dubiumst,
608 1863 631 1917 si
652 1871 765 1919 cunctos
780 1863 831 1918 sub
846 1865 957 1937 imperio
973 1872 1067 1920 nostro
1083 1855 1207 1936 agentes⁷

257 1949 326 2020 piam
342 1947 549 2020 religiosamque
570 1939 676 2002 ’ultumi
692 1953 720 2002 et
741 1941 866 2002 ’castuml
889 1950 916 2002 iu
932 1947 1055 2004 omnibus
1070 1938 1209 2002 ’morem¹⁰

256 2031 347 2088 colere
369 2028 570 2104 ’perspexerint
597 2023 772 2087 assuetum¹¹
815 2025 843 2086 2.
865 2030 894 2086 ln
917 2045 971 2104 quo
993 2032 1020 2086 it
1044 2032 1123 2086 etiam
1145 2033 1208 2104 p'rc·

258 2113 404 2170 uidendum
421 2129 499 2187 quam
514 2114 625 2169 maxime
641 2129 701 2168 esse
716 2115 884 2187 censuimus,
908 2121 937 2170 ut
955 2116 1132 2171 matrimoniis
1147 2113 1207 2169 reli·

331 2295 351 2363 1)
367 2297 475 2347 Addidi.
495 2298 517 2347 sl
531 2312 588 2347 uero
603 2301 636 2362 cj.
652 2297 721 2348 Pitlt.
743 2298 781 2362 Of.
796 2297 828 2348 L.
843 2309 877 2350 68.
896 2299 928 2348 D.
944 2300 975 2348 de
989 2301 1040 2350 iur.
1055 2301 1106 2350 dot.
1122 2298 1165 2366 (23,
1176 2297 1207 2366 a).

259 2366 280 2433 2)
301 2369 339 2431 Os.
360 2368 392 2418 L.
412 2379 445 2417 11.
467 2369 489 2428 ᾗ.
510 2379 530 2418 1.
556 2368 588 2416 L.
608 2380 641 2420 ee.
666 2371 705 2430 ἐς.
725 2381 745 2420 s.
765 2381 785 2420 a.
805 2381 824 2420 r.
848 2369 881 2418 D.
901 2369 937 2418 ad
954 2373 1001 2434 lep.
1016 2369 1066 2418 Iul.
1081 2371 1207 2420 dcudutt.

256 2437 302 2504 (48,
317 2437 340 2502 a)
423 2433 443 2502 8)
463 2437 522 2486 Vid.
537 2437 646 2490 Haenel.
664 2439 708 2488 Gr.
725 2439 751 2489 0.
766 2455 794 2503 p.
809 2451 843 2490 at.
858 2441 881 2501 5.
896 2451 917 2492 o.
932 2439 1008 2488 iuius
1021 2441 1101 2490 edicti
1113 2448 1208 2491 mutata

169 2539 171 2544 -
256 2514 344 2557 exstat
357 2506 390 2555 J..
405 2518 439 2556 lt.
463 2507 489 2554 0.
504 2507 535 2556 de
549 2515 620 2570 nupt.
635 2507 669 2572 (t,
689 2507 720 2574 a).
794 2508 814 2572 ⁴)
828 2509 954 2572 Suspicor
972 2512 1118 2574 iepcndum:
1135 2511 1209 2560 lilari-

258 2578 330 2626 miani
344 2575 389 2626 Al.
405 2590 432 2625 ac
447 2576 657 2626 nobilissimorum.
718 2575 738 2643 ⁶)
754 2580 904 2629 dissimulare
920 2580 982 2629 Cdd.
997 2581 1054 2630 edd.
1120 2577 1140 2647 θ)
1155 2597 1208 2632 cum

259 2647 320 2698 Udd.
336 2645 399 2713 (sed)
415 2661 467 2694 cum
482 2647 521 2696 ed.
536 2645 576 2695 Bt.
592 2648 639 2696 imo
654 2649 675 2698 si
689 2657 751 2713 post
764 2651 895 2699 cred-imus
913 2649 944 2700 ob
958 2651 1148 2701 similitudinem
1162 2667 1207 2702 eu·

257 2718 365 2779 cidisse,
380 2717 473 2766 deinde
488 2731 547 2781 quae
562 2719 589 2767 in
603 2734 657 2767 cum
677 2727 798 2769 mutatum
816 2728 932 2784 apparet.
1006 2718 1206 2786 ⁷)SicVe.l1a·

256 2789 340 2837 bentes
365 2787 406 2836 Vi.
430 2795 512 2848 gentes
530 2787 562 2838 B.
590 2788 648 2839 Hac
667 2791 820 2839 adsensum
838 2805 889 2840 non
908 2793 1005 2854 inepte,
1027 2807 1082 2840 cum
1101 2808 1135 2842 en
1155 2799 1206 2842 toto

256 2857 341 2908 edicto
354 2858 464 2907 mamare
478 2859 501 2920 §-
515 2859 584 2921 4fiu.
595 2867 694 2922 pateat,
708 2861 737 2910 id
746 2862 906 2924 potissimum
917 2869 1006 2926 pentes
1020 2863 1130 2912 nondum
1145 2864 1206 2912 ciui·

256 2935 309 2978 tate
324 2927 440 2978 Romana
458 2929 568 2978 donatas
589 2932 751 2993 spectavisse.
824 2929 845 2996 8)
860 2939 884 2980 et
898 2933 1000 2995 quietam
1014 2931 1044 2980 B.
1068 2941 1091 2982 et
1105 2935 1206 2996 quietem

262 2999 307 3048 Ve.
322 2999 426 3062 quietam
445 2999 485 3048 Vi.
501 3000 540 3049 ed.
554 2999 595 3049 Bi.
623 2999 655 3050 In
670 3001 760 3064 quibus
775 3009 798 3050 et
811 3017 833 3065 q.
849 3017 883 3050 eac
896 3004 1047 3066 repetitione
1062 3005 1206 3052 ultimarum

257 3071 402 3118 litterarum
411 3071 594 3133 praecedentis
603 3073 674 3120 uocis
684 3073 710 3120 in
717 3073 770 3134 fine
779 3079 881 3122 notatae
891 3074 994 3136 prodiit
998 3090 1008 3130 ;
1021 3074 1124 3136 quietam
1134 3074 1205 3122 uitam

256 3153 326 3198 uero,
336 3139 397 3190 ttae
408 3143 487 3204 piane
497 3143 616 3200 alienant,
626 3140 671 3190 ubi
680 3142 711 3192 de
720 3144 819 3206 pietate
829 3150 854 3192 et
862 3145 989 3207 retipione
999 3145 1027 3192 in
1037 3145 1206 3194 matrimoniis

257 3211 410 3274 copulandis
423 3213 520 3276 agitur,
535 3211 641 3262 librarii
654 3226 689 3261 ece
702 3225 714 3262 1
732 3212 793 3261 itm.
808 3225 829 3274 a,
843 3224 864 3263 2.
879 3215 1015 3266 intrusere.
1081 3211 1102 3279 ⁹)
1117 3221 1206 3264 castam

259 3281 320 3331 Odd.
335 3281 393 3330 edd.
461 3277 493 3347 ¹⁰)
507 3296 573 3330 more
589 3281 651 3332 Gdd.
666 3283 723 3332 edd.
790 3279 823 3348 ¹¹)
837 3285 1028 3346 perspexerimus
1046 3285 1119 3334 uitam
1138 3283 1206 3349 (uitia

262 3350 318 3418 Vc.)
334 3352 395 3401 Odd.
410 3351 469 3401 edd;
499 3351 537 3415 Cf.
551 3350 598 3401 Sil.
614 3363 639 3410 t,
652 3365 699 3404 312.
729 3349 839 3402 ‘Assueto
858 3354 914 3402 belli
933 3354 962 3402 de
981 3351 1068 3403 more?
1097 3354 1206 3404 Assueto

257 3423 407 3471 contrarius
420 3435 473 3471 mos
486 3437 521 3470 eu·
534 3424 660 3472 sententia
674 3425 857 3486 imperatorum
875 3431 913 3474 est
926 3431 977 3473 tam
991 3424 1118 3474 burburus
1132 3439 1206 3488 quum

259 3491 428 3542 Christianus.
452 3491 515 3554 piam
529 3493 719 3556 religiosumque,
734 3493 837 3558 quietam
851 3501 874 3542 et
888 3502 977 3544 castam
988 3495 1011 3544 in
1022 3496 1130 3544 omnibus
1140 3508 1207 3543 more

257 3560 335 3609 colere
350 3561 541 3625 perspexerimus
554 3563 627 3612 uitam
641 3561 681 3612 Bi.
696 3563 735 3612 ed.
