2694 4110
382 222 523 258 ovnonvs
541 221 685 258 PATRICIVS.
704 221 859 258 Asesshlcnvs
1032 201 1092 265 869

142 369 208 426 τρος
222 347 257 428 τῇ
275 345 479 452 ίνιρυρωίρονμ
493 342 649 422 ἐνήχθη
619 367 674 448 την
692 353 922 408 enimsotusvere
932 352 1019 408 liuius
1028 367 1095 407 con·

142 427 253 509 ιίρχὴν,
275 429 326 488 καί
340 425 406 489 ἄντί
426 439 479 506 τῆς
495 427 583 500 είς
551 451 587 488 τα
602 427 673 507 χρή·
692 437 843 490 stitutionis
866 439 988 504 speciem
1007 429 1096 490 aniiu-

142 536 220 592 ματα
241 512 402 589 καταδίκης
431 511 579 590 ἐξωρίσθη
600 511 673 592 πρὸς
693 518 824 582 advertit,
833 520 1096 574 etsecundumeius

144 596 297 656 ἐνιαυτόν·
327 589 443 656 τίνα’
410 617 465 654 ουκ
489 594 616 672 ἐπείσθη
638 603 674 676 τῇ
694 601 872 656 traditionem
903 617 955 656 nos
985 605 1096 674 finyere

142 677 292 754 ἀποφάσει
307 688 360 757 τῆς
376 677 503 757 ἕξορίας·
524 678 575 738 καί
588 687 674 738 τοῦτο
692 685 840 753 debemus,
873 684 952 740 hunc
978 685 1096 741 Petrum

143 762 253 841 μαθιδν
267 760 284 822 6
299 761 438 870 6666669
458 759 548 834 αὐτὸς
569 761 599 835 ἕξ
618 761 673 821 a6-
692 769 862 822 iniuriarum
875 769 1030 823 actioneab
1042 772 1094 824 ini-

143 847 308 918 θεντίας’
281 869 322 918 εις
337 855 481 922 πενταετῆ
498 845 605 950 χρόνον
619 842 672 905 a6-
693 854 730 906 tio
746 857 914 906 conventum
929 859 956 906 ct
973 855 1033 907 uice
1043 867 1095 922 pc·

144 929 195 990 τὸν
205 929 384 1035 ἐξώρισεν,
427 929 478 989 καί
517 929 673 1034 ε’πήγαρεν,
693 950 843 990 cunrurrne
854 936 1096 991 condemnationis

143 1007 236 1074 αὐτὸν
255 1013 296 1092 μὴ
317 1011 503 1092 ἠτιμωσθαι,
526 1033 561 1072 ου
550 1006 670 1071 ’διδ
641 1035 673 1071 το
692 1021 722 1073 iu
732 1035 839 1074 annum
851 1021 1007 1091 retepatum
1020 1018 1096 1088 fuis·

143 1097 235 1176 βάρος
250 1105 303 1174 της
319 1099 457 1175 τιμωρίας
473 1105 525 1174 τῆς
538 1092 618 1168 ἒξ’
580 1105 675 1154 αατοδ
693 1116 739 1156 se:
733 1102 1094 1157 *deindcsentcntiacrcte-

143 1191 196 1241 τοῦ
211 1180 354 1284 βασιλέως
366 1177 585 1256 ἐπενεχθείσης,
600 1177 673 1238 ἀλλὰ
690 1185 813 1257 potionis
827 1201 884 1241 non
902 1177 1094 1256 obtemperas-

144 1263 241 1323 διὰ
214 1285 247 1324 το
261 1259 351 1366 βίρρς
372 1273 425 1340 τῆς
445 1263 563 1342 πρώτης
582 1283 673 1322 κατα·
692 1281 739 1323 se:
761 1270 837 1340 quod
858 1285 922 1324 cum
938 1273 1097 1340 imperator

144 1347 240 1423 δίκης,
255 1343 329 1406 ὅτε
313 1344 373 1405 υπὸ
389 1347 428 1428 τῷ
442 1343 564 1425 ε’ίρχοντι
577 1347 674 1449 κρινό-
693 1355 854 1407 rescivisset
856 1355 985 1423 ,ipseec
996 1359 1094 1409 aucto·

143 1451 231 1507 μενος
242 1426 283 1501 ὡς
293 1406 674 1508 δβριοτδςᾶντίχρημαίτων
692 1439 779 1490 ritate
793 1450 846 1490 sua
861 1439 890 1490 in
911 1439 1098 1509 quinquennii

144 1515 186 1585 εςί
215 1512 330 1586 ἕξορίαν
360 1509 571 1590 κατεδικάσθη.
621 1511 673 1572 06-
693 1525 805 1588 tcmpus
827 1533 890 1574 eum
911 1523 1048 1594 reteyaoit
1069 1526 1096 1575 et

144 1619 200 1668 τως
215 1601 271 1656 οὐν
285 1593 388 1674 ἔχων
375 1619 391 1656 ο
406 1595 606 1675 θεμαστισμδς
622 1606 674 1674 τῆς
693 1603 823 1672 subiecit
837 1617 899 1658 eum
911 1621 968 1660 non
978 1618 1041 1660 esse
1052 1607 1095 1658 in·

144 1680 314 1757 διατάξεως,
329 1703 384 1739 κατ
387 1677 530 1740 ὀὐδὲν’Ι
515 1697 673 1741 επταισται.
691 1685 902 1756 samotumnon
914 1694 1038 1757 propter
1053 1703 1096 1742 se·

145 1762 241 1823 ἐὰν
209 1787 264 1843 γαρ
272 1762 305 1823 ἐν
315 1786 350 1846 τη
337 1765 512 1846 πενταετία
522 1763 675 1840 νοήσωμεν
694 1773 840 1826 acritatem
853 1785 967 1840 poenae
982 1772 1044 1826 ab
1032 1786 1096 1842 ipso

144 1846 176 1907 τὸ
191 1825 382 1926 βεβαρῆσθαι
396 1843 500 1922 αὐτὸν,
496 1824 586 1907 οὐδὲ
601 1845 674 1918 ὅλως
690 1857 826 1925 principe
840 1858 868 1910 ci
882 1855 1024 1926 inflictae,
1046 1857 1098 1910 sed

144 1954 163 2008 η
152 1927 331 2002 ’διάταξις“
315 1947 440 2007 ισταται,
446 1951 496 1990 και
487 1930 675 2034 σωθείησαν
688 1945 814 2008 propter
828 1941 1008 1994 seueritatem
1018 1942 1095 2008 prio·

145 2014 176 2073 οί
207 2011 294 2072 κόποι
329 2020 383 2073 τοῦ
413 2013 673 2112 μνημονεοθέντος
693 2023 734 2074 ris
756 2022 1009 2088 condemnationis,
1032 2037 1096 2077 cum

144 2105 328 2176 περιφανοῦς
344 2089 518 2175 ἀνδρὸς,
491 2120 532 2169 εις
546 2095 673 2177 οίπὲραν-
692 2121 711 2158 a
746 2108 918 2176 mapistratu
953 2107 1097 2162 iudicatus

145 2201 196 2239 τον
210 2202 265 2258 την
279 2179 392 2240 οικειαν
411 2181 606 2240 διδασκαλίαν
621 2203 673 2258 xa·
692 2189 865 2243 iniuriarum
894 2193 1006 2244 nomine
1034 2192 1096 2246 loco

145 2261 290 2364 ριζόμενοι
311 2263 344 2323 ἐν
359 2260 441 2347 αὐτῷ
460 2271 500 2346 τῷ
518 2285 672 2342 πονηματι.
690 2275 882 2341 pecuniariae
888 2275 1096 2342 poenacadre

75 2342 280 2419 [7581κιίκεῖνος
289 2325 468 2425 1είκεν,”
451 2370 496 2408 οτι
516 2345 607 2426 ἡνίκα
629 2349 673 2409 δι·
691 2356 860 2425 ἱεραίίοοαικ
880 2358 1035 2412 damnatus
1053 2373 1096 2412 es·

144 2427 401 2508 πλασιαζόμενος
387 2452 404 2490 ο
419 2431 523 2536 χρόνος
544 2440 596 2509 τῆς
612 2429 673 2506 igo—
693 2445 743 2492 set
758 2437 897 2510 Itaquesi
906 2444 1095 2510 speciescon·

145 2515 210 2593 ρίας
225 2510 445 2593 ὑπερβαίνει
415 2537 450 2574 τα
465 2513 567 2574 δέκα
551 2534 615 2618 ετη·
634 2509 674 2588 ἦν
692 2523 845 2578 stitutionis
859 2525 932 2579 hacc
949 2531 1000 2593 cst,
1025 2525 1096 2580 nituit

144 2619 199 2676 γαρ
210 2595 300 2675 τυχὸν
311 2599 338 2658 εἰ
338 2599 398 2672 ἓξ
411 2597 591 2670 ἕνεαντονς
578 2619 609 2659 εκ
621 2623 673 2677 της
693 2613 744 2676 est,
766 2609 842 2678 quod
855 2609 993 2679 offendat
1022 2608 1097 2662 Nam

144 2678 323 2758 ἀποφάσεως
338 2622 512 2759 {evocasses
536 2683 602 2743 τότε
619 2681 674 2742 οὐκ
692 2692 718 2743 si
737 2693 913 2759 accipiamus
933 2707 995 2746 eum
1014 2695 1096 2763 quin·

145 2762 206 2824 ἔστι
219 2765 376 2825 διπλασίου
392 2763 474 2838 ίτοος
488 2761 628 2843 ἡκαταδί
626 2789 672 2844 κη,
693 2776 810 2843 quenuii
828 2789 923 2842 poena
946 2782 1096 2830 oneratam

145 2845 217 2908 ἄλλα
233 2849 378 2926 διηνεκῶς
400 2847 562 2955 ἐξορίζεται.
601 2847 674 2909 ἄλλα
694 2859 886 2924 esse,ommno
897 2873 952 2912 non
961 2862 1096 2914 consistet

146 2941 231 2992 τοῦτο
259 2930 315 3010 μὲν
342 2931 374 2992 τὸ
404 2929 586 3012 ἀνάγνωσμα
618 2924 677 2994 oeci
696 2941 1096 3010 constitutioctperibuntsu·
1109 2997 1113 3002 .

145 3015 261 3075 τοῦθ’.
282 3019 344 3120 βιβ.
365 3025 427 3077 τῶν
446 3021 480 3076 de
502 3020 591 3078 officio
612 3037 676 3121 ητα·
694 3024 779 3078 dores
800 3028 948 3079 memorati
973 3025 1097 3082 illustris

8 3125 14 3184 6
145 3097 284 3158 consulis²
306 3094 342 3158 οὐ
363 3099 456 3175 μόνον
476 3097 579 3174 αὐτὸς,
603 3098 675 3161 ἀλλὰ
694 3109 1096 3178 oiriiniafinitumdoctrinam

143 3177 231 3241 καὶὸ
254 3203 334 3259 ηρως
357 3175 775 3264 Εὔδόξιοςάνήγαηε·σκαοι
802 3193 993 3262 taryientes
983 3210 1012 3248 m
1033 3195 1096 3264 ipso

8 3283 11 3352 6

8 3363 10 3376 t

218 3395 238 3462 ¹)
254 3399 396 3456 Patricius,
411 3399 704 3451 cuiusltactcausocrba
717 3401 868 3452 Thaletaeus
878 3408 971 3454 attulit.
1019 3402 1039 3470 δ)
1055 3407 1096 3456 itt·

139 3470 219 3530 pioni
235 3470 362 3532 yenuinos
381 3468 462 3519 libras
480 3471 641 3532 inspexerat,
661 3487 695 3520 eac
713 3473 804 3536 quibus
822 3475 954 3536 depromta
973 3484 1010 3525 est
1028 3477 1060 3525 L.
1075 3491 1095 3529 8.

143 3537 177 3588 D.
192 3538 224 3586 de
233 3553 311 3600 paen.
327 3537 371 3602 (48,
385 3538 430 3605 ει).
