2680 4118
273 213 334 278 764
483 230 582 268 suan.
600 230 653 268 urs.
672 228 733 268 ιιοιι.
752 230 839 268 varra.
860 218 1007 268 tae-itt.

273 368 361 429 erunt,
385 367 413 415 et
436 359 591 434 petendum,
617 367 646 416 ut
668 358 853 416 ’denuntietur
874 352 973 416 aiteri¹
997 375 1029 414 ex
1051 359 1320 430 auctoritatatem?

273 459 334 500 curn
348 437 576 500 'denuntiaueris2
590 452 618 499 et
632 458 688 500 nan
703 445 820 500 uenerit.
843 441 939 518 ⁹(qnat)
956 436 1079 499 libellns³
1097 443 1153 514 det,
1176 439 1235 500 ἰιι4
1318 419 1320 510 i

272 527 377 583 litteras
393 535 475 599 petat.
1320 525 1321 528 ’

334 603 396 667 lte.
424 604 517 669 iiten.
554 607 666 677 Quidam
688 617 777 666 tamen
798 611 886 666 iustos
908 609 1056 667 seeundum
1078 609 1126 666 has
1147 611 1234 684 teges
1320 641 1321 648 ι

273 699 371 766 putant
391 692 451 750 dici.
495 685 599 766 ’(Βιιι)θ
619 693 675 749 diui
696 709 807 766 quaque
823 693 927 749 iiarcus
950 701 978 748 et
991 691 1091 749 Lucius
1106 696 1231 767 Apronio

273 775 417 834 Saturnino
433 779 470 833 ita
489 769 699 850 ’scripserunt:⁷
728 775 773 832 ‘Si
788 777 977 832 instrumentis
990 775 1105 849 probas,
1128 776 1232 833 habere

272 868 300 916 te
314 861 402 916 iustas
417 868 473 917 tres
488 859 598 931 liberos,
614 860 813 916 excusationem
827 869 899 916 tuam
915 859 1037 916 Manilius
1049 858 1134 916 Carbo
1151 876 1232 934 prae·

273 951 317 999 tar
340 943 383 998 uir
404 943 567 1000 clarissimus
589 945 712 1018 accipiet.
757 943 810 999 Sed
832 943 967 1000 iustarum
990 945 1092 1000 mentia
1106 945 1144 1000 ita
1159 947 1231 1000 aeci-

272 1027 368 1100 pienda
384 1035 436 1097 est,
451 1029 491 1084 uti
505 1026 653 1084 secundum
668 1029 710 1082 ius
726 1026 805 1082 ciuile
821 1028 935 1099 quaesiti
950 1020 1044 1082 sint.'⁸

335 1105 398 1168 169.
428 1104 523 1184 ⁹item,
559 1102 625 1188 (In)
645 1110 816 1184 adoptionem
831 1109 886 1166 dati
908 1109 941 1166 ad
956 1110 1026 1166 hanc
1040 1126 1147 1167 eausam
1163 1127 1229 1183 prn-

272 1192 382 1251 derunt.

335 1272 395 1334 lto.
423 1276 498 1335 item.
535 1275 578 1332 lus
600 1276 777 1333 liberornma
797 1278 919 1352 principe
944 1278 1115 1350 impetratum
1130 1293 1181 1334 nea
1195 1277 1229 1334 ari

135 1403 137 1412 ,
166 1349 342 1420 ⁹⁴·b·[²⁷]iranc
357 1375 479 1430 eausam,
499 1375 550 1416 nee
564 1359 596 1414 ad
612 1353 739 1438 muinera
759 1368 858 1417 cetera
877 1361 1051 1417 declinanda
1067 1354 1230 1432 pradest.¹⁰

183 1421 257 1488 im·
574 1436 684 1506 [Desunt
698 1442 813 1505 papinae
831 1437 919 1507 dnae]

176 1505 256 1584 dicas.
334 1507 385 1570 171.
411 1506 498 1570 ¹¹...
521 1513 582 1570 Nec
605 1533 623 1570 a
645 1521 734 1585 patre
760 1519 928 1571 testamenta
956 1513 1123 1587 desipnatns
1149 1521 1230 1572 tutor

269 1611 325 1668 per
337 1599 459 1668 potioris
473 1600 689 1654 nominationem
705 1599 807 1671 peterit
818 1612 849 1656 se
864 1601 948 1656 oneri
961 1599 1144 1668 subtrahere,
1160 1599 1229 1655 licet

271 1698 291 1736 a
300 1687 442 1750 praetore
458 1683 646 1753 confirmatus
657 1685 701 1736 sit.
728 1679 787 1736 Nan
798 1683 869 1736 enim
885 1683 1102 1738 testamentarius
1113 1683 1230 1752 quidem
1322 1759 1324 1768 J

272 1770 417 1834 interest,
433 1767 485 1821 sed
499 1772 592 1820 tamen
603 1781 661 1835 pra
677 1778 710 1820 ea
724 1765 857 1820 liabetur.

186 1834 253 1915 {fiij
334 1843 392 1906 lte.
414 1847 522 1904 Paulius
542 1846 610 1902 iiiuc
626 1846 656 1904 ιι.
672 1842 912 1904 Sententiarum¹²
937 1846 990 1904 Pro
1006 1852 1228 1904 testamentaria

182 1921 255 1960 ΜΤ·
273 1947 327 1988 sna
342 1933 436 1989 inutili
450 1934 537 1988 tutela
556 1934 619 2002 ipse
635 1937 713 1987 inter
729 1933 829 2003 datus,
852 1939 883 1987 ut
904 1938 946 1988 est
961 1929 1071 1987 Latinus
1086 1930 1226 2003 inritamus,
1239 1942 1295 1991 [art]

272 2154 382 2202 reditum
392 2155 480 2215 prima
491 2168 542 2215 pra
557 2151 682 2200 tribunali
695 2153 776 2202 sessio
787 2152 881 2214 futura
890 2157 964 2209 esset,
974 2149 1149 2201 subscriberet
1157 2167 1226 2202 enm·

272 2239 318 2286 que
333 2225 371 2272 ita
384 2223 542 2272 reddendum
556 2223 649 2281 actori,
664 2237 713 2286 qua
727 2224 750 2270 is
763 2223 840 2271 tertia
854 2223 963 2270 alterum
972 2235 1024 2290 per
1038 2220 1149 2270 libellam
1165 2237 1226 2272 con·

272 2299 370 2342 uentum
384 2307 438 2342 esse
452 2293 568 2350 doceret,
584 2283 746 2360 ἀντίβιβιοιι
757 2292 871 2354 faceret,
891 2291 939 2341 irae
953 2298 1003 2348 est,
1022 2292 1049 2340 in
1068 2306 1117 2355 qno
1132 2299 1227 2342 cantra

272 2363 382 2412 libellum
397 2355 479 2427 (nard
494 2355 525 2412 τὸ
538 2360 656 2430 βιβλίον)
668 2362 700 2411 ab
714 2369 803 2412 actare
816 2361 995 2424 subscriptam,
1007 2376 1079 2425 quem
1092 2363 1225 2413 retineret.

271 2435 364 2494 etipse
379 2433 406 2480 in
420 2432 544 2480 iudicium
557 2431 736 2481 subscriberet.
804 2429 824 2496 ¹)
839 2432 977 2484 denuntient
987 2431 1004 2479 ι’
1024 2431 1051 2479 V
1053 2430 1072 2480 ⁶.
1082 2434 1226 2494 penultima

270 2503 345 2567 sipno
359 2508 496 2564 carpuneto.
526 2500 635 2550 Videtur
645 2503 704 2550 alim
717 2503 842 2565 acriptam
853 2503 949 2564 fuisse:
964 2501 1093 2550 denuntiet
1104 2502 1162 2550 sisi.
1186 2503 1226 2552 De

271 2587 301 2621 re
315 2572 349 2633 cf.
365 2571 396 2618 L.
412 2581 432 2621 s.
447 2573 470 2631 §-
485 2582 505 2620 ι.
525 2570 558 2619 D.
573 2571 659 2633 depos.
675 2570 719 2636 (re,
734 2566 765 2636 a).
784 2571 833 2620 Ed.
852 2571 975 2621 Theodec.
990 2583 1023 2622 10.
1039 2584 1073 2622 11.
1087 2571 1119 2620 h.
1135 2582 1155 2620 s.
1179 2571 1224 2626 iit.

273 2641 298 2690 0.
313 2642 345 2690 de
359 2640 462 2689 denunt.
478 2639 510 2702 (t,
523 2639 556 2705 ι).
607 2637 627 2706 ⁹)
643 2640 688 2691 Sic
707 2641 734 2690 V
736 2641 757 2691 i.
774 2641 908 2692 Privatam
921 2643 1036 2706 intellige
1050 2642 1225 2692 denuntiatio·

272 2726 334 2760 nem.
362 2710 455 2759 Altera
469 2711 581 2760 editione
598 2713 768 2775 scripseram:
786 2726 814 2760 ex
828 2713 976 2761 auctoritate.
991 2725 1046 2761 aum
1059 2712 1225 2761 denuntiatum

272 2781 317 2830 crit
331 2779 428 2830 Eodem
442 2781 514 2830 modo
529 2782 713 2846 interpungens
727 2783 902 2831 denuntiauerit
917 2790 940 2831 et
954 2783 977 2830 is
990 2795 1038 2830 uon
1052 2782 1092 2834 ed.
1108 2781 1222 2832 Mamms.

272 2847 293 2916 8)
307 2849 353 2900 Sic
366 2866 435 2900 nnnc
448 2853 571 2915 supplevi.
600 2853 685 2902 Antea
703 2853 848 2902 edideram:
862 2853 967 2910 uenerit,
983 2851 1082 2901 libellas.
1110 2850 1164 2902 Sed
1178 2867 1223 2915 ap·

269 2928 353 2984 paret,
368 2919 504 2971 librariam
517 2938 573 2972 cana
583 2937 633 2972 nan
643 2923 810 2987 intelieperet,
820 2923 899 2985 prins
908 2935 962 2971 cum
971 2929 996 2971 et
1005 2937 1071 2986 qnae
1080 2930 1223 2986 sequuntur

271 2992 307 3040 ad
320 2992 348 3040 id
358 2993 499 3054 pertinere,
514 2993 582 3057 qnod
594 2992 721 3055 petendum
734 2994 777 3050 sit,
793 2989 876 3056 ‘quat'
892 2993 940 3042 doe
954 2993 1011 3042 loca
1024 2993 1148 3041 amisisse.
1178 2992 1223 3042 Ce-

270 3068 352 3110 terum
365 3076 412 3112 nec
427 3062 467 3110 dai
476 3077 528 3125 pra
543 3063 583 3111 det
595 3060 759 3111 scribendum
772 3077 819 3112 nec
833 3069 912 3112 tatum
925 3063 974 3112 liae
983 3061 1076 3111 libaiins
1088 3099 1093 3112 .
1105 3099 1111 3111 .
1123 3099 1128 3110 .
1141 3069 1223 3125 ,petat

266 3131 1221 3268 diffinitatis'tt‘tdi‘i'iidiiiiiiatti·

270 3284 303 3332 16,
318 3285 338 3324 a.
353 3274 375 3334 ξ.
390 3285 410 3323 ι.
425 3273 457 3321 J..
472 3283 493 3321 ι.
508 3273 531 3332 ξ.
546 3283 566 3322 ι.
582 3271 613 3320 D.
629 3272 652 3320 it.
668 3279 684 3320 t.
737 3269 758 3338 ⁶)
772 3271 902 3336 Suppieni.
955 3269 976 3336 ²)
996 3271 1023 3321 V
1023 3271 1041 3320 ὅ.
1057 3273 1096 3322 ed.
1108 3271 1223 3322 Mamms.

269 3344 445 3404 rescripserunt
459 3356 494 3390 eas
512 3340 571 3391 Vat.
586 3348 695 3392 ceterae.
752 3338 773 3407 8)
789 3345 806 3391 ι’.
821 3358 843 3392 e.
858 3344 918 3392 ticet
927 3343 1097 3405 pasteainsti
1110 3356 1165 3392 esse
1179 3342 1223 3404 de-

268 3414 369 3461 sierint.
388 3410 470 3461 Sensn
485 3412 604 3476 eminente
613 3412 743 3476 dacaeque
752 3414 876 3476 rescripti
884 3411 963 3462 verba
973 3413 1129 3475 accipienda
1138 3419 1222 3461 mant.

269 3479 291 3544 ⁹)
308 3481 346 3544 Of.
362 3483 384 3542 5.
395 3492 442 3532 ιιι.
453 3497 497 3545 pr.
514 3481 570 3531 La.
581 3490 597 3531 t.
652 3479 684 3547 ¹⁰)
701 3482 820 3532 Restitni.
843 3480 1059 3532 sentiscerent.
1109 3479 1145 3546 3¹)
1159 3480 1224 3532 Sen-

268 3552 372 3600 tentiam
386 3552 544 3601 reatitnendn
559 3552 649 3616 effeci,·
664 3553 697 3616 cf.
713 3555 736 3615 ἐ.
751 3565 797 3604 ιιι.
852 3547 885 3618 1²)
900 3551 944 3602 Ad
956 3565 1057 3602 sensnm
1070 3553 1182 3602 restitui.
