2680 4112
248 254 308 312 122
592 263 615 298 o.
633 260 728 298 armes
745 259 847 298 enemo.

308 384 359 448 26.
382 383 557 461 (Nesreodes
567 386 618 461 ee.)
635 387 727 442 Ateius
740 386 840 457 Capito
855 385 986 458 infantes
1001 400 1066 443 esse
1078 389 1205 444 nondum

241 472 418 548 frendentes,
438 472 465 528 id
485 480 527 527 est
538 471 720 544 franpentes.
736 500 777 510 —
792 468 864 526 Post.
879 486 905 525 v.
921 469 1071 526 Nelrendes
1086 487 1114 543 p.
1132 471 1204 528 162.

306 551 354 614 27.
376 555 532 612 Scaeuolam
552 571 662 628 quoque
676 561 704 610 et
716 553 747 608 L.
762 553 866 610 delium
881 561 910 610 et
923 555 1029 612 Ateium
1045 552 1204 627 Capitonem

242 645 271 697 in
285 639 377 699 eadem
393 641 526 695 sententia
542 634 593 714 (se
603 638 636 692 de
647 639 711 694 uino
723 636 851 709 murrina)
868 637 952 694 luisse
968 637 1057 710 uideo,
1073 639 1274 710 quoniamrsr]

243 727 270 782 in
285 723 420 781 Pseudolo
435 724 487 780 sit:

313 829 380 887 Quod
394 828 416 877 si
430 843 489 892 opus
504 835 549 890 est,
562 833 589 876 ut
603 827 671 876 dulce
685 833 779 890 promat
789 826 901 888 indidem,
912 826 997 890 ecquid
1006 827 1096 875 hahet?
1115 825 1205 874 Cllhlt.

836 897 871 946 llo
887 899 933 946 as?

314 969 450 1030 ldurrinam,
465 981 570 1032 passum,
585 967 711 1027 defrutum,
725 967 809 1014 mella.
822 1003 828 1016 .
839 1003 844 1014 .
857 911 885 1016 ‚⁸

174 1101 180 1110 ,
244 1068 341 1143 quihus
356 1075 478 1141 apparet,
498 1083 554 1122 nou
569 1066 641 1120 inter
656 1067 718 1120 uina
733 1064 814 1120 modo
830 1066 976 1120 murrinam
992 1065 1040 1120 sed
1055 1067 1127 1122 inter
1142 1064 1206 1120 dnl-

242 1155 284 1210 eia
299 1167 409 1225 quoque
423 1152 599 1208 nominatum.
616 1177 657 1189 —-
671 1149 739 1204 Plin.
755 1146 786 1204 N.
804 1147 836 1202 ll.
854 1147 904 1217 14,
922 1150 970 1206 13.
987 1149 1016 1220 S.
1032 1147 1082 1206 15.

305 1233 356 1293 28.
379 1234 542 1308 Certumque
557 1231 587 1288 lit
608 1231 656 1304 (so.
673 1233 791 1306 pistores
807 1231 905 1287 llomae
922 1248 976 1288 nou
991 1233 1077 1289 fuisse
1091 1232 1124 1288 ad
1139 1231 1208 1288 Per·

242 1322 326 1376 sicum
342 1334 429 1391 usque
444 1316 553 1382 bellum,
575 1318 705 1390 ipsosque
719 1315 846 1384 Quirites,
867 1315 993 1371 mulieres
1008 1323 1084 1389 puta,
1107 1332 1206 1389 panem

242 1398 348 1475 fecisse)
365 1402 435 1456 Ateii
449 1399 585 1474 Capitonis
600 1401 742 1474 sententia,
764 1415 844 1455 oooos
859 1405 917 1454 tum
931 1415 1026 1472 panem
1042 1399 1206 1457 lautioribus

241 1501 359 1559 coquere
374 1483 480 1554 solitos,
495 1485 667 1556 pistoresque
682 1491 786 1538 tautum
801 1497 858 1548 eos,
878 1483 925 1556 qui
941 1482 982 1538 lar
996 1483 1129 1556 pisehant,
1151 1499 1205 1539 no·

241 1571 368 1624 miratos.
384 1597 426 1608 --
440 1566 508 1622 Plin.
523 1566 556 1621 ll.
573 1565 606 1622 H.
624 1566 672 1634 18,
691 1567 739 1622 11.
758 1567 786 1637 S.
802 1564 853 1622 28.

303 1663 353 1727 29.
377 1658 695 1741 Τᾶγὰρέιιίσηματῶν
746 1667 821 1722 Nom
854 1669 979 1740 insipnt'a
1014 1671 1207 1740 mopistratus

241 1742 392 1824 ἀρχόντων
406 1741 466 1806 ἀπὸ
482 1744 626 1805 moderor
642 1751 693 1806 ln·
746 1751 839 1808 Numa
855 1765 912 1807 rex
924 1769 942 1806 a
957 1751 1077 1806 Theseis
1089 1759 1206 1807 mutua·

240 1829 305 1910 βών
325 1827 341 1891 ὁ
362 1825 500 1909 βασιλεὺς
516 1831 643 1908 Νουμᾶς
658 1838 695 1912 τῇ
746 1842 775 1890 to
796 1836 826 1888 im
846 1836 1052 1904 rempublicam
1073 1836 1208 1891 introdu-

241 1915 372 1994 πολιτείᾳ
395 1909 567 1993 εἰσήγαγεν,
585 1913 694 1995 ,ὥσπερ
745 1923 799 1990 xit,
815 1920 901 1974 sicuti
912 1925 939 1974 et
955 1935 1100 1974 armorum
1111 1918 1208 1973 robur

242 1997 290 2059 eol
310 2007 370 2059 τῶν
382 1997 482 2058 ὅπλων
496 1996 528 2057 τὸ
544 1991 694 2076 δύσμαχον
747 2021 765 2058 a
778 2003 878 2059 Collis.
903 2008 1047 2058 testantur
1060 2003 1135 2058 haee
1148 1999 1207 2058 Ca·

240 2074 299 2141 ἆπὸ
310 2086 463 2142 Γαλατῶν.
485 2081 535 2142 καὶ
549 2081 694 2160 μάρτυρες
745 2091 804 2159 pito
820 2093 847 2142 et
862 2086 1011 2142 Fonteius.

240 2163 296 2244 μὲν
318 2165 431 2226 τούτων
453 2162 479 2226 o‘'
501 2187 531 2226 ee
553 2167 697 2226 Καπίτων

240 2247 291 2310 καὶ
313 2244 475 2326 Φωντήϊος.
492 2281 531 2292 -
552 2252 591 2308 lo.
614 2251 694 2308 Laur.

240 2333 307 2408 Lyd.
323 2336 357 2392 de
372 2337 494 2408 magistr.
510 2335 602 2393 exord.

303 2432 355 2492 80.
381 2428 491 2489 ¹htoius
513 2436 620 2503 asserit,
642 2433 753 2491 Romam
776 2443 837 2492 ante
859 2435 1006 2493 aduentum
1021 2433 1140 2492 Euandri
1155 2435 1205 2493 diu

240 2517 386 2574 Valentiam
403 2519 556 2573 uocitatum.
572 2547 613 2558 -
629 2517 706 2574 Serv.
723 2519 756 2573 ad
772 2520 839 2575 hen.
858 2520 887 2590 1,
904 2517 975 2577 273.

302 2597 346 2657 31.
370 2599 422 2656 Sed
437 2600 519 2656 Varro
542 2609 569 2656 et
585 2603 677 2657 Ateius
699 2609 792 2657 contra
807 2604 939 2674 sentiunt,
961 2603 1080 2660 dieentes
1096 2599 1204 2660 ‘diuos’

239 2693 397 2758 perpetuos,
414 2682 513 2754 ‘deos',
530 2685 575 2756 qui
589 2693 702 2758 propter
716 2687 758 2740 sui
773 2688 1005 2743 consecrationem
1014 2687 1153 2757 timentur,
1170 2696 1205 2743 ut

240 2775 305 2822 sunt
319 2767 354 2822 dii
370 2767 469 2823 hlanes.
487 2795 524 2808 -
541 2767 616 2822 Serv.
633 2769 666 2824 ad
682 2769 747 2827 Aen.
763 2767 792 2838 5,
809 2766 860 2826 45.

302 2845 350 2908 32.
374 2851 468 2906 Ateius
483 2849 642 2924 Philologus
657 2851 798 2906 libertinus
814 2852 926 2908 Athenis
942 2861 1033 2910 natus.
1063 2852 1142 2909 Hune
1154 2851 1206 2908 Ca-

239 2933 297 3007 pito
313 2935 406 2988 Ateius
428 2941 509 2990 notus
531 2934 741 2999 iurisconsultus
757 2936 829 2990 inter
844 2939 1034 3009 grammaticos
1050 2937 1204 3010 rhetorem,

239 3017 310 3072 inter
341 3017 464 3073 rhetores
497 3019 700 3092 grammaticum
730 3016 815 3073 luisse
847 3021 893 3079 ait.
915 3048 956 3059 -
984 3019 1062 3078 Suet.
1096 3021 1131 3076 de
1161 3019 1205 3078 ill.

240 3100 419 3172 gramm.10.

302 3179 349 3240 33.
374 3183 421 3239 llic
442 3184 511 3240 idem
533 3182 583 3254 (so.
598 3181 632 3238 ll.
647 3182 812 3256 Pomponius
827 3182 979 3260 Marcellus)
1003 3203 1065 3243 enm
1088 3205 1121 3244 ex
1142 3203 1206 3244 ora·

239 3265 314 3322 tione
336 3267 472 3322 'libertum
495 3265 724 3338 reprehendisset,
747 3265 896 3324 affirmante
911 3270 990 3325 Ateio
1007 3270 1149 3347 Capitone,
1174 3279 1205 3326 et

238 3433 410 3495 appellatione
424 3430 535 3478 nocitum
546 3428 637 3490 fuisse.
667 3425 687 3492 ¹)
701 3427 775 3478 Haeo
781 3429 820 3492 fr.
828 3441 861 3480 oo.
876 3439 902 3480 et
915 3443 948 3482 at.
960 3441 988 3482 ut
1001 3436 1085 3500 magio
1099 3435 1205 3498 Capito-

238 3504 286 3562 nis,
296 3517 370 3564 quam
381 3499 512 3562 Philolopi
518 3512 572 3546 esee
579 3499 727 3560 existimem,
732 3501 829 3562 partim
837 3505 1206 3568 argumentumsecitfflartim

238 3571 307 3634 quod
314 3568 461 3618 humoSero.
470 3567 506 3616 ad
513 3565 577 3616 Aen.
593 3579 613 3629 1,
622 3579 669 3618 ool.
676 3571 754 3631 pleno
767 3569 838 3618 Ateii
851 3570 1205 3636 Philolopinominelaudat.
