<?xml version="1.0" encoding="UTF-8"?>
<!DOCTYPE html PUBLIC "-//W3C//DTD XHTML 1.0 Transitional//EN"
    "http://www.w3.org/TR/xhtml1/DTD/xhtml1-transitional.dtd">
<html xmlns="http://www.w3.org/1999/xhtml" xml:lang="en" lang="en">
 <head>
  <title>
</title>
<meta http-equiv="Content-Type" content="text/html;charset=utf-8" />
  <meta name='ocr-system' content='tesseract 3.04.00' />
  <meta name='ocr-capabilities' content='ocr_page ocr_carea ocr_par ocr_line ocrx_word'/>
</head>
<body>
  <div class='ocr_page' id='page_1' title='image "./ivrisprvdentiae00huscgoog_0419.png"; bbox 0 0 2684 4112; ppageno 0'>
   <div class='ocr_carea' id='block_1_1' title="bbox 409 174 1083 242">
    <p class='ocr_par' dir='ltr' id='par_1_1' title="bbox 409 174 1083 242">
     <span class='ocr_line' id='line_1_1' title="bbox 409 174 1083 242; baseline 0.022 -15"><span class='ocrx_word' id='word_1_1' title='bbox 409 192 466 228; x_wconf 80' lang='lat' dir='ltr'><strong>narr</strong></span> <span class='ocrx_word' id='word_1_2' title='bbox 484 191 575 228; x_wconf 84' lang='lat' dir='ltr'><strong>rnsmr.</strong></span> <span class='ocrx_word' id='word_1_3' title='bbox 594 174 640 229; x_wconf 88' lang='lat' dir='ltr'><strong>IV.</strong></span> <span class='ocrx_word' id='word_1_4' title='bbox 662 181 809 231; x_wconf 77' lang='lat' dir='ltr'><strong>ret-150.</strong></span> <span class='ocrx_word' id='word_1_5' title='bbox 1018 176 1083 242; x_wconf 85' lang='lat'><strong>395</strong></span> 
     </span>
    </p>
   </div>
   <div class='ocr_carea' id='block_1_2' title="bbox 59 321 1130 1734">
    <p class='ocr_par' dir='ltr' id='par_1_2' title="bbox 59 321 1130 1734">
     <span class='ocr_line' id='line_1_2' title="bbox 132 321 1083 398; baseline 0.004 -20"><span class='ocrx_word' id='word_1_6' title='bbox 132 323 229 394; x_wconf 89' lang='lat' dir='ltr'><strong>sciens,</strong></span> <span class='ocrx_word' id='word_1_7' title='bbox 246 321 324 378; x_wconf 89' lang='lat' dir='ltr'><strong>adse</strong></span> <span class='ocrx_word' id='word_1_8' title='bbox 340 337 394 378; x_wconf 91' lang='lat' dir='ltr'><strong>non</strong></span> <span class='ocrx_word' id='word_1_9' title='bbox 410 323 555 395; x_wconf 89' lang='lat' dir='ltr'><strong>pertinere,</strong></span> <span class='ocrx_word' id='word_1_10' title='bbox 572 321 707 394; x_wconf 77' lang='lat' dir='ltr'>possidet:</span> <span class='ocrx_word' id='word_1_11' title='bbox 724 323 784 380; x_wconf 90' lang='lat' dir='ltr'><strong>ideo</strong></span> <span class='ocrx_word' id='word_1_12' title='bbox 796 331 886 380; x_wconf 90' lang='lat' dir='ltr'><strong>autom</strong></span> <span class='ocrx_word' id='word_1_13' title='bbox 898 323 1083 398; x_wconf 71' lang='lat' dir='ltr'>adipiscendae</span> 
     </span>
     <span class='ocr_line' id='line_1_3' title="bbox 132 397 1083 482; baseline 0.002 -20"><span class='ocrx_word' id='word_1_14' title='bbox 132 405 312 481; x_wconf 82' lang='lat' dir='ltr'><strong>possessionis</strong></span> <span class='ocrx_word' id='word_1_15' title='bbox 342 414 457 462; x_wconf 86' lang='lat' dir='ltr'><strong>uocatur</strong></span> <span class='ocrx_word' id='word_1_16' title='bbox 485 397 728 480; x_wconf 79' lang='lat' dir='ltr'><strong>&#39;(eicterdictnm),¹</strong></span> <span class='ocrx_word' id='word_1_17' title='bbox 757 409 818 482; x_wconf 88' lang='lat' dir='ltr'><strong>quia</strong></span> <span class='ocrx_word' id='word_1_18' title='bbox 845 409 869 464; x_wconf 91' lang='lat' dir='ltr'><strong>ei</strong></span> <span class='ocrx_word' id='word_1_19' title='bbox 892 415 996 464; x_wconf 88' lang='lat' dir='ltr'><strong>tantum</strong></span> <span class='ocrx_word' id='word_1_20' title='bbox 1019 408 1083 464; x_wconf 88' lang='lat' dir='ltr'><strong>utiie</strong></span> 
     </span>
     <span class='ocr_line' id='line_1_4' title="bbox 132 488 1082 564; baseline 0.002 -18"><span class='ocrx_word' id='word_1_21' title='bbox 132 499 184 561; x_wconf 90' lang='lat' dir='ltr'><strong>cst,</strong></span> <span class='ocrx_word' id='word_1_22' title='bbox 207 491 255 563; x_wconf 90' lang='lat' dir='ltr'><strong>qui</strong></span> <span class='ocrx_word' id='word_1_23' title='bbox 276 505 349 546; x_wconf 90' lang='lat' dir='ltr'><strong>nuno</strong></span> <span class='ocrx_word' id='word_1_24' title='bbox 364 491 478 562; x_wconf 90' lang='lat' dir='ltr'><strong>primum</strong></span> <span class='ocrx_word' id='word_1_25' title='bbox 493 497 607 546; x_wconf 91' lang='lat' dir='ltr'><strong>conatur</strong></span> <span class='ocrx_word' id='word_1_26' title='bbox 621 488 734 564; x_wconf 80' lang='lat' dir='ltr'><strong>adipisci</strong></span> <span class='ocrx_word' id='word_1_27' title='bbox 746 492 786 546; x_wconf 92' lang='lat' dir='ltr'><strong>rei</strong></span> <span class='ocrx_word' id='word_1_28' title='bbox 801 493 1016 564; x_wconf 65' lang='lat' dir='ltr'><strong>possessionem</strong></span> <span class='ocrx_word' id='word_1_29' title='bbox 1032 491 1082 548; x_wconf 92' lang='lat' dir='ltr'><strong>ita·</strong></span> 
     </span>
     <span class='ocr_line' id='line_1_5' title="bbox 133 573 1083 646; baseline 0.002 -18"><span class='ocrx_word' id='word_1_30' title='bbox 133 589 186 646; x_wconf 89' lang='lat' dir='ltr'><strong>que</strong></span> <span class='ocrx_word' id='word_1_31' title='bbox 200 575 223 628; x_wconf 91' lang='lat' dir='ltr'><strong>si</strong></span> <span class='ocrx_word' id='word_1_32' title='bbox 238 573 299 646; x_wconf 91' lang='lat' dir='ltr'><strong>quis</strong></span> <span class='ocrx_word' id='word_1_33' title='bbox 315 573 429 646; x_wconf 87' lang='lat' dir='ltr'><strong>adeptus</strong></span> <span class='ocrx_word' id='word_1_34' title='bbox 445 574 791 646; x_wconf 85' lang='lat' dir='ltr'><strong>possessionemamiscrit,</strong></span> <span class='ocrx_word' id='word_1_35' title='bbox 808 573 905 630; x_wconf 90' lang='lat' dir='ltr'><strong>desinit</strong></span> <span class='ocrx_word' id='word_1_36' title='bbox 920 577 944 630; x_wconf 94' lang='lat' dir='ltr'><strong>ci</strong></span> <span class='ocrx_word' id='word_1_37' title='bbox 959 574 985 630; x_wconf 91' lang='lat' dir='ltr'><strong>id</strong></span> <span class='ocrx_word' id='word_1_38' title='bbox 1000 577 1083 632; x_wconf 90' lang='lat' dir='ltr'><strong>inter·</strong></span> 
     </span>
     <span class='ocr_line' id='line_1_6' title="bbox 59 653 1084 732; baseline 0.007 -25"><span class='ocrx_word' id='word_1_39' title='bbox 59 668 121 716; x_wconf 85' lang='lat' dir='ltr'><strong>[err]</strong></span> <span class='ocrx_word' id='word_1_40' title='bbox 134 656 234 714; x_wconf 89' lang='lat' dir='ltr'><strong>dictum</strong></span> <span class='ocrx_word' id='word_1_41' title='bbox 251 656 318 712; x_wconf 89' lang='lat' dir='ltr'><strong>utile</strong></span> <span class='ocrx_word' id='word_1_42' title='bbox 333 673 402 712; x_wconf 87' lang='lat' dir='ltr'><strong>esse.</strong></span> <span class='ocrx_word' id='word_1_43' title='bbox 446 653 511 713; x_wconf 80' lang='lat'>145.</span> <span class='ocrx_word' id='word_1_44' title='bbox 534 656 670 712; x_wconf 86' lang='lat' dir='ltr'><strong>Bonorum</strong></span> <span class='ocrx_word' id='word_1_45' title='bbox 693 673 802 732; x_wconf 88' lang='lat' dir='ltr'><strong>quoque</strong></span> <span class='ocrx_word' id='word_1_46' title='bbox 823 659 938 730; x_wconf 82' lang='lat' dir='ltr'><strong>emptori</strong></span> <span class='ocrx_word' id='word_1_47' title='bbox 960 659 1084 715; x_wconf 90' lang='lat' dir='ltr'><strong>similiter</strong></span> 
     </span>
     <span class='ocr_line' id='line_1_7' title="bbox 133 739 1084 814; baseline 0.003 -19"><span class='ocrx_word' id='word_1_48' title='bbox 133 741 296 814; x_wconf 75' lang='lat' dir='ltr'><strong>proponitur</strong></span> <span class='ocrx_word' id='word_1_49' title='bbox 318 739 507 810; x_wconf 90' lang='lat' dir='ltr'><strong>interdictum,</strong></span> <span class='ocrx_word' id='word_1_50' title='bbox 534 740 606 812; x_wconf 89' lang='lat' dir='ltr'><strong>quod</strong></span> <span class='ocrx_word' id='word_1_51' title='bbox 634 740 739 814; x_wconf 86' lang='lat' dir='ltr'><strong>quidam</strong></span> <span class='ocrx_word' id='word_1_52' title='bbox 755 743 954 814; x_wconf 82' lang='lat' dir='ltr'><strong>possessorium</strong></span> <span class='ocrx_word' id='word_1_53' title='bbox 977 750 1084 800; x_wconf 88' lang='lat' dir='ltr'><strong>uocant.</strong></span> 
     </span>
     <span class='ocr_line' id='line_1_8' title="bbox 132 816 1084 898; baseline 0.001 -17"><span class='ocrx_word' id='word_1_54' title='bbox 132 819 196 881; x_wconf 85' lang='grc'><strong>146.</strong></span> <span class='ocrx_word' id='word_1_55' title='bbox 220 823 285 882; x_wconf 89' lang='lat' dir='ltr'><strong>item</strong></span> <span class='ocrx_word' id='word_1_56' title='bbox 302 825 338 895; x_wconf 93' lang='lat' dir='ltr'><strong>ei,</strong></span> <span class='ocrx_word' id='word_1_57' title='bbox 354 824 401 898; x_wconf 87' lang='lat' dir='ltr'><strong>qui</strong></span> <span class='ocrx_word' id='word_1_58' title='bbox 416 816 553 898; x_wconf 83' lang='lat' dir='ltr'><strong>’publice²</strong></span> <span class='ocrx_word' id='word_1_59' title='bbox 568 822 637 880; x_wconf 88' lang='lat' dir='ltr'><strong>bona</strong></span> <span class='ocrx_word' id='word_1_60' title='bbox 653 826 764 896; x_wconf 86' lang='lat' dir='ltr'><strong>emerit,</strong></span> <span class='ocrx_word' id='word_1_61' title='bbox 784 823 903 882; x_wconf 89' lang='lat' dir='ltr'><strong>eiusdem</strong></span> <span class='ocrx_word' id='word_1_62' title='bbox 918 825 1084 883; x_wconf 90' lang='lat' dir='ltr'><strong>condicionis</strong></span> 
     </span>
     <span class='ocr_line' id='line_1_9' title="bbox 133 906 1084 982; baseline -0.001 -18"><span class='ocrx_word' id='word_1_63' title='bbox 133 906 302 964; x_wconf 88' lang='lat' dir='ltr'><strong>interdictum</strong></span> <span class='ocrx_word' id='word_1_64' title='bbox 331 909 508 982; x_wconf 77' lang='lat' dir='ltr'><strong>proponitur,</strong></span> <span class='ocrx_word' id='word_1_65' title='bbox 542 907 615 980; x_wconf 90' lang='lat' dir='ltr'><strong>quod</strong></span> <span class='ocrx_word' id='word_1_66' title='bbox 641 907 791 981; x_wconf 87' lang='lat' dir='ltr'><strong>appciintur</strong></span> <span class='ocrx_word' id='word_1_67' title='bbox 818 909 979 980; x_wconf 80' lang='lat' dir='ltr'><strong>sertorium,</strong></span> <span class='ocrx_word' id='word_1_68' title='bbox 1011 907 1084 982; x_wconf 90' lang='lat' dir='ltr'><strong>quod</strong></span> 
     </span>
     <span class='ocr_line' id='line_1_10' title="bbox 132 988 1084 1065; baseline 0 -19"><span class='ocrx_word' id='word_1_69' title='bbox 132 1001 253 1049; x_wconf 87' lang='lat' dir='ltr'><strong>sectores</strong></span> <span class='ocrx_word' id='word_1_70' title='bbox 271 1001 413 1064; x_wconf 84' lang='lat' dir='ltr'><strong>uocantur,</strong></span> <span class='ocrx_word' id='word_1_71' title='bbox 430 993 477 1065; x_wconf 89' lang='lat' dir='ltr'><strong>qui</strong></span> <span class='ocrx_word' id='word_1_72' title='bbox 499 989 605 1064; x_wconf 85' lang='lat' dir='ltr'><strong>publice</strong></span> <span class='ocrx_word' id='word_1_73' title='bbox 620 991 689 1048; x_wconf 80' lang='lat' dir='ltr'><strong>bonu</strong></span> <span class='ocrx_word' id='word_1_74' title='bbox 710 1001 872 1050; x_wconf 85' lang='lat' dir='ltr'><strong>mercantur.</strong></span> <span class='ocrx_word' id='word_1_75' title='bbox 916 988 977 1048; x_wconf 85' lang='grc'><strong>147.</strong></span> <span class='ocrx_word' id='word_1_76' title='bbox 1000 991 1084 1048; x_wconf 89' lang='lat' dir='ltr'><strong>inter·</strong></span> 
     </span>
     <span class='ocr_line' id='line_1_11' title="bbox 132 1074 1084 1150; baseline 0 -20"><span class='ocrx_word' id='word_1_77' title='bbox 132 1075 231 1133; x_wconf 89' lang='lat' dir='ltr'><strong>dictum</strong></span> <span class='ocrx_word' id='word_1_78' title='bbox 248 1091 373 1148; x_wconf 88' lang='lat' dir='ltr'><strong>quoque,</strong></span> <span class='ocrx_word' id='word_1_79' title='bbox 397 1074 470 1148; x_wconf 85' lang='lat' dir='ltr'><strong>quod</strong></span> <span class='ocrx_word' id='word_1_80' title='bbox 485 1074 635 1148; x_wconf 88' lang='lat' dir='ltr'><strong>appellatur</strong></span> <span class='ocrx_word' id='word_1_81' title='bbox 650 1075 818 1146; x_wconf 77' lang='lat' dir='ltr'><strong>Saluianum,</strong></span> <span class='ocrx_word' id='word_1_82' title='bbox 841 1076 999 1150; x_wconf 86' lang='lat' dir='ltr'><strong>apiscendae</strong></span> <span class='ocrx_word' id='word_1_83' title='bbox 1021 1090 1084 1149; x_wconf 90' lang='lat' dir='ltr'><strong>pos·</strong></span> 
     </span>
     <span class='ocr_line' id='line_1_12' title="bbox 131 1152 1083 1232; baseline 0.002 -18"><span class='ocrx_word' id='word_1_84' title='bbox 131 1161 260 1216; x_wconf 89' lang='lat' dir='ltr'><strong>sessionis</strong></span> <span class='ocrx_word' id='word_1_85' title='bbox 287 1152 428 1232; x_wconf 78' lang='lat' dir='ltr'><strong>⁹(eausa)³</strong></span> <span class='ocrx_word' id='word_1_86' title='bbox 454 1166 628 1232; x_wconf 81' lang='lat' dir='ltr'><strong>conparatum</strong></span> <span class='ocrx_word' id='word_1_87' title='bbox 654 1167 709 1229; x_wconf 89' lang='lat' dir='ltr'><strong>est,</strong></span> <span class='ocrx_word' id='word_1_88' title='bbox 736 1176 823 1232; x_wconf 90' lang='lat' dir='ltr'><strong>eoque</strong></span> <span class='ocrx_word' id='word_1_89' title='bbox 851 1161 937 1216; x_wconf 88' lang='lat' dir='ltr'><strong>utitur</strong></span> <span class='ocrx_word' id='word_1_90' title='bbox 958 1159 1083 1216; x_wconf 86' lang='lat' dir='ltr'><strong>dominus</strong></span> 
     </span>
     <span class='ocr_line' id='line_1_13' title="bbox 132 1236 1130 1318; baseline -0.002 -20"><span class='ocrx_word' id='word_1_91' title='bbox 132 1242 208 1298; x_wconf 88' lang='lat' dir='ltr'><strong>iuudi</strong></span> <span class='ocrx_word' id='word_1_92' title='bbox 224 1242 256 1299; x_wconf 87' lang='lat' dir='ltr'><strong>de</strong></span> <span class='ocrx_word' id='word_1_93' title='bbox 272 1241 352 1298; x_wconf 89' lang='lat' dir='ltr'><strong>rebus</strong></span> <span class='ocrx_word' id='word_1_94' title='bbox 368 1242 468 1312; x_wconf 86' lang='lat' dir='ltr'><strong>coloni,</strong></span> <span class='ocrx_word' id='word_1_95' title='bbox 485 1245 591 1315; x_wconf 78' lang='lat' dir='ltr'><strong>quasis</strong></span> <span class='ocrx_word' id='word_1_96' title='bbox 607 1236 686 1318; x_wconf 83' lang='lat' dir='ltr'><strong>(pro)</strong></span> <span class='ocrx_word' id='word_1_97' title='bbox 700 1242 867 1300; x_wconf 87' lang='lat' dir='ltr'><strong>mercedibus</strong></span> <span class='ocrx_word' id='word_1_98' title='bbox 884 1242 960 1300; x_wconf 83' lang='lat' dir='ltr'><strong>fundi</strong></span> <span class='ocrx_word' id='word_1_99' title='bbox 975 1241 1084 1318; x_wconf 82' lang='lat' dir='ltr'><strong>pignori</strong></span> <span class='ocrx_word' id='word_1_100' title='bbox 1120 1251 1130 1272; x_wconf 89' lang='lat'><strong>·</strong></span> 
     </span>
     <span class='ocr_line' id='line_1_14' title="bbox 133 1323 1085 1400; baseline 0.001 -20"><span class='ocrx_word' id='word_1_101' title='bbox 133 1325 238 1381; x_wconf 89' lang='lat' dir='ltr'><strong>iuturas</strong></span> <span class='ocrx_word' id='word_1_102' title='bbox 253 1327 408 1400; x_wconf 82' lang='lat' dir='ltr'><strong>pepigisset.</strong></span> <span class='ocrx_word' id='word_1_103' title='bbox 452 1323 518 1386; x_wconf 83' lang='grc'><strong>148.</strong></span> <span class='ocrx_word' id='word_1_104' title='bbox 541 1326 704 1384; x_wconf 84' lang='lat' dir='ltr'><strong>Retinendae</strong></span> <span class='ocrx_word' id='word_1_105' title='bbox 725 1329 905 1399; x_wconf 88' lang='lat' dir='ltr'><strong>possessionis</strong></span> <span class='ocrx_word' id='word_1_106' title='bbox 920 1343 998 1384; x_wconf 87' lang='lat' dir='ltr'><strong>causa</strong></span> <span class='ocrx_word' id='word_1_107' title='bbox 1013 1326 1085 1384; x_wconf 88' lang='lat' dir='ltr'><strong>solet</strong></span> 
     </span>
     <span class='ocr_line' id='line_1_15' title="bbox 132 1408 1084 1485; baseline 0.002 -21"><span class='ocrx_word' id='word_1_108' title='bbox 132 1408 307 1466; x_wconf 88' lang='lat' dir='ltr'><strong>interdictum</strong></span> <span class='ocrx_word' id='word_1_109' title='bbox 326 1409 416 1482; x_wconf 90' lang='lat' dir='ltr'><strong>reddi,</strong></span> <span class='ocrx_word' id='word_1_110' title='bbox 436 1427 496 1467; x_wconf 89' lang='lat' dir='ltr'><strong>cum</strong></span> <span class='ocrx_word' id='word_1_111' title='bbox 517 1409 549 1466; x_wconf 89' lang='lat' dir='ltr'><strong>ab</strong></span> <span class='ocrx_word' id='word_1_112' title='bbox 570 1417 688 1483; x_wconf 86' lang='lat' dir='ltr'><strong>utroque</strong></span> <span class='ocrx_word' id='word_1_113' title='bbox 710 1418 785 1484; x_wconf 88' lang='lat' dir='ltr'><strong>parte</strong></span> <span class='ocrx_word' id='word_1_114' title='bbox 807 1411 840 1468; x_wconf 92' lang='lat' dir='ltr'><strong>de</strong></span> <span class='ocrx_word' id='word_1_115' title='bbox 855 1413 1020 1485; x_wconf 85' lang='lat' dir='ltr'><strong>proprietate</strong></span> <span class='ocrx_word' id='word_1_116' title='bbox 1036 1409 1084 1467; x_wconf 88' lang='lat' dir='ltr'><strong>aii·</strong></span> 
     </span>
     <span class='ocr_line' id='line_1_16' title="bbox 132 1494 1083 1569; baseline 0.001 -19"><span class='ocrx_word' id='word_1_117' title='bbox 132 1494 210 1550; x_wconf 88' lang='lat' dir='ltr'><strong>cuius</strong></span> <span class='ocrx_word' id='word_1_118' title='bbox 226 1495 264 1548; x_wconf 88' lang='lat' dir='ltr'><strong>rei</strong></span> <span class='ocrx_word' id='word_1_119' title='bbox 279 1495 463 1551; x_wconf 89' lang='lat' dir='ltr'><strong>controuersia</strong></span> <span class='ocrx_word' id='word_1_120' title='bbox 479 1502 535 1566; x_wconf 88' lang='lat' dir='ltr'><strong>est,</strong></span> <span class='ocrx_word' id='word_1_121' title='bbox 552 1502 578 1550; x_wconf 92' lang='lat' dir='ltr'><strong>et</strong></span> <span class='ocrx_word' id='word_1_122' title='bbox 594 1502 655 1550; x_wconf 87' lang='lat' dir='ltr'><strong>ante</strong></span> <span class='ocrx_word' id='word_1_123' title='bbox 671 1496 823 1567; x_wconf 81' lang='lat' dir='ltr'><strong>quaeritur,</strong></span> <span class='ocrx_word' id='word_1_124' title='bbox 840 1503 901 1550; x_wconf 90' lang='lat' dir='ltr'><strong>uter</strong></span> <span class='ocrx_word' id='word_1_125' title='bbox 915 1511 947 1552; x_wconf 83' lang='lat' dir='ltr'><strong>ex</strong></span> <span class='ocrx_word' id='word_1_126' title='bbox 962 1495 1083 1569; x_wconf 74' lang='lat' dir='ltr'><strong>litigato·</strong></span> 
     </span>
     <span class='ocr_line' id='line_1_17' title="bbox 131 1577 1084 1651; baseline 0.006 -19"><span class='ocrx_word' id='word_1_127' title='bbox 131 1577 206 1633; x_wconf 86' lang='lat' dir='ltr'><strong>ribus</strong></span> <span class='ocrx_word' id='word_1_128' title='bbox 222 1577 361 1651; x_wconf 86' lang='lat' dir='ltr'><strong>possidere</strong></span> <span class='ocrx_word' id='word_1_129' title='bbox 381 1586 410 1634; x_wconf 88' lang='lat' dir='ltr'><strong>ct</strong></span> <span class='ocrx_word' id='word_1_130' title='bbox 425 1587 485 1634; x_wconf 85' lang='lat' dir='ltr'><strong>uter</strong></span> <span class='ocrx_word' id='word_1_131' title='bbox 505 1586 597 1651; x_wconf 89' lang='lat' dir='ltr'><strong>petere</strong></span> <span class='ocrx_word' id='word_1_132' title='bbox 621 1577 729 1634; x_wconf 87' lang='lat' dir='ltr'><strong>debeat:</strong></span> <span class='ocrx_word' id='word_1_133' title='bbox 752 1580 828 1634; x_wconf 92' lang='lat' dir='ltr'><strong>cuius</strong></span> <span class='ocrx_word' id='word_1_134' title='bbox 848 1581 888 1634; x_wconf 90' lang='lat' dir='ltr'><strong>rei</strong></span> <span class='ocrx_word' id='word_1_135' title='bbox 908 1581 991 1651; x_wconf 75' lang='lat' dir='ltr'><strong>gratia</strong></span> <span class='ocrx_word' id='word_1_136' title='bbox 1011 1596 1084 1638; x_wconf 88' lang='lat' dir='ltr'><strong>oom-</strong></span> 
     </span>
     <span class='ocr_line' id='line_1_18' title="bbox 132 1658 1084 1734; baseline 0.004 -18"><span class='ocrx_word' id='word_1_137' title='bbox 132 1669 223 1734; x_wconf 86' lang='lat' dir='ltr'><strong>paratu</strong></span> <span class='ocrx_word' id='word_1_138' title='bbox 249 1668 322 1718; x_wconf 89' lang='lat' dir='ltr'><strong>sunt·</strong></span> <span class='ocrx_word' id='word_1_139' title='bbox 337 1677 390 1720; x_wconf 83' lang='lat' dir='ltr'><strong>vnr</strong></span> <span class='ocrx_word' id='word_1_140' title='bbox 409 1675 594 1719; x_wconf 77' lang='lat' dir='ltr'><strong>rosemanus</strong></span> <span class='ocrx_word' id='word_1_141' title='bbox 617 1669 644 1717; x_wconf 90' lang='lat' dir='ltr'><strong>ct</strong></span> <span class='ocrx_word' id='word_1_142' title='bbox 666 1677 789 1720; x_wconf 83' lang='lat' dir='ltr'><strong>vnavnr.</strong></span> <span class='ocrx_word' id='word_1_143' title='bbox 833 1658 899 1720; x_wconf 86' lang='grc'><strong>149.</strong></span> <span class='ocrx_word' id='word_1_144' title='bbox 922 1663 954 1720; x_wconf 86' lang='lat' dir='ltr'><strong>Et</strong></span> <span class='ocrx_word' id='word_1_145' title='bbox 977 1662 1084 1734; x_wconf 88' lang='lat' dir='ltr'><strong>quidem</strong></span> 
     </span>
    </p>
   </div>
   <div class='ocr_carea' id='block_1_3' title="bbox 130 1744 1153 2406">
    <p class='ocr_par' dir='ltr' id='par_1_3' title="bbox 130 1744 1153 2406">
     <span class='ocr_line' id='line_1_19' title="bbox 132 1744 1084 1819; baseline 0.002 -17"><span class='ocrx_word' id='word_1_146' title='bbox 132 1760 188 1804; x_wconf 79' lang='lat' dir='ltr'><strong>vri</strong></span> <span class='ocrx_word' id='word_1_147' title='bbox 200 1759 385 1804; x_wconf 78' lang='lat' dir='ltr'><strong>Possrnnrrs</strong></span> <span class='ocrx_word' id='word_1_148' title='bbox 402 1744 573 1801; x_wconf 90' lang='lat' dir='ltr'><strong>interdictum</strong></span> <span class='ocrx_word' id='word_1_149' title='bbox 588 1744 622 1800; x_wconf 88' lang='lat' dir='ltr'><strong>de</strong></span> <span class='ocrx_word' id='word_1_150' title='bbox 637 1744 713 1800; x_wconf 92' lang='lat' dir='ltr'><strong>iundi</strong></span> <span class='ocrx_word' id='word_1_151' title='bbox 729 1745 773 1800; x_wconf 93' lang='lat' dir='ltr'><strong>uel</strong></span> <span class='ocrx_word' id='word_1_152' title='bbox 789 1745 893 1802; x_wconf 88' lang='lat' dir='ltr'><strong>aedium</strong></span> <span class='ocrx_word' id='word_1_153' title='bbox 908 1748 1084 1819; x_wconf 84' lang='lat' dir='ltr'><strong>possessione</strong></span> 
     </span>
     <span class='ocr_line' id='line_1_20' title="bbox 130 1822 1084 1902; baseline 0.004 -19"><span class='ocrx_word' id='word_1_154' title='bbox 130 1822 330 1900; x_wconf 69' lang='lat' dir='ltr'><strong>inimicitior,</strong></span> <span class='ocrx_word' id='word_1_155' title='bbox 351 1844 466 1888; x_wconf 82' lang='lat' dir='ltr'><strong>vnnvnr</strong></span> <span class='ocrx_word' id='word_1_156' title='bbox 488 1845 555 1885; x_wconf 88' lang='lat' dir='ltr'><strong>uero</strong></span> <span class='ocrx_word' id='word_1_157' title='bbox 576 1828 609 1884; x_wconf 95' lang='lat' dir='ltr'><strong>de</strong></span> <span class='ocrx_word' id='word_1_158' title='bbox 629 1844 721 1884; x_wconf 89' lang='lat' dir='ltr'><strong>rerum</strong></span> <span class='ocrx_word' id='word_1_159' title='bbox 743 1828 881 1884; x_wconf 88' lang='lat' dir='ltr'><strong>mobilium</strong></span> <span class='ocrx_word' id='word_1_160' title='bbox 901 1831 1084 1902; x_wconf 87' lang='lat' dir='ltr'><strong>possessione.</strong></span> 
     </span>
     <span class='ocr_line' id='line_1_21' title="bbox 130 1901 1153 1987; baseline 0 -19"><span class='ocrx_word' id='word_1_161' title='bbox 130 1908 195 1970; x_wconf 80' lang='lat'>150.</span> <span class='ocrx_word' id='word_1_162' title='bbox 213 1910 244 1967; x_wconf 84' lang='lat' dir='ltr'><strong>tn</strong></span> <span class='ocrx_word' id='word_1_163' title='bbox 259 1912 390 1987; x_wconf 89' lang='lat' dir='ltr'><strong>siquidem</strong></span> <span class='ocrx_word' id='word_1_164' title='bbox 407 1901 439 1968; x_wconf 91' lang='lat' dir='ltr'><strong>de</strong></span> <span class='ocrx_word' id='word_1_165' title='bbox 455 1911 538 1968; x_wconf 90' lang='lat' dir='ltr'><strong>iundo</strong></span> <span class='ocrx_word' id='word_1_166' title='bbox 554 1911 598 1968; x_wconf 90' lang='lat' dir='ltr'><strong>uei</strong></span> <span class='ocrx_word' id='word_1_167' title='bbox 614 1910 722 1968; x_wconf 88' lang='lat' dir='ltr'><strong>aedibus</strong></span> <span class='ocrx_word' id='word_1_168' title='bbox 742 1905 747 1986; x_wconf 84' lang='grc' dir='ltr'>Ι</span> <span class='ocrx_word' id='word_1_169' title='bbox 766 1911 945 1982; x_wconf 88' lang='lat' dir='ltr'><strong>interdicitur,</strong></span> <span class='ocrx_word' id='word_1_170' title='bbox 962 1928 1022 1968; x_wconf 91' lang='lat' dir='ltr'><strong>eum</strong></span> <span class='ocrx_word' id='word_1_171' title='bbox 1034 1929 1082 1986; x_wconf 93' lang='lat' dir='ltr'><strong>po·</strong></span> <span class='ocrx_word' id='word_1_172' title='bbox 1092 1928 1153 1979; x_wconf 77' lang='lat'><strong>238,</strong></span> 
     </span>
     <span class='ocr_line' id='line_1_22' title="bbox 133 1994 1083 2070; baseline 0.003 -20"><span class='ocrx_word' id='word_1_173' title='bbox 133 1997 229 2051; x_wconf 82' lang='lat' dir='ltr'><strong>tionem</strong></span> <span class='ocrx_word' id='word_1_174' title='bbox 245 2012 304 2052; x_wconf 90' lang='lat' dir='ltr'><strong>esse</strong></span> <span class='ocrx_word' id='word_1_175' title='bbox 319 2006 428 2070; x_wconf 84' lang='lat' dir='ltr'><strong>praetor</strong></span> <span class='ocrx_word' id='word_1_176' title='bbox 449 1995 538 2067; x_wconf 85' lang='lat' dir='ltr'><strong>iubet,</strong></span> <span class='ocrx_word' id='word_1_177' title='bbox 562 1997 609 2069; x_wconf 91' lang='lat' dir='ltr'><strong>qui</strong></span> <span class='ocrx_word' id='word_1_178' title='bbox 624 2012 657 2052; x_wconf 88' lang='lat' dir='ltr'><strong>co</strong></span> <span class='ocrx_word' id='word_1_179' title='bbox 678 2003 813 2068; x_wconf 89' lang='lat' dir='ltr'><strong>tempore,</strong></span> <span class='ocrx_word' id='word_1_180' title='bbox 825 2043 826 2048; x_wconf 68' lang='grc'><strong>,</strong></span> <span class='ocrx_word' id='word_1_181' title='bbox 838 2012 892 2068; x_wconf 92' lang='lat' dir='ltr'><strong>quo</strong></span> <span class='ocrx_word' id='word_1_182' title='bbox 912 1994 1083 2052; x_wconf 91' lang='lat' dir='ltr'><strong>interdictum</strong></span> 
     </span>
     <span class='ocr_line' id='line_1_23' title="bbox 130 2078 1083 2153; baseline 0.002 -19"><span class='ocrx_word' id='word_1_183' title='bbox 130 2078 264 2152; x_wconf 91' lang='lat' dir='ltr'><strong>redditur,</strong></span> <span class='ocrx_word' id='word_1_184' title='bbox 280 2095 330 2138; x_wconf 90' lang='lat' dir='ltr'><strong>nec</strong></span> <span class='ocrx_word' id='word_1_185' title='bbox 345 2081 438 2136; x_wconf 85' lang='lat' dir='ltr'><strong>uinco</strong></span> <span class='ocrx_word' id='word_1_186' title='bbox 452 2080 519 2137; x_wconf 87' lang='lat' dir='ltr'><strong>ciam</strong></span> <span class='ocrx_word' id='word_1_187' title='bbox 532 2096 581 2136; x_wconf 88' lang='lat' dir='ltr'><strong>nco</strong></span> <span class='ocrx_word' id='word_1_188' title='bbox 592 2080 712 2153; x_wconf 87' lang='lat' dir='ltr'><strong>precario</strong></span> <span class='ocrx_word' id='word_1_189' title='bbox 726 2079 758 2135; x_wconf 90' lang='lat' dir='ltr'><strong>ab</strong></span> <span class='ocrx_word' id='word_1_190' title='bbox 768 2078 921 2135; x_wconf 89' lang='lat' dir='ltr'><strong>aduersario</strong></span> <span class='ocrx_word' id='word_1_191' title='bbox 932 2078 1083 2153; x_wconf 67' lang='lat' dir='ltr'><strong>possideam</strong></span> 
     </span>
     <span class='ocr_line' id='line_1_24' title="bbox 131 2158 1084 2237; baseline 0.002 -19"><span class='ocrx_word' id='word_1_192' title='bbox 131 2165 154 2218; x_wconf 89' lang='lat' dir='ltr'><strong>si</strong></span> <span class='ocrx_word' id='word_1_193' title='bbox 169 2180 236 2220; x_wconf 89' lang='lat' dir='ltr'><strong>uero</strong></span> <span class='ocrx_word' id='word_1_194' title='bbox 252 2163 284 2220; x_wconf 90' lang='lat' dir='ltr'><strong>dc</strong></span> <span class='ocrx_word' id='word_1_195' title='bbox 305 2179 336 2220; x_wconf 88' lang='lat' dir='ltr'><strong>rc</strong></span> <span class='ocrx_word' id='word_1_196' title='bbox 358 2163 463 2235; x_wconf 84' lang='lat' dir='ltr'><strong>mobili,</strong></span> <span class='ocrx_word' id='word_1_197' title='bbox 486 2158 567 2220; x_wconf 63' lang='lat' dir='ltr'><strong>eumb</strong></span> <span class='ocrx_word' id='word_1_198' title='bbox 582 2165 715 2237; x_wconf 88' lang='lat' dir='ltr'><strong>potiorem</strong></span> <span class='ocrx_word' id='word_1_199' title='bbox 732 2177 791 2218; x_wconf 88' lang='lat' dir='ltr'><strong>esse</strong></span> <span class='ocrx_word' id='word_1_200' title='bbox 806 2161 896 2234; x_wconf 87' lang='lat' dir='ltr'><strong>iubet,</strong></span> <span class='ocrx_word' id='word_1_201' title='bbox 917 2163 962 2236; x_wconf 87' lang='lat' dir='ltr'><strong>qui</strong></span> <span class='ocrx_word' id='word_1_202' title='bbox 983 2164 1084 2220; x_wconf 89' lang='lat' dir='ltr'><strong>maiore</strong></span> 
     </span>
     <span class='ocr_line' id='line_1_25' title="bbox 131 2245 1083 2320; baseline 0.002 -19"><span class='ocrx_word' id='word_1_203' title='bbox 131 2255 207 2320; x_wconf 90' lang='lat' dir='ltr'><strong>parte</strong></span> <span class='ocrx_word' id='word_1_204' title='bbox 229 2249 286 2303; x_wconf 92' lang='lat' dir='ltr'><strong>eius</strong></span> <span class='ocrx_word' id='word_1_205' title='bbox 309 2249 370 2303; x_wconf 86' lang='lat' dir='ltr'><strong>anrri</strong></span> <span class='ocrx_word' id='word_1_206' title='bbox 391 2263 441 2304; x_wconf 89' lang='lat' dir='ltr'><strong>nec</strong></span> <span class='ocrx_word' id='word_1_207' title='bbox 462 2249 488 2303; x_wconf 92' lang='lat' dir='ltr'><strong>ui</strong></span> <span class='ocrx_word' id='word_1_208' title='bbox 509 2264 559 2304; x_wconf 91' lang='lat' dir='ltr'><strong>nec</strong></span> <span class='ocrx_word' id='word_1_209' title='bbox 580 2247 647 2304; x_wconf 90' lang='lat' dir='ltr'><strong>ciam</strong></span> <span class='ocrx_word' id='word_1_210' title='bbox 669 2263 719 2304; x_wconf 90' lang='lat' dir='ltr'><strong>neo</strong></span> <span class='ocrx_word' id='word_1_211' title='bbox 741 2248 861 2320; x_wconf 87' lang='lat' dir='ltr'><strong>precario</strong></span> <span class='ocrx_word' id='word_1_212' title='bbox 882 2245 914 2302; x_wconf 90' lang='lat' dir='ltr'><strong>ab</strong></span> <span class='ocrx_word' id='word_1_213' title='bbox 930 2246 1083 2303; x_wconf 86' lang='lat' dir='ltr'><strong>aduersario</strong></span> 
     </span>
     <span class='ocr_line' id='line_1_26' title="bbox 131 2324 1082 2406; baseline -0.001 -18"><span class='ocrx_word' id='word_1_214' title='bbox 131 2324 328 2404; x_wconf 80' lang='lat' dir='ltr'><strong>&#39;possederit;⁶</strong></span> <span class='ocrx_word' id='word_1_215' title='bbox 343 2331 424 2406; x_wconf 92' lang='lat' dir='ltr'><strong>idque</strong></span> <span class='ocrx_word' id='word_1_216' title='bbox 436 2332 500 2388; x_wconf 92' lang='lat' dir='ltr'><strong>satis</strong></span> <span class='ocrx_word' id='word_1_217' title='bbox 513 2333 578 2406; x_wconf 92' lang='lat' dir='ltr'><strong>ipsis</strong></span> <span class='ocrx_word' id='word_1_218' title='bbox 590 2329 680 2387; x_wconf 87' lang='lat' dir='ltr'><strong>uerbis</strong></span> <span class='ocrx_word' id='word_1_219' title='bbox 692 2329 895 2386; x_wconf 90' lang='lat' dir='ltr'><strong>interdictorum</strong></span> <span class='ocrx_word' id='word_1_220' title='bbox 908 2328 1082 2404; x_wconf 82' lang='lat' dir='ltr'><strong>significatur.</strong></span> 
     </span>
    </p>
   </div>
   <div class='ocr_carea' id='block_1_4' title="bbox 126 2547 1085 3040">
    <p class='ocr_par' dir='ltr' id='par_1_4' title="bbox 126 2547 1085 3040">
     <span class='ocr_line' id='line_1_27' title="bbox 206 2547 1085 2618; baseline 0 -18"><span class='ocrx_word' id='word_1_221' title='bbox 206 2547 227 2615; x_wconf 87' lang='lat'><strong>¹)</strong></span> <span class='ocrx_word' id='word_1_222' title='bbox 242 2549 342 2600; x_wconf 80' lang='lat' dir='ltr'><strong>Addidi</strong></span> <span class='ocrx_word' id='word_1_223' title='bbox 359 2567 393 2601; x_wconf 77' lang='lat' dir='ltr'><strong>esc</strong></span> <span class='ocrx_word' id='word_1_224' title='bbox 407 2551 470 2602; x_wconf 86' lang='lat' dir='ltr'><strong>Inst.</strong></span> <span class='ocrx_word' id='word_1_225' title='bbox 546 2549 566 2618; x_wconf 70' lang='lat'><strong>²)</strong></span> <span class='ocrx_word' id='word_1_226' title='bbox 586 2553 679 2616; x_wconf 87' lang='lat' dir='ltr'><strong>publica</strong></span> <span class='ocrx_word' id='word_1_227' title='bbox 696 2551 721 2602; x_wconf 83' lang='lat'><strong>0.</strong></span> <span class='ocrx_word' id='word_1_228' title='bbox 736 2552 793 2602; x_wconf 85' lang='lat' dir='ltr'><strong>edd.</strong></span> <span class='ocrx_word' id='word_1_229' title='bbox 809 2550 858 2617; x_wconf 74' lang='lat' dir='ltr'><strong>Bp.</strong></span> <span class='ocrx_word' id='word_1_230' title='bbox 872 2558 897 2600; x_wconf 87' lang='lat' dir='ltr'><strong>et</strong></span> <span class='ocrx_word' id='word_1_231' title='bbox 910 2551 996 2610; x_wconf 75' lang='lat' dir='ltr'><strong>stud,</strong></span> <span class='ocrx_word' id='word_1_232' title='bbox 1016 2551 1085 2616; x_wconf 84' lang='lat' dir='ltr'><strong>qnod</strong></span> 
     </span>
     <span class='ocr_line' id='line_1_28' title="bbox 131 2618 1083 2686; baseline 0.001 -17"><span class='ocrx_word' id='word_1_233' title='bbox 131 2620 250 2682; x_wconf 83' lang='lat' dir='ltr'><strong>defendit</strong></span> <span class='ocrx_word' id='word_1_234' title='bbox 263 2621 367 2672; x_wconf 76' lang='lat' dir='ltr'><strong>Lucium.</strong></span> <span class='ocrx_word' id='word_1_235' title='bbox 399 2621 452 2671; x_wconf 88' lang='lat' dir='ltr'><strong>Sed</strong></span> <span class='ocrx_word' id='word_1_236' title='bbox 465 2621 531 2673; x_wconf 85' lang='lat' dir='ltr'><strong>bona</strong></span> <span class='ocrx_word' id='word_1_237' title='bbox 545 2630 605 2672; x_wconf 80' lang='lat' dir='ltr'><strong>suni</strong></span> <span class='ocrx_word' id='word_1_238' title='bbox 619 2623 803 2681; x_wconf 83' lang='lat' dir='ltr'><strong>damnatorum,</strong></span> <span class='ocrx_word' id='word_1_239' title='bbox 818 2636 882 2686; x_wconf 84' lang='lat' dir='ltr'><strong>quae</strong></span> <span class='ocrx_word' id='word_1_240' title='bbox 895 2618 1016 2684; x_wconf 84' lang='lat' dir='ltr'><strong>‘publice’</strong></span> <span class='ocrx_word' id='word_1_241' title='bbox 1033 2624 1050 2670; x_wconf 88' lang='lat' dir='ltr'><strong>i.</strong></span> <span class='ocrx_word' id='word_1_242' title='bbox 1061 2637 1083 2671; x_wconf 87' lang='lat' dir='ltr'><strong>e.</strong></span> 
     </span>
     <span class='ocr_line' id='line_1_29' title="bbox 126 2689 1084 2755; baseline 0 -15"><span class='ocrx_word' id='word_1_243' title='bbox 126 2689 235 2755; x_wconf 80' lang='lat' dir='ltr'><strong>publica</strong></span> <span class='ocrx_word' id='word_1_244' title='bbox 248 2695 402 2742; x_wconf 82' lang='lat' dir='ltr'><strong>auctoritate</strong></span> <span class='ocrx_word' id='word_1_245' title='bbox 412 2693 556 2742; x_wconf 81' lang='lat' dir='ltr'><strong>venduntur</strong></span> <span class='ocrx_word' id='word_1_246' title='bbox 570 2699 728 2751; x_wconf 74' lang='lat' dir='ltr'><strong>crementur,</strong></span> <span class='ocrx_word' id='word_1_247' title='bbox 743 2693 800 2740; x_wconf 85' lang='lat' dir='ltr'><strong>dnm</strong></span> <span class='ocrx_word' id='word_1_248' title='bbox 811 2691 954 2742; x_wconf 85' lang='lat' dir='ltr'><strong>creditores</strong></span> <span class='ocrx_word' id='word_1_249' title='bbox 960 2692 1084 2755; x_wconf 84' lang='lat' dir='ltr'><strong>priuatim</strong></span> 
     </span>
     <span class='ocr_line' id='line_1_30' title="bbox 130 2761 1083 2829; baseline 0 -19"><span class='ocrx_word' id='word_1_250' title='bbox 130 2761 244 2812; x_wconf 86' lang='lat' dir='ltr'><strong>cendunt</strong></span> <span class='ocrx_word' id='word_1_251' title='bbox 262 2763 293 2814; x_wconf 87' lang='lat' dir='ltr'><strong>L.</strong></span> <span class='ocrx_word' id='word_1_252' title='bbox 314 2775 339 2816; x_wconf 77' lang='lat' dir='ltr'><strong>nr</strong></span> <span class='ocrx_word' id='word_1_253' title='bbox 359 2763 392 2812; x_wconf 89' lang='lat' dir='ltr'><strong>D.</strong></span> <span class='ocrx_word' id='word_1_254' title='bbox 412 2763 443 2812; x_wconf 89' lang='lat' dir='ltr'><strong>de</strong></span> <span class='ocrx_word' id='word_1_255' title='bbox 462 2763 539 2812; x_wconf 83' lang='lat' dir='ltr'><strong>aedil.</strong></span> <span class='ocrx_word' id='word_1_256' title='bbox 559 2763 598 2812; x_wconf 87' lang='lat' dir='ltr'><strong>ed.</strong></span> <span class='ocrx_word' id='word_1_257' title='bbox 619 2762 663 2829; x_wconf 79' lang='lat'><strong>(21,</strong></span> <span class='ocrx_word' id='word_1_258' title='bbox 683 2763 718 2828; x_wconf 86' lang='lat'><strong>1),</strong></span> <span class='ocrx_word' id='word_1_259' title='bbox 737 2777 787 2812; x_wconf 89' lang='lat' dir='ltr'><strong>non</strong></span> <span class='ocrx_word' id='word_1_260' title='bbox 802 2761 922 2824; x_wconf 77' lang='lat' dir='ltr'><strong>publice,</strong></span> <span class='ocrx_word' id='word_1_261' title='bbox 940 2777 989 2825; x_wconf 85' lang='lat' dir='ltr'><strong>quo</strong></span> <span class='ocrx_word' id='word_1_262' title='bbox 1007 2775 1083 2811; x_wconf 86' lang='lat' dir='ltr'><strong>sensu</strong></span> 
     </span>
     <span class='ocr_line' id='line_1_31' title="bbox 133 2827 1083 2897; baseline 0.002 -17"><span class='ocrx_word' id='word_1_263' title='bbox 133 2831 335 2895; x_wconf 79' lang='lat' dir='ltr'><strong>Gniusdioeite,</strong></span> <span class='ocrx_word' id='word_1_264' title='bbox 356 2845 526 2892; x_wconf 78' lang='grc'><strong>10.11.1,11.</strong></span> <span class='ocrx_word' id='word_1_265' title='bbox 553 2833 591 2895; x_wconf 80' lang='lat' dir='ltr'><strong>Os.</strong></span> <span class='ocrx_word' id='word_1_266' title='bbox 606 2832 683 2882; x_wconf 86' lang='lat' dir='ltr'><strong>cerba</strong></span> <span class='ocrx_word' id='word_1_267' title='bbox 697 2847 748 2896; x_wconf 89' lang='lat' dir='ltr'><strong>seq.</strong></span> <span class='ocrx_word' id='word_1_268' title='bbox 763 2839 788 2881; x_wconf 85' lang='lat' dir='ltr'><strong>ei</strong></span> <span class='ocrx_word' id='word_1_269' title='bbox 802 2844 826 2890; x_wconf 90' lang='lat'><strong>1,</strong></span> <span class='ocrx_word' id='word_1_270' title='bbox 841 2842 874 2882; x_wconf 74' lang='lat' dir='ltr'><strong>et.</strong></span> <span class='ocrx_word' id='word_1_271' title='bbox 926 2827 1006 2897; x_wconf 75' lang='lat' dir='ltr'><strong>³)Em</strong></span> <span class='ocrx_word' id='word_1_272' title='bbox 1019 2831 1083 2882; x_wconf 87' lang='lat' dir='ltr'><strong>Inst.</strong></span> 
     </span>
     <span class='ocr_line' id='line_1_32' title="bbox 130 2899 1084 2968; baseline 0.002 -18"><span class='ocrx_word' id='word_1_273' title='bbox 130 2903 230 2952; x_wconf 86' lang='lat' dir='ltr'><strong>addidi.</strong></span> <span class='ocrx_word' id='word_1_274' title='bbox 294 2901 316 2968; x_wconf 71' lang='grc'><strong>4)</strong></span> <span class='ocrx_word' id='word_1_275' title='bbox 331 2904 498 2967; x_wconf 91' lang='lat' dir='ltr'><strong>posscssioriis</strong></span> <span class='ocrx_word' id='word_1_276' title='bbox 514 2903 540 2953; x_wconf 82' lang='grc' dir='ltr'><strong>Ο.</strong></span> <span class='ocrx_word' id='word_1_277' title='bbox 559 2903 712 2966; x_wconf 89' lang='lat' dir='ltr'><strong>possessione</strong></span> <span class='ocrx_word' id='word_1_278' title='bbox 727 2903 784 2951; x_wconf 87' lang='lat' dir='ltr'><strong>edd.</strong></span> <span class='ocrx_word' id='word_1_279' title='bbox 850 2899 871 2967; x_wconf 82' lang='lat'><strong>⁶)</strong></span> <span class='ocrx_word' id='word_1_280' title='bbox 886 2917 953 2950; x_wconf 88' lang='lat' dir='ltr'><strong>acum</strong></span> <span class='ocrx_word' id='word_1_281' title='bbox 965 2917 1015 2966; x_wconf 84' lang='lat' dir='ltr'><strong>pro</strong></span> <span class='ocrx_word' id='word_1_282' title='bbox 1031 2917 1084 2952; x_wconf 88' lang='lat' dir='ltr'><strong>eum</strong></span> 
     </span>
     <span class='ocr_line' id='line_1_33' title="bbox 130 2971 1034 3040; baseline 0.001 -20"><span class='ocrx_word' id='word_1_283' title='bbox 130 2971 257 3023; x_wconf 82' lang='lat' dir='ltr'><strong>librarius</strong></span> <span class='ocrx_word' id='word_1_284' title='bbox 270 2975 408 3038; x_wconf 81' lang='lat' dir='ltr'><strong>scripsisse</strong></span> <span class='ocrx_word' id='word_1_285' title='bbox 422 2974 531 3024; x_wconf 82' lang='lat' dir='ltr'><strong>uidetur.</strong></span> <span class='ocrx_word' id='word_1_286' title='bbox 584 2971 605 3040; x_wconf 71' lang='grc' dir='ltr'><strong>ο)</strong></span> <span class='ocrx_word' id='word_1_287' title='bbox 620 2973 727 3038; x_wconf 84' lang='lat' dir='ltr'><strong>possidet</strong></span> <span class='ocrx_word' id='word_1_288' title='bbox 743 2973 768 3022; x_wconf 83' lang='lat'><strong>0.</strong></span> <span class='ocrx_word' id='word_1_289' title='bbox 783 2973 822 3022; x_wconf 88' lang='lat' dir='ltr'><strong>cd.</strong></span> <span class='ocrx_word' id='word_1_290' title='bbox 837 2971 885 3038; x_wconf 72' lang='lat' dir='ltr'><strong>Bp.</strong></span> <span class='ocrx_word' id='word_1_291' title='bbox 901 2973 935 3036; x_wconf 86' lang='lat' dir='ltr'><strong>cf.</strong></span> <span class='ocrx_word' id='word_1_292' title='bbox 950 2974 973 3034; x_wconf 70' lang='lat'><strong>5.</strong></span> <span class='ocrx_word' id='word_1_293' title='bbox 989 2981 1034 3023; x_wconf 75' lang='lat'>152.</span> 
     </span>
    </p>
   </div>
   <div class='ocr_carea' id='block_1_5' title="bbox 129 3161 1083 3584">
    <p class='ocr_par' dir='ltr' id='par_1_5' title="bbox 129 3161 1083 3584">
     <span class='ocr_line' id='line_1_34' title="bbox 195 3161 1082 3235; baseline -0.002 -19"><span class='ocrx_word' id='word_1_294' title='bbox 195 3161 227 3233; x_wconf 58' lang='grc' dir='ltr'><strong>ξ</strong></span> <span class='ocrx_word' id='word_1_295' title='bbox 243 3167 303 3216; x_wconf 74' lang='grc'><strong>146.</strong></span> <span class='ocrx_word' id='word_1_296' title='bbox 324 3165 362 3229; x_wconf 77' lang='lat' dir='ltr'><strong>Of.</strong></span> <span class='ocrx_word' id='word_1_297' title='bbox 377 3177 399 3225; x_wconf 81' lang='lat' dir='ltr'><strong>s,</strong></span> <span class='ocrx_word' id='word_1_298' title='bbox 413 3177 447 3218; x_wconf 81' lang='lat' dir='ltr'><strong>eu.</strong></span> <span class='ocrx_word' id='word_1_299' title='bbox 497 3163 523 3235; x_wconf 64' lang='grc' dir='ltr'><strong>ξ.</strong></span> <span class='ocrx_word' id='word_1_300' title='bbox 539 3169 597 3218; x_wconf 86' lang='grc'><strong>146.</strong></span> <span class='ocrx_word' id='word_1_301' title='bbox 620 3166 659 3230; x_wconf 82' lang='lat' dir='ltr'><strong>Cf.</strong></span> <span class='ocrx_word' id='word_1_302' title='bbox 674 3179 695 3227; x_wconf 86' lang='lat' dir='ltr'><strong>s,</strong></span> <span class='ocrx_word' id='word_1_303' title='bbox 710 3179 742 3218; x_wconf 84' lang='lat' dir='ltr'><strong>su.</strong></span> <span class='ocrx_word' id='word_1_304' title='bbox 761 3166 811 3217; x_wconf 76' lang='lat' dir='ltr'><strong>Cic.</strong></span> <span class='ocrx_word' id='word_1_305' title='bbox 822 3181 875 3230; x_wconf 84' lang='lat' dir='ltr'><strong>pro</strong></span> <span class='ocrx_word' id='word_1_306' title='bbox 891 3165 966 3215; x_wconf 84' lang='lat' dir='ltr'><strong>Rosc.</strong></span> <span class='ocrx_word' id='word_1_307' title='bbox 982 3164 1038 3215; x_wconf 88' lang='lat' dir='ltr'><strong>Am.</strong></span> <span class='ocrx_word' id='word_1_308' title='bbox 1049 3176 1082 3217; x_wconf 80' lang='lat' dir='ltr'><strong>eu.</strong></span> 
     </span>
     <span class='ocr_line' id='line_1_35' title="bbox 129 3235 1083 3298; baseline -0.004 -12"><span class='ocrx_word' id='word_1_309' title='bbox 129 3235 155 3296; x_wconf 63' lang='grc' dir='ltr'><strong>θ.</strong></span> <span class='ocrx_word' id='word_1_310' title='bbox 170 3246 215 3287; x_wconf 81' lang='lat' dir='ltr'><strong>ros.</strong></span> <span class='ocrx_word' id='word_1_311' title='bbox 233 3235 302 3285; x_wconf 84' lang='lat' dir='ltr'><strong>Pitt.</strong></span> <span class='ocrx_word' id='word_1_312' title='bbox 317 3246 338 3295; x_wconf 82' lang='lat' dir='ltr'><strong>s,</strong></span> <span class='ocrx_word' id='word_1_313' title='bbox 354 3247 387 3289; x_wconf 85' lang='lat' dir='ltr'><strong>so.</strong></span> <span class='ocrx_word' id='word_1_314' title='bbox 403 3247 436 3288; x_wconf 82' lang='lat' dir='ltr'><strong>ee.</strong></span> <span class='ocrx_word' id='word_1_315' title='bbox 451 3235 536 3288; x_wconf 80' lang='lat' dir='ltr'><strong>Senot.</strong></span> <span class='ocrx_word' id='word_1_316' title='bbox 558 3237 610 3287; x_wconf 81' lang='lat' dir='ltr'><strong>oio.</strong></span> <span class='ocrx_word' id='word_1_317' title='bbox 631 3237 707 3288; x_wconf 82' lang='lat' dir='ltr'><strong>Verr.</strong></span> <span class='ocrx_word' id='word_1_318' title='bbox 722 3237 759 3288; x_wconf 88' lang='lat' dir='ltr'><strong>II.</strong></span> <span class='ocrx_word' id='word_1_319' title='bbox 779 3250 804 3296; x_wconf 92' lang='lat'><strong>1,</strong></span> <span class='ocrx_word' id='word_1_320' title='bbox 819 3249 852 3288; x_wconf 83' lang='lat' dir='ltr'><strong>so.</strong></span> <span class='ocrx_word' id='word_1_321' title='bbox 872 3238 894 3298; x_wconf 74' lang='lat'><strong>§-</strong></span> <span class='ocrx_word' id='word_1_322' title='bbox 910 3247 943 3286; x_wconf 85' lang='lat' dir='ltr'><strong>cs.</strong></span> <span class='ocrx_word' id='word_1_323' title='bbox 958 3245 991 3285; x_wconf 85' lang='lat' dir='ltr'><strong>sa.</strong></span> <span class='ocrx_word' id='word_1_324' title='bbox 1010 3236 1033 3295; x_wconf 73' lang='lat'><strong>§-</strong></span> <span class='ocrx_word' id='word_1_325' title='bbox 1049 3247 1083 3286; x_wconf 83' lang='lat' dir='ltr'><strong>or.</strong></span> 
     </span>
     <span class='ocr_line' id='line_1_36' title="bbox 131 3301 1082 3375; baseline 0.006 -22"><span class='ocrx_word' id='word_1_326' title='bbox 131 3305 198 3354; x_wconf 84' lang='lat' dir='ltr'><strong>Fest.</strong></span> <span class='ocrx_word' id='word_1_327' title='bbox 213 3322 235 3356; x_wconf 87' lang='lat' dir='ltr'><strong>u.</strong></span> <span class='ocrx_word' id='word_1_328' title='bbox 250 3305 371 3356; x_wconf 83' lang='lat' dir='ltr'><strong>Sectores</strong></span> <span class='ocrx_word' id='word_1_329' title='bbox 387 3323 413 3370; x_wconf 87' lang='lat' dir='ltr'><strong>p.</strong></span> <span class='ocrx_word' id='word_1_330' title='bbox 428 3319 475 3358; x_wconf 80' lang='lat' dir='ltr'><strong>set.</strong></span> <span class='ocrx_word' id='word_1_331' title='bbox 558 3303 582 3375; x_wconf 63' lang='grc' dir='ltr'><strong>ἕ.</strong></span> <span class='ocrx_word' id='word_1_332' title='bbox 599 3310 657 3359; x_wconf 83' lang='grc'><strong>147.</strong></span> <span class='ocrx_word' id='word_1_333' title='bbox 677 3329 711 3350; x_wconf 84' lang='lat'>=</span> <span class='ocrx_word' id='word_1_334' title='bbox 729 3309 751 3369; x_wconf 62' lang='grc' dir='ltr'><strong>ξ.</strong></span> <span class='ocrx_word' id='word_1_335' title='bbox 767 3319 787 3358; x_wconf 85' lang='lat' dir='ltr'><strong>s.</strong></span> <span class='ocrx_word' id='word_1_336' title='bbox 807 3307 828 3358; x_wconf 92' lang='lat' dir='ltr'><strong>I.</strong></span> <span class='ocrx_word' id='word_1_337' title='bbox 848 3307 872 3354; x_wconf 81' lang='lat' dir='ltr'><strong>ir.</strong></span> <span class='ocrx_word' id='word_1_338' title='bbox 887 3312 904 3353; x_wconf 84' lang='lat' dir='ltr'><strong>t.</strong></span> <span class='ocrx_word' id='word_1_339' title='bbox 920 3302 954 3368; x_wconf 78' lang='lat'><strong>(4,</strong></span> <span class='ocrx_word' id='word_1_340' title='bbox 974 3301 1018 3367; x_wconf 79' lang='lat'>15)-</span> <span class='ocrx_word' id='word_1_341' title='bbox 1045 3303 1082 3364; x_wconf 76' lang='lat' dir='ltr'><strong>Cf·</strong></span> 
     </span>
     <span class='ocr_line' id='line_1_37' title="bbox 133 3371 1082 3446; baseline -0.001 -21"><span class='ocrx_word' id='word_1_342' title='bbox 133 3373 244 3440; x_wconf 63' lang='lat' dir='ltr'><strong>insepti.</strong></span> <span class='ocrx_word' id='word_1_343' title='bbox 259 3376 293 3426; x_wconf 86' lang='lat' dir='ltr'><strong>ib.</strong></span> <span class='ocrx_word' id='word_1_344' title='bbox 347 3371 392 3446; x_wconf 57' lang='grc' dir='ltr'><strong>ἐξ.</strong></span> <span class='ocrx_word' id='word_1_345' title='bbox 409 3378 467 3427; x_wconf 85' lang='grc'><strong>148.</strong></span> <span class='ocrx_word' id='word_1_346' title='bbox 483 3380 541 3428; x_wconf 78' lang='grc'><strong>149.</strong></span> <span class='ocrx_word' id='word_1_347' title='bbox 557 3399 591 3420; x_wconf 89' lang='lat'><strong>==</strong></span> <span class='ocrx_word' id='word_1_348' title='bbox 605 3380 628 3440; x_wconf 64' lang='grc' dir='ltr'><strong>ξ.</strong></span> <span class='ocrx_word' id='word_1_349' title='bbox 642 3389 664 3428; x_wconf 81' lang='lat'><strong>4.</strong></span> <span class='ocrx_word' id='word_1_350' title='bbox 683 3378 705 3427; x_wconf 93' lang='grc' dir='ltr'><strong>Ι.</strong></span> <span class='ocrx_word' id='word_1_351' title='bbox 721 3377 753 3427; x_wconf 82' lang='lat' dir='ltr'><strong>ib.</strong></span> <span class='ocrx_word' id='word_1_352' title='bbox 771 3377 809 3440; x_wconf 82' lang='lat' dir='ltr'><strong>Cf.</strong></span> <span class='ocrx_word' id='word_1_353' title='bbox 823 3390 904 3438; x_wconf 82' lang='lat' dir='ltr'><strong>snpra</strong></span> <span class='ocrx_word' id='word_1_354' title='bbox 919 3376 942 3435; x_wconf 68' lang='grc' dir='ltr'><strong>ξ.</strong></span> <span class='ocrx_word' id='word_1_355' title='bbox 957 3384 990 3424; x_wconf 83' lang='grc'><strong>91.</strong></span> <span class='ocrx_word' id='word_1_356' title='bbox 1007 3371 1082 3420; x_wconf 81' lang='lat' dir='ltr'><strong>Paul.</strong></span> 
     </span>
     <span class='ocr_line' id='line_1_38' title="bbox 129 3442 1076 3512; baseline 0.006 -15"><span class='ocrx_word' id='word_1_357' title='bbox 129 3455 151 3504; x_wconf 76' lang='lat'><strong>5,</strong></span> <span class='ocrx_word' id='word_1_358' title='bbox 164 3458 185 3497; x_wconf 86' lang='lat' dir='ltr'><strong>u.</strong></span> <span class='ocrx_word' id='word_1_359' title='bbox 201 3448 223 3508; x_wconf 67' lang='grc' dir='ltr'><strong>ξ.</strong></span> <span class='ocrx_word' id='word_1_360' title='bbox 239 3460 259 3497; x_wconf 92' lang='grc'><strong>1.</strong></span> <span class='ocrx_word' id='word_1_361' title='bbox 277 3447 345 3496; x_wconf 76' lang='lat' dir='ltr'><strong>Fest</strong></span> <span class='ocrx_word' id='word_1_362' title='bbox 360 3463 398 3511; x_wconf 85' lang='lat' dir='ltr'><strong>ep.</strong></span> <span class='ocrx_word' id='word_1_363' title='bbox 413 3463 436 3497; x_wconf 86' lang='lat' dir='ltr'><strong>o.</strong></span> <span class='ocrx_word' id='word_1_364' title='bbox 458 3448 590 3498; x_wconf 87' lang='lat' dir='ltr'><strong>Possessio</strong></span> <span class='ocrx_word' id='word_1_365' title='bbox 601 3464 628 3512; x_wconf 88' lang='lat' dir='ltr'><strong>p.</strong></span> <span class='ocrx_word' id='word_1_366' title='bbox 645 3460 692 3499; x_wconf 79' lang='lat' dir='ltr'><strong>ese.</strong></span> <span class='ocrx_word' id='word_1_367' title='bbox 707 3447 738 3497; x_wconf 91' lang='lat' dir='ltr'><strong>L.</strong></span> <span class='ocrx_word' id='word_1_368' title='bbox 752 3461 763 3498; x_wconf 92' lang='lat'>1</span> <span class='ocrx_word' id='word_1_369' title='bbox 774 3463 818 3510; x_wconf 85' lang='lat' dir='ltr'><strong>pr.</strong></span> <span class='ocrx_word' id='word_1_370' title='bbox 828 3448 851 3508; x_wconf 61' lang='grc' dir='ltr'><strong>ὅ.</strong></span> <span class='ocrx_word' id='word_1_371' title='bbox 862 3457 882 3496; x_wconf 88' lang='lat' dir='ltr'><strong>s.</strong></span> <span class='ocrx_word' id='word_1_372' title='bbox 897 3444 925 3492; x_wconf 84' lang='lat' dir='ltr'><strong>li.</strong></span> <span class='ocrx_word' id='word_1_373' title='bbox 938 3442 1076 3502; x_wconf 65' lang='lat' dir='ltr'><strong>utiPOSSid</strong></span> 
     </span>
     <span class='ocr_line' id='line_1_39' title="bbox 130 3513 831 3584; baseline -0.003 -18"><span class='ocrx_word' id='word_1_374' title='bbox 130 3513 174 3582; x_wconf 77' lang='grc'><strong>(48,</strong></span> <span class='ocrx_word' id='word_1_375' title='bbox 191 3516 234 3582; x_wconf 86' lang='lat' dir='ltr'><strong>li),</strong></span> <span class='ocrx_word' id='word_1_376' title='bbox 250 3517 281 3566; x_wconf 86' lang='lat' dir='ltr'><strong>L.</strong></span> <span class='ocrx_word' id='word_1_377' title='bbox 298 3530 319 3568; x_wconf 92' lang='lat'><strong>1.</strong></span> <span class='ocrx_word' id='word_1_378' title='bbox 329 3533 373 3581; x_wconf 81' lang='lat' dir='ltr'><strong>pr.</strong></span> <span class='ocrx_word' id='word_1_379' title='bbox 389 3518 421 3567; x_wconf 89' lang='lat' dir='ltr'><strong>D.</strong></span> <span class='ocrx_word' id='word_1_380' title='bbox 437 3518 524 3568; x_wconf 84' lang='lat' dir='ltr'><strong>utrubi</strong></span> <span class='ocrx_word' id='word_1_381' title='bbox 538 3517 582 3584; x_wconf 78' lang='grc'><strong>(13,</strong></span> <span class='ocrx_word' id='word_1_382' title='bbox 596 3518 648 3584; x_wconf 79' lang='grc'><strong>81);</strong></span> <span class='ocrx_word' id='word_1_383' title='bbox 663 3519 735 3582; x_wconf 77' lang='lat' dir='ltr'><strong>infra</strong></span> <span class='ocrx_word' id='word_1_384' title='bbox 749 3531 770 3576; x_wconf 78' lang='lat'><strong>4,</strong></span> <span class='ocrx_word' id='word_1_385' title='bbox 786 3529 831 3568; x_wconf 77' lang='lat'>160.</span> 
     </span>
    </p>
   </div>
   <div class='ocr_carea' id='block_1_6' title="bbox 0 0 1346 4112">
    <p class='ocr_par' dir='ltr' id='par_1_6' title="bbox 0 0 1346 4112">
     <span class='ocr_line' id='line_1_40' title="bbox 0 0 1346 4112; baseline 0 0"><span class='ocrx_word' id='word_1_386' title='bbox 0 0 1346 4112; x_wconf 95' lang='lat' dir='ltr'><strong> </strong></span> 
     </span>
    </p>
   </div>
  </div>
 </body>
</html>
