2672 4112
243 263 284 321 34
581 272 610 308 rt.
629 271 739 307 rrunrvs
757 269 857 309 cronno.

241 407 298 454 est:
313 400 398 472 igitur
414 400 500 454 omnis
516 399 643 454 honestas
659 396 754 452 eodem
770 396 860 454 modo.
886 396 962 453 llVll.
978 396 1041 452 Nam
1057 406 1088 454 ut
1100 413 1163 456 uera
1175 407 1204 458 et

241 482 316 553 falsa,
333 491 364 537 ut
379 483 571 554 consequentia
587 489 614 536 et
630 481 764 536 contraria
778 496 826 535 sua
841 488 949 554 sponte,
964 497 1019 536 non
1034 481 1120 538 aliena
1134 482 1205 539 iudi·

242 573 345 632 cantur,
369 567 408 622 sic
429 573 555 622 constans
578 571 607 620 et
626 565 840 638 perpetuaratio
857 566 939 635 uitae,
962 581 1031 637 quae
1045 567 1133 622 uirtus
1149 575 1203 638 est,

241 651 359 722 itemque
370 650 560 720 inconstantia,
576 648 649 721 quod
661 656 704 702 est
720 649 825 716 uitium,
842 664 890 703 sua
901 655 997 704 natura
1007 665 1042 706 ant
1052 644 1203 722 probauit,¹

241 750 291 789 nos
309 733 416 806 ingenia
431 735 558 788 iuuenum
574 747 630 788 non
644 731 726 787 item?
755 726 804 789 46.
826 747 857 786 an
873 733 979 805 ingenia
994 741 1097 803 natura,
1113 734 1202 790 uirtu-

241 826 282 874 tes
305 825 333 872 et
354 819 427 881 uitia,
450 833 519 889 quae
541 815 661 871 existunt
682 814 714 869 ab
736 815 870 887 ingeniis,
893 815 972 871 aliter
993 816 1202 874 iudicabuntur?

241 894 331 976 atisil²
346 917 376 956 ea
390 918 444 957 non
460 899 551 965 aliter,
576 899 691 955 honesta
706 906 732 954 et
748 900 834 971 turpia
849 915 904 954 nou
921 898 953 954 ad
968 907 1089 955 naturam
1104 901 1201 957 referri

241 999 352 1040 necesse
374 985 442 1040 erit?
465 983 539 1056 quod
560 981 694 1038 laudabile
715 982 817 1038 bonum
839 989 894 1053 est,
916 984 943 1038 in
965 999 995 1038 se
1016 983 1113 1040 habeat
1128 984 1202 1057 quod

242 1067 367 1124 laudetur
381 1083 493 1124 necesse
508 1074 564 1134 est;
586 1066 674 1140 ipsum
689 1067 759 1121 enim
774 1065 874 1121 bonum
890 1082 946 1122 non
962 1075 1003 1122 cst
1018 1067 1201 1140 opinionibus,

240 1151 288 1207 sed
308 1161 411 1207 natura.
441 1168 511 1222 nam,
532 1152 559 1206 ni
580 1151 617 1205 ita
632 1157 714 1220 esset,
739 1149 810 1205 beati
831 1166 941 1222 quoque
957 1152 1084 1224 opinione
1099 1160 1202 1224 essent,

240 1252 295 1308 quo
312 1235 376 1308 quid
391 1235 442 1291 dici
458 1241 550 1308 potest
565 1233 695 1290 stultius?
719 1249 770 1306 qua
790 1249 820 1288 re
836 1249 918 1306 quom
937 1241 965 1289 et
988 1233 1088 1290 bonum
1103 1244 1131 1291 et
1145 1252 1200 1292 ma·

240 1318 296 1374 lum
311 1327 407 1374 natura
421 1319 556 1375 iudicetur
570 1325 598 1374 et
613 1334 642 1373 ea
654 1319 708 1372 sint
719 1318 850 1390 principia
863 1324 985 1390 naturae,
1001 1327 1074 1374 certe
1086 1319 1200 1376 honesta

241 1419 350 1475 quoque
371 1410 399 1457 et
417 1403 508 1475 turpia
530 1401 609 1458 simili
630 1402 736 1456 ratione
751 1400 890 1456 iudicanda
905 1409 932 1457 et
947 1401 980 1456 ad
994 1410 1115 1458 naturam
1130 1403 1201 1459 rele-

240 1485 324 1540 renda
339 1493 412 1541 sunt.
441 1482 487 1544 47.
509 1485 561 1541 Sed
575 1485 717 1559 perturbat
730 1501 781 1540 nos
802 1485 960 1558 opinionum
980 1487 1097 1542 uarietas
1116 1487 1201 1544 homi·

241 1585 360 1642 numque
375 1569 519 1640 dissensio,
535 1577 563 1626 et
578 1570 639 1642 quia
654 1567 794 1624 nunidem
810 1571 943 1642 contingit
958 1569 985 1625 in
1001 1569 1135 1644 sensibus,
1150 1571 1200 1626 bos

241 1660 336 1709 natura
352 1660 441 1709 certos
456 1659 592 1726 putamus,
609 1651 663 1724 illa,
679 1668 747 1725 quae
758 1652 816 1708 aliis
831 1654 881 1724 sic,
896 1653 953 1708 aliis
964 1669 1043 1711 secus
1054 1671 1106 1711 uec
1116 1653 1200 1710 isdem

240 1752 347 1810 semper
361 1753 416 1793 uno
432 1737 513 1792 modo
529 1736 667 1808 uidentur,
683 1734 744 1791 beta
760 1753 820 1792 esse
834 1735 960 1793 dicimus:
978 1738 1051 1810 quod
1066 1747 1108 1794 est
1118 1739 1202 1812 longe

240 1819 326 1876 aliter.
358 1837 418 1876 nam
440 1837 536 1876 sensus
558 1829 667 1876 nostros
683 1835 737 1875 non
753 1837 861 1895 pareus,
883 1838 938 1878 nou
953 1823 1053 1893 nutrix,
1070 1838 1130 1877 ¹nou
1145 1837 1201 1877 ma·

241 1905 337 1979 gister,
354 1921 408 1960 non
423 1910 514 1978 poeta,
535 1921 590 1960 oon
609 1921 688 1960 scena
703 1904 846 1977 deprauat,
867 1921 922 1961 non
941 1904 1120 1961 multitudinis
1135 1921 1201 1961 con·

241 2005 336 2045 seusus
357 1989 477 2045 abducit:
500 1995 527 2044 at
547 1981 629 2044 uero³
649 1990 743 2044 animis
760 2005 852 2044 omnes
867 1988 1016 2045 tenduntur
1029 1988 1141 2045 insidiae
1157 1988 1202 2046 uel

241 2072 273 2128 ab
288 2073 332 2144 iis,
348 2089 417 2146 quos
431 2072 512 2129 modo
529 2075 692 2143 enumerem,
709 2074 756 2146 qui
771 2080 881 2128 teneros
896 2081 924 2128 et
936 2073 1018 2129 'rudes
1033 2089 1116 2144 quom
1127 2088 1202 2130 acce·

240 2166 349 2230 perunt,
365 2150 488 2214 inficiunt
503 2165 531 2211 et
545 2155 669 2227 lleetunt,
685 2163 716 2210 ut
731 2156 838 2226 uolunt,
856 2155 898 2212 uel
914 2156 946 2212 ab
958 2173 998 2228 ea,
1011 2173 1083 2231 quae
1093 2158 1201 2231 penitus

240 2242 268 2295 in
284 2242 356 2294 omni
373 2257 455 2296 sensu
469 2239 592 2312 inplicata
608 2239 717 2309 insidet,
732 2240 859 2295 imitatrix
874 2238 948 2310 boni,
964 2240 1101 2314 uoluptas,
1117 2241 1200 2297 malo·

240 2339 299 2378 rum
323 2329 412 2378 autem
434 2330 522 2378 mater
544 2324 676 2390 omnium;
701 2324 799 2394 quoius
821 2323 956 2379 blanditiis
978 2326 1109 2398 corrupti,
1133 2339 1201 2396 quae

240 2415 335 2463 natura
357 2406 426 2462 bona
449 2414 522 2477 sunt,
545 2407 606 2478 quia
629 2405 768 2462 dulcedine
791 2408 840 2463 hac
862 2415 890 2462 et
911 2405 999 2464 scabie
1021 2416 1124 2480 carent,
1144 2423 1198 2464 non

240 2498 355 2547 cernunt
369 2491 444 2546 satis.

303 2574 391 2631 llVlll.
414 2571 462 2630 tc.
488 2573 625 2647 Sequitur,
647 2582 678 2630 ut
699 2576 825 2652 conclpsa
840 2576 904 2631 mihi
917 2577 966 2632 iam
982 2576 1049 2633 haec
1063 2577 1099 2632 sit
1114 2577 1200 2632 omnis

241 2659 339 2728 oratio,
360 2657 386 2713 id
408 2657 479 2731 quod
495 2666 556 2714 ante
572 2658 665 2714 oculos
682 2675 713 2716 ex
729 2660 762 2714 iis
778 2667 829 2731 est,
853 2675 920 2732 quae
935 2659 1005 2716 dicta
1020 2667 1095 2730 sunt,
1116 2667 1143 2715 et
1157 2661 1199 2715 ius

240 2750 268 2799 et
283 2758 362 2799 omne
376 2741 521 2798 honestum
537 2759 585 2798 sua
597 2751 695 2816 sponte
709 2759 768 2799 esse
780 2742 977 2818 expetendum
994 2743 1093 2800 etenim
1106 2759 1200 2816 omnes

239 2829 291 2883 uiri
312 2826 377 2882 boni
397 2827 484 2900 ipsam
506 2828 667 2899 aequitatem
689 2836 716 2882 et
738 2829 780 2883 ius
802 2829 890 2900 ipsum
906 2835 1005 2899 amant,
1027 2844 1077 2884 nec
1092 2836 1134 2884 est
1148 2829 1201 2882 uiri

239 2910 304 2966 boui
318 2926 408 2966 errare
423 2918 450 2967 et
465 2910 579 2983 diligere
594 2910 667 2984 quod
682 2927 732 2984 per
746 2927 775 2966 se
791 2928 845 2967 non
861 2913 897 2966 sit
911 2911 1092 2984 diligendum:
1107 2927 1200 2985 perse

239 2995 325 3069 lqitur
340 2995 382 3050 ius
405 3002 447 3050 est
468 2995 645 3068 expetendum
668 3002 695 3049 et
717 2994 876 3064 colendum;
900 2995 1017 3068 quodsi
1038 2997 1096 3066 ius,
1119 2997 1200 3051 etiam

239 3079 357 3148 iustitia3
373 3080 414 3134 sin
429 3095 470 3152 ea,
487 3079 606 3152 reliquae
622 3094 731 3150 quoque
747 3079 862 3134 uirtutes
877 3095 927 3152 per
941 3096 970 3135 se
986 3079 1114 3134 colendae
1126 3086 1199 3134 sunt

240 3161 323 3236 quidi
342 3161 487 3219 liberalitas
508 3164 660 3236 gratuitane
680 3171 722 3217 est
743 3177 777 3216 an
792 3163 991 3218 mercennaria?
1011 3164 1034 3217 si
1049 3164 1106 3218 sine
1121 3177 1199 3236 prae·

240 3249 293 3303 mio
309 3248 442 3320 benignus
458 3254 508 3317 est,
526 3247 658 3322 gratuita3
675 3246 767 3301 sicum
778 3246 913 3318 mercede,
929 3246 1072 3305 conducta.
1098 3262 1148 3302 nec
1158 3253 1200 3302 est

313 3450 333 3518 ¹)
349 3451 379 3501 V.
389 3451 556 3514 supplendum
570 3453 716 3508 existimat:
729 3459 811 3502 natura
827 3450 1006 3518 (iudicabitur.
1031 3468 1065 3502 an
1080 3454 1201 3517 agricolo

238 3524 340 3572 surculi
348 3523 477 3586 inpertiam
486 3520 591 3587 notura)
603 3523 720 3585 probabit.
736 3523 790 3572 Pro
804 3519 1200 3572 ‘iudicabitur’malint‘iudico·

239 3589 304 3641 tur'.
326 3589 346 3655 ²)
362 3593 391 3639 ad
402 3589 482 3656 (corr.
493 3589 533 3656 ab)
544 3591 603 3640 Bao
612 3592 682 3641 Aed.
695 3593 725 3642 V.
747 3590 767 3657 ³)
783 3593 879 3642 abducit
889 3592 917 3659 (a
927 3591 1001 3658 uero)
1014 3601 1038 3641 at
1052 3607 1109 3641 aero
1122 3595 1155 3654 qi.
1168 3593 1198 3641 V.
