2680 4118
250 149 311 215 716
547 161 645 198 rasura
665 161 718 198 rua.
737 162 798 198 aori.
817 162 902 200 vsurc.

248 284 354 353 origine
373 283 519 338 Bobiensis
537 285 566 337 et
583 284 731 352 praeterea
751 284 844 352 legem
861 283 919 336 Bur
940 283 1094 336 undionum
1117 282 1219 336 conti-
1314 311 1315 314 ¹

247 367 327 415 nens,
346 351 463 404 stratio
481 351 510 404 in
527 350 580 404 hac
599 349 764 404 collectione
783 366 866 418 saepe
886 301 985 404 Itfdiae
1004 351 1034 404 et
1050 349 1215 416 Hispaniae

249 417 337 484 (velut
359 418 399 478 ἐξ.
419 424 475 471 134.
497 424 553 471 1³⁷.
578 421 635 472 138.
662 423 717 474 146.
742 423 798 471 147.
823 423 878 472 148.
904 423 959 472 187.
984 423 1040 472 191.
1064 423 1120 471 192.
1144 422 1213 469 204.

248 491 307 543 206.
320 489 461 538 232-287.
474 485 545 550 247.)
557 499 711 561 numquam
723 483 838 538 orientis
850 483 956 549 habita,
970 486 999 537 et
1011 483 1086 550 quod
1098 483 1217 551 scripta

248 555 286 620 (p.
304 555 373 616 691.)
392 552 422 606 et
438 551 576 619 rescripta
598 551 779 605 orientalibus
801 551 811 604 i
852 552 931 604 orata
954 550 1098 618 complura
1118 549 1148 602 in
1170 565 1214 604 ea

248 618 425 682 adhibentur,
445 617 587 671 aGraecis
605 619 701 670 contra
719 617 799 671 velut
846 617 967 672 odestini
984 617 1062 670 libris
1079 617 1212 672 abstine·

247 688 301 742 tur.
334 684 441 738 Deinde
459 686 522 738 tota
536 684 726 738 Valentiniani
744 683 779 738 de
797 685 907 752 scriptis
925 683 1054 738 ICtorurn
1072 683 1139 737 data
1155 683 1211 738 lex

248 769 283 807 ex
294 752 355 816 boc,
374 768 457 819 quem
470 751 622 820 posuimus,
642 767 735 804 rerum
753 766 827 804 nexu
840 751 949 804 facilius
961 751 1126 819 explicatur,
1144 767 1209 804 ma·

247 819 322 872 xime
340 819 415 886 quod
428 818 467 872 ait
486 818 653 886 ‘Papiniani
671 817 771 881 Paulli,
789 815 860 881 Gaii,
877 817 992 886 Ulpiani
1010 818 1095 885 atque
1107 816 1210 871 Mode-

248 885 313 940 stini
331 886 462 954 scriptu
479 885 643 938 universa
659 884 847 938 firmamus’
861 887 891 938 et
903 886 978 952 quod
991 883 1062 938 Gaio
1075 885 1210 938 etomni·
1313 887 1315 952 ξ

152 1007 158 1022 ,
248 954 300 1006 bus
317 952 431 1020 quidem
450 952 509 1006 eius
526 951 605 1004 libris
624 951 722 1004 eadem
736 967 809 1018 quae
825 951 926 1005 ceteris
944 952 1095 1005 auctoritas
1112 951 1209 1004 vindi-

248 1022 334 1074 catur.
370 1019 483 1073 Scilicet
499 1019 555 1073 iam
574 1018 697 1072 abstinet
713 1018 867 1086 imperator
884 1035 901 1072 a
918 1018 1030 1072 ‘codice
1048 1018 1116 1070 iuris
1135 1033 1208 1072 enu·
1314 1065 1315 1068 ,

248 1087 356 1148 cleati’,
379 1088 492 1206 praeter
514 1101 596 1153 quem
620 1085 769 1140 verisimile
792 1087 847 1149 est,
871 1084 936 1162 tiaii
957 1085 1041 1163 firisse
1062 1085 1208 1162 quaedam

247 1169 389 1298 lutatii
402 1153 628 1297 limitata
642 1151 1207 1297 itlttttfiliuutultiffili

247 1302 328 1354 quasi
351 1285 515 1339 orientalem
537 1301 627 1355 magis
644 1285 740 1340 Ictum
762 1287 865 1340 codicis
887 1287 1086 1354 compositores
1106 1301 1142 1339 ne
1163 1285 1206 1340 le·

247 1353 360 1416 xerant‚
384 1352 469 1405 aliam
491 1353 605 1406 interim
626 1352 795 1406 medicinam
816 1353 884 1406 iuris
904 1352 1098 1408 incertitudini
1120 1303 1207 1407 aderis

248 1434 314 1473 sans
332 1418 422 1472 multo
439 1418 595 1473 faciliorem
614 1421 644 1472 st
660 1419 690 1472 in
708 1437 775 1486 qua,
798 1421 831 1473 ut
848 1421 965 1474 eventus
984 1419 1092 1486 docuit,
1116 1421 1205 1474 etiam

249 1485 405 1540 Theodosio
423 1485 492 1539 licet
509 1487 626 1542 meliora
645 1486 698 1538 sibi
716 1503 728 1538 s
767 1486 865 1540 ndenti
882 1486 1115 1562 acquiescendum
1133 1489 1204 1541 erat.

247 1551 384 1632 Erpresse
403 1567 469 1605 vero
488 1551 595 1606 abolita
612 1555 655 1606 est
672 1503 870 1630 illapidaticani
887 1569 979 1622 operis
1003 1553 1107 1606 ‘nubes
1125 1553 1205 1632 volu-

247 1627 363 1672 mmum’
384 1635 418 1672 es
434 1619 547 1672 demum
559 1619 709 1674 Theodosii
727 1622 935 1684 constitutione,
953 1634 1010 1687 qua
1027 1637 1108 1674 suum
1121 1619 1203 1676 Codr-

248 1703 308 1741 cem
325 1686 481 1752 roboravit,
500 1687 608 1750 verbis,
626 1701 698 1753 quae
716 1703 800 1756 supra
817 1687 972 1741 retulimus.
1314 1689 1315 1694 ’

315 1753 415 1808 Restat
432 1753 467 1807 de
486 1753 655 1807 editionibus
672 1769 763 1820 pauca
780 1755 881 1808 dicere.
912 1757 926 1784 ⁸
936 1755 948 1782 *
960 1753 1029 1808 Post
1045 1754 1202 1822 principem

246 1821 280 1874 Δ.
293 1821 361 1874 Maii
379 1820 546 1887 editionem,
556 1819 628 1874 duae
645 1821 757 1874 tantum
770 1821 827 1876 suis
839 1820 951 1874 dotibus
964 1821 1203 1874 commendabiles

246 1890 362 2008 paratae
380 1889 454 1954 sunt,
472 1885 695 1942 Buchholtuiana
711 1892 823 1940 a.1828.
841 1889 870 1942 et
881 1887 1075 1956 Hollwegiana
1087 1905 1110 1940 a
1123 1891 1198 1942 1833.

270 1955 326 2009 rior
348 1955 441 2022 amplo
463 1954 663 2008 commentario
685 1955 744 2008 tam
766 1955 862 2008 critico
884 1971 968 2022 quam
991 1955 1135 2023 exegetico
1156 1954 1200 2008 in·

247 2023 366 2082 structa,
393 2022 461 2074 licet
482 2021 642 2090 saepissime
665 2019 789 2074 offendat
810 2021 857 2074 rel
882 2020 1028 2090 superfluis
1050 2022 1095 2075 vel
1117 2020 1202 2074 nimis

246 2088 424 2154 iuvenilibus,
443 2089 538 2142 tamem
551 2087 636 2142 etiam
648 2087 788 2156 quaedam
806 2088 899 2165 habet,
918 2103 991 2165 quae
1004 2089 1094 2142 bonae
1111 2089 1201 2158 frugis

247 2156 311 2210 sint.
345 2155 452 2216 Altera,
471 2170 543 2222 quae
561 2157 648 2208 etiam
665 2156 694 2208 in
712 2171 812 2222 corpus
829 2172 897 2207 ruris
912 2171 965 2208 civ.
984 2155 1115 2210 anteiust.
1127 2154 1198 2208 Bon-

246 2239 331 2278 nense
350 2222 494 2291 migravit‚
518 2224 547 2274 et
563 2221 660 2274 iudicii
679 2223 841 2276 maturitate
859 2221 889 2274 in
906 2223 986 2276 textu
1003 2222 1199 2276 constituendo

247 2291 277 2344 et
293 2288 431 2342 indicibus
450 2287 649 2358 aBoecliingio
668 2289 800 2342 confectis
819 2290 848 2342 et
864 2289 1015 2356 specimine
1034 2289 1094 2343 cod.
1107 2289 1196 2344 Vatia.

247 2355 356 2410 adiecto
380 2358 514 2431 praestat.
551 2355 737 2418 Quamobrem
754 2357 878 2408 nostram
897 2355 1049 2410 editionem
1072 2355 1109 2408 ad
1129 2355 1200 2409 hanc

247 2421 352 2474 referre
365 2437 455 2473 ursum
468 2422 518 2485 est,
536 2419 713 2474 Buchholtzii
729 2423 849 2486 tantum,
868 2421 917 2476 ubi
928 2423 1072 2488 intererat,
1091 2423 1199 2476 ratione

246 2486 352 2540 habita.
380 2487 412 2540 In
424 2488 506 2562 textu
523 2487 748 2556 recognoscendo
766 2489 822 2542 scic
834 2489 957 2556 quidem,
975 2491 1009 2542 ut
1021 2491 1082 2543 tuto
1095 2489 1198 2567 ubique

246 2553 398 2630 procedere
416 2569 516 2622 possis,
539 2554 718 2631 iteratamet
735 2557 936 2633 accuratiorem
957 2555 1059 2610 codicis
1077 2555 1141 2609 Vat.
1159 2572 1198 2620 rn-

246 2623 419 2764 :stituit
429 2621 787 2766 utilititatem
805 2621 1198 2766 ,itlilistiiiltiilu

245 2754 291 2806 hic
309 2769 432 2831 maxime
448 2754 543 2816 refert,
563 2755 687 2832 suppleri
705 2771 794 2832 posse·
805 2757 954 2810 arbitratus
972 2773 1041 2811 sum.
1074 2757 1199 2810 Pertinet

245 2821 298 2874 hoc
319 2837 446 2888 mprrmrs
469 2820 505 2873 ad
527 2820 595 2874 folia
616 2821 667 2874 illa
692 2821 827 2875 bessarros
849 2823 895 2876 vel
921 2823 1082 2876 trientarios
1104 2839 1197 2876 versus

246 2886 431 2953 continentia,
451 2888 732 3005 quilqueflupplelldis
748 2889 856 2966 duplex
873 2889 1028 2967 subsidium
1047 2890 1197 2967 editaribus

244 2953 1197 3099 scitilaria,miliiuiuitisililiiiiluti

245 3090 350 3142 servati
362 3089 435 3154 sunt,
453 3087 528 3141 unde
541 3103 637 3142 sarciri
649 3087 797 3157 deperdita
807 3092 946 3158 poterant.
973 3091 1010 3144 Et
1020 3091 1074 3145 hoc
1086 3090 1196 3160 quidem

245 3169 334 3222 genus
359 3155 484 3209 locorum
506 3156 563 3210 iam
581 3155 740 3210 absolutum
762 3157 852 3211 videri
877 3159 982 3235 potest3
1010 3160 1086 3212 certe
1112 3173 1194 3210 unam
1207 3171 1265 3220 [osi]

244 3223 354 3276 tuntum
373 3227 396 3288 ξ.
408 3228 450 3276 66.
467 3222 571 3289 inveni,
589 3223 634 3277 cui
651 3223 704 3277 hoc
722 3223 805 3278 modo
824 3223 960 3278 auxilium
976 3224 1044 3279 ferri
1061 3225 1162 3293 posset,
1180 3239 1197 3276 a

244 3290 384 3358 prioribus
402 3289 557 3344 editoribus
573 3305 630 3343 non
642 3291 874 3346 animadversum.
906 3291 947 3344 Ex
964 3292 1078 3362 ingenio
1093 3291 1195 3363 aliqua·

242 3357 506 3437 tenussupplendis
522 3357 552 3410 hi
569 3357 602 3434 iis
619 3358 731 3410 tantum
749 3358 859 3435 paginis
872 3359 1193 3437 animumnadverteraut,

242 3425 392 3544 {isitii
404 3425 1196 3568 lifiitttltititltili'seuiuariti
