2684 4112
250 205 314 270 394
524 218 582 255 0111
599 219 692 254 rusum.
711 199 757 254 IV.
779 186 926 256 141-1443

249 352 396 428 praecipit,
411 365 445 406 ue
460 351 518 406 sine
532 349 600 405 uitio
616 347 765 422 possidenti
786 347 826 402 uis
842 344 903 419 fiat,
918 361 986 402 neue
1001 348 1030 403 in
1045 347 1106 404 loeo
1121 364 1200 406 sacro

249 435 349 510 aliquid
368 433 426 490 fiat:
452 433 522 489 unde
543 433 630 487 omnia
656 430 797 488 interdicta
819 439 865 486 aut
891 432 1060 486 restitutoria
1085 439 1132 488 aui
1154 448 1200 488 es·

250 519 374 576 lrilriioria
400 525 445 572 aut
470 514 645 590 prohibitoria
673 523 815 572 uocantur.
862 510 921 570 141.
951 514 1005 572 Nec
1028 523 1115 570 tamen
1139 531 1210 572 eum

250 603 314 676 quid
329 602 438 658 iusserit
453 598 510 656 lieri
531 607 576 654 ant
597 596 653 654 lieri
674 596 857 672 prohibuerit,
885 599 975 654 statim
995 607 1138 671 peractum
1158 608 1278 660 estimo]

250 687 406 760 negotium,
430 683 478 740 sed
498 683 530 738 ad
550 681 664 738 iudicem
686 688 922 754 recuperatoresue
944 682 1002 738 itur
1022 690 1049 737 et
1070 681 1104 738 ibi
1120 682 1201 739 editis

251 767 374 826 formulis
400 767 551 841 quaeritur,
583 782 617 820 arr
643 763 743 837 aliquid
768 763 898 820 aduersus
923 767 1056 838 praetoris
1082 765 1200 822 edictum

251 852 350 909 lactum
365 852 416 923 sit,
437 849 480 906 uel
502 866 534 905 an
554 848 654 904 lactum
675 865 729 904 non
745 849 789 919 sit,
814 847 887 921 quod
903 849 925 904 is
941 845 999 904 lieri
1014 850 1133 905 iusserit.
1172 854 1200 906 et

250 936 330 992 modo
346 951 405 991 cum
420 949 506 1008 poena
521 934 619 1006 agitur,
636 930 716 988 modo
732 931 790 988 sine
805 948 908 1004 poena:
930 948 990 988 cnm
1006 948 1107 1006 poena,
1124 933 1200 989 uelut

249 1035 310 1076 curn
332 1034 381 1092 per
402 1018 575 1091 sponsionem
596 1019 701 1088 agitur,
724 1016 782 1070 sins
805 1031 904 1087 poena,
928 1015 1004 1071 uelut
1025 1032 1085 1072 cum
1100 1017 1199 1072 arbiter

250 1103 366 1178 petitur;
395 1099 550 1174 etquidem
576 1115 608 1154 ex
634 1096 819 1172 prohibitoriis
845 1098 994 1154 interdictis
1020 1115 1126 1172 semper
1151 1115 1200 1172 per

250 1185 424 1259 sponsionem
443 1185 487 1256 agi
508 1182 594 1252 solet,
622 1198 653 1237 er
678 1183 853 1238 restitutoriis
877 1197 943 1238 uero
968 1183 1012 1238 uel
1034 1181 1199 1239 ealrihitoriis

251 1268 331 1324 modo
354 1285 402 1341 per
416 1268 602 1340 sponsionem,
617 1265 697 1322 modo
713 1281 762 1338 per
776 1264 918 1322 formulam
933 1267 1033 1339 agitur,
1049 1282 1116 1339 quae
1131 1265 1198 1320 ariri·

251 1353 331 1407 traria
346 1359 467 1406 uocatur.
532 1388 533 1391 η

313 1429 376 1490 142.
399 1431 555 1504 Principalis
571 1430 655 1504 igitur
670 1431 767 1489 diuisio
783 1432 810 1488 in
826 1449 858 1488 eo
870 1439 923 1506 est,
936 1433 1008 1505 quod
1019 1441 1065 1488 aut
1077 1431 1198 1506 prohihi-

252 1518 320 1572 toria
339 1525 403 1580 sunt
423 1513 566 1571 interdicta
592 1522 638 1570 aut
664 1517 832 1571 restitutoria
856 1525 903 1572 aut
924 1515 1091 1572 exlrihitoria.
1135 1512 1200 1574 143.

251 1599 372 1674 Sequens
387 1601 415 1656 in
430 1615 463 1655 ec
478 1605 520 1654 est
534 1598 645 1669 diuisio,
669 1597 742 1672 quod
760 1599 804 1655 uel
820 1598 1004 1672 adipiscendae
1020 1601 1199 1674 possessionis

250 1700 329 1740 causa
344 1691 487 1756 conparata
508 1689 573 1737 sunt
591 1681 636 1737 uel
656 1681 812 1740 retinendae
834 1683 878 1738 uel
893 1680 1088 1756 reciperandae.
1132 1680 1199 1740 144.

251 1766 442 1840 Adipiscendae
471 1766 651 1840 possessionis
678 1781 756 1820 causa
784 1765 956 1822 interdictum
982 1765 1200 1821 accommodatur

250 1850 383 1907 horrorum
399 1851 560 1924 possessori,
577 1849 652 1905 euius
668 1850 828 1922 principium
843 1857 885 1905 est
897 1865 1023 1914 ovorum
1036 1863 1198 1913 sonoram

251 1936 363 2007 eiusque
378 1935 419 1990 uis
435 1942 462 1989 et
476 1941 597 2007 potestas
612 1932 677 1988 haec
692 1939 742 2001 est,
759 1941 789 1988 ut
805 1933 878 2006 quod
889 1935 1003 2006 quisque
1014 1948 1046 1988 es
1057 1933 1098 1988 his
1110 1931 1199 2005 bonis,

251 2034 366 2092 quorum
380 2019 518 2092 possessio
533 2016 613 2074 alicui
627 2015 689 2072 dcta
704 2024 760 2086 est,
781 2033 831 2089 pro
853 2016 951 2072 herede
966 2025 1012 2072 aut
1026 2033 1076 2090 pro
1092 2032 1199 2090 posses·

181 2111 314 2160 {sisare
340 2098 504 2175 ³(pcssidet,
530 2103 630 2157 dolone
649 2098 738 2172 fecit,
762 2093 940 2174 quominasi¹
959 2093 964 2177 Ι
984 2099 1151 2173 possideret,
1172 2099 1200 2156 id

250 2185 286 2256 ei,
308 2186 351 2241 cui
373 2183 505 2241 bonorum
520 2183 657 2257 possessio
673 2183 734 2238 data
750 2191 807 2254 cst,
831 2185 1005 2239 restituatur:
1028 2200 1077 2257 pro
1100 2183 1200 2240 herede

250 2277 338 2325 autem
354 2267 491 2342 possidere
508 2266 615 2322 uidetur
631 2273 683 2322 tam
698 2268 738 2338 is,
759 2267 805 2339 qui
820 2267 899 2322 heres
915 2275 972 2340 est,
989 2269 1068 2340 quam
1088 2268 1129 2338 is,
1153 2269 1199 2340 qui

249 2360 326 2425 putat
341 2367 370 2406 se
385 2349 510 2405 heredem
527 2365 601 2418 esse;
623 2365 672 2422 pro
694 2365 852 2422 possessore
871 2351 894 2405 is
915 2350 1052 2424 possidet,
1075 2352 1120 2424 qui
1142 2352 1198 2406 sine

250 2449 328 2490 eausa
343 2433 459 2505 aliquam
473 2449 530 2489 rem
545 2432 731 2489 hereditariam
753 2433 796 2488 uel
817 2434 897 2490 etiam
917 2441 1001 2490 totam
1024 2433 1198 2490 hereditatem

323 2596 344 2666 ¹)
357 2598 482 2664 Suppleoi
495 2614 530 2649 ee
543 2599 568 2648 J.
582 2611 593 2650 1
603 2615 647 2663 pr.
663 2600 695 2650 D.
706 2615 779 2664 quor.
790 2600 847 2652 boa.
862 2598 906 2668 (4³,
921 2599 953 2667 t),
968 2608 996 2650 at
1009 2608 1079 2651 reete
1093 2600 1199 2651 haberet

250 2671 392 2736 possideret.
418 2668 472 2720 Sed
484 2677 566 2720 tamea
581 2672 657 2720 ctiam
671 2685 702 2720 ea
716 2671 748 2720 de
758 2686 838 2722 eausa
848 2686 898 2721 non
909 2677 963 2721 tota
973 2673 1019 2721 illa
1029 2673 1111 2735 ipsius
1120 2672 1199 2722 edicti

249 2741 326 2792 verbu
336 2739 511 2790 transcribere
521 2742 590 2791 colai
599 2738 678 2807 (qaod
691 2756 760 2791 nunc
771 2741 837 2804 fecit
847 2741 894 2806 Bp.
902 2740 970 2808 edo)
980 2743 1041 2806 quia
1054 2748 1126 2791 tanta
1139 2740 1197 2790 sab·

248 2813 331 2862 tilitas
341 2809 549 2860 [restitutionibus
562 2826 612 2862 aon
627 2813 752 2871 convenit,
766 2810 883 2861 ardalus
896 2819 947 2861 tum
958 2819 1044 2862 cetera
1053 2811 1199 2860 huiusmodi

249 2881 389 2931 interdicta
404 2896 454 2932 non
468 2882 619 2945 simpliciter
632 2884 728 2932 similia
741 2883 828 2932 dicere
838 2883 973 2944 potuisset.
996 2881 1084 2931 Simile
1098 2883 1199 2930 initium

251 2947 385 3016 ‘possidet'
406 2957 432 3002 et
451 2948 615 3016 ‘possideret’
636 2953 769 3002 omittendi
792 2966 895 3001 causam
916 2953 1000 3016 faisse
1020 2959 1046 3002 et
1063 2951 1199 3002 librariam

249 3022 381 3078 camdeno
390 3037 505 3072 errorem
515 3023 667 3081 admisisset,
681 3029 740 3072 aare
754 3037 797 3085 pro
812 3022 900 3071 herede
910 3020 1029 3088 (erfecit)
1040 3024 1200 3086 particulam

249 3093 270 3142 si
289 3093 430 3153 addidisse,
445 3093 550 3158 quilibet
563 3094 639 3143 uidet.

318 3247 344 3320 ξ.
361 3255 418 3304 141.
440 3252 577 3316 Cf.§§.1os
590 3265 641 3315 seq.
665 3250 720 3316 dep.
735 3250 798 3301 last.
811 3251 848 3315 fr.
864 3263 914 3310 1,1.
929 3261 949 3301 i.
975 3249 1079 3312 Quintil.
1095 3250 1117 3300 I.
1135 3249 1162 3300 0.
1177 3262 1199 3310 s,

249 3334 282 3374 ro.
301 3324 429 3386 §.ann
454 3324 612 3384 §.sasso
632 3323 703 3383 §.ro
795 3317 1199 3390 §.142.=§.1.init.1.de

248 3393 343 3445 interd.
363 3390 394 3458 (e,
409 3389 453 3458 re).
479 3391 518 3456 Of.
532 3391 564 3440 L.
580 3404 599 3442 1.
615 3393 638 3453 ξ.
654 3403 673 3442 1.
689 3391 720 3441 D.
736 3393 791 3442 eod.
811 3391 856 3457 (es,
871 3391 902 3458 1).
974 3388 1076 3460 §.leh
1092 3413 1125 3434 =
1140 3393 1163 3454 ξ.
1178 3402 1199 3440 a.

247 3463 319 3514 Lib.
340 3463 378 3526 Of.
393 3461 491 3512 Aeson.
508 3460 597 3524 Gripi.
617 3473 642 3514 es
656 3477 707 3528 seq.
727 3461 781 3526 Uip.
797 3462 859 3512 last.
874 3474 895 3520 4,
911 3475 930 3513 1.
981 3458 1006 3530 ξ.
1019 3464 1078 3512 144.
1096 3461 1133 3526 Cf.
1145 3463 1168 3523 §-
1179 3471 1199 3511 s.

251 3531 270 3580 I.
281 3532 314 3582 ii.
324 3547 405 3595 supra
418 3543 439 3592 s,
456 3543 489 3584 se.
500 3543 520 3591 s,
531 3544 577 3584 rae.
589 3531 620 3583 L.
631 3545 716 3585 rr-rs.
736 3533 768 3582 D.
784 3534 815 3582 ale
828 3533 882 3582 ier.
894 3540 947 3596 pet.
962 3531 993 3600 (a,
1008 3531 1038 3599 s).
