2680 4112
251 221 292 280 82
595 229 622 263 n.
642 229 752 266 nvnmvs
771 227 871 264 omisso·

250 357 278 412 id
293 356 400 430 quidem
423 357 503 412 etlam
524 354 594 428 apud
616 355 731 409 maiores
752 359 862 408 nostros
883 361 948 423 erat,
973 353 1022 409 sed
1043 355 1123 410 etiam
1144 355 1216 412 lacta

251 441 390 496 hominum
413 437 592 495 obseruabant
614 437 646 492 ad
669 437 798 510 legesque
827 437 997 492 reuocabant.
1042 438 1108 494 haec
1134 439 1216 494 detur

252 540 315 580 cura
332 523 500 595 censoribus,
517 521 623 594 quando
639 521 749 594 quidem
761 537 808 576 eos
820 522 847 576 in
859 537 888 576 re
899 519 1006 594 publica
1016 536 1125 595 semper
1134 523 1214 579 uolu-

252 624 311 664 mus
324 623 397 664 esse:
413 607 484 680 apud
499 605 624 676 eosdem,
641 607 687 678 qui
702 605 863 677 magistratu
878 603 1008 676 abierint,
1030 605 1111 662 edant
1125 615 1153 662 et
1168 623 1214 663 ex·

251 699 364 765 ponant,
379 691 443 764 quid
458 693 486 746 in
503 689 663 762 magistratu
678 689 823 762 gesserint,
846 688 933 761 deque
948 690 981 743 iis
996 705 1123 745 censores
1137 707 1215 763 prae·

251 775 380 832 iudicent.
411 775 464 830 boc
484 775 512 829 in
527 773 635 828 Graecia
650 771 680 828 fit
701 771 808 846 publice
824 773 978 828 constitutis
994 773 1214 830 accusatoribus:

252 861 299 932 qui
326 858 433 932 quidem
456 873 554 932 graues
577 871 714 912 essenon
736 863 869 929 possunt,
891 855 943 911 nisi
966 863 1031 911 sunt
1053 857 1214 926 uoluntarii;

253 943 379 1016 quocirca
394 942 500 1012 melius,
515 943 633 996 rationes
648 939 746 995 reterri
760 955 921 1012 causamque
932 941 1031 1012 exponi
1043 941 1214 1012 censoribus,

251 1029 385 1100 integram
409 1035 497 1082 tamen
519 1024 585 1098 legi,
608 1023 758 1080 accusatori
773 1023 927 1096 iudicioque
942 1025 1055 1084 seruari.
1086 1025 1134 1080 sed
1149 1027 1215 1081 satis

251 1111 303 1166 iam
317 1109 483 1183 disputatum
495 1116 536 1164 est
547 1107 580 1164 de
592 1107 801 1182 magistratibus,
821 1109 872 1162 nisi
885 1106 957 1162 forte
968 1107 1033 1180 quid
1044 1107 1213 1164 desideratis.

314 1195 350 1251 Α.
372 1191 457 1260 Quid?
472 1194 495 1248 si
509 1209 560 1248 nos
576 1199 704 1261 tacemus,
720 1191 796 1248 locus
811 1192 870 1264 ipse
886 1198 913 1246 te
927 1207 984 1248 non
995 1191 1132 1263 admonet,
1149 1191 1216 1266 qnid

252 1276 302 1332 tibi
316 1279 354 1332 sit
368 1276 466 1332 deinde
481 1267 643 1331 dicendum?

315 1361 358 1416 M.
385 1359 500 1414 ilibino?
528 1359 561 1414 de
582 1358 688 1415 iudiciis
710 1357 837 1429 arbitror,
859 1356 1005 1432 Pomponi,
1028 1358 1055 1414 id
1077 1366 1120 1416 est
1141 1361 1215 1416 enim

252 1445 374 1499 iunctum
390 1441 601 1516 magistratibus.

316 1539 364 1598 48.
390 1542 423 1597 Α.
441 1535 575 1608 Quornm¹
592 1541 625 1596 de
640 1541 698 1596 iure
714 1540 809 1614 populi
823 1541 946 1614 Romani,
962 1559 1041 1615 quem
1056 1541 1090 1598 ad
1105 1543 1215 1599 modum

253 1626 404 1695 instituisti,
421 1624 562 1680 dicendum
577 1625 644 1680 nibil
658 1625 757 1698 putas?

316 1709 358 1766 M.
382 1707 450 1776 Quid
466 1707 573 1764 tandem
588 1708 716 1764 hocloco
732 1709 863 1781 estquod
878 1709 1020 1783 requiras?

316 1793 350 1848 Α.
374 1791 487 1866 Egone?
509 1791 582 1864 quod
604 1793 724 1866 ignorari
746 1792 843 1862 abiis,
867 1795 913 1866 qni
935 1795 963 1848 in
985 1793 1135 1867 republica
1152 1809 1215 1849 uer·

252 1885 360 1948 santur,
375 1877 561 1949 turpissimum
576 1883 658 1948 puto:
674 1891 735 1930 narn
751 1883 781 1930 nt
796 1876 876 1931 modo
888 1892 903 1932 a
915 1885 941 1933 te
954 1875 1054 1932 dictum
1070 1885 1120 1948 est,
1136 1877 1214 1950 leges

252 1979 266 2017 a
277 1960 393 2018 librariis
404 1962 470 2034 peti,
481 1959 520 2015 sic
531 1959 715 2014 animaduerto
727 1959 874 2032 plerosque
884 1961 912 2015 in
924 1960 1124 2032 magistratibus
1135 1962 1215 2034 igno·

254 2047 359 2100 ratione
380 2045 446 2100 iuris
469 2043 511 2098 sui
532 2050 638 2098 tantum
660 2059 765 2115 sapere,
788 2049 917 2116 quantum
933 2046 1100 2118 apparitores
1117 2045 1214 2102 uelint.

253 2145 333 2204 quam
355 2126 391 2184 ob
413 2143 479 2196 rem,
502 2127 525 2182 si
547 2127 581 2182 de
603 2141 740 2182 sacrorum
763 2125 923 2185 alienatione
939 2127 1080 2184 dicendum
1102 2131 1215 2202 putasti,

253 2229 336 2286 quom
358 2211 391 2266 de
405 2210 538 2283 religione
554 2210 630 2282 leges
645 2225 843 2282 proposueras,
864 2212 1013 2267 laciendum
1029 2211 1076 2268 tibi
1092 2222 1150 2285 est,
1170 2221 1214 2285 ut,

253 2292 454 2368 magistratibus
469 2293 531 2364 lege
546 2293 712 2364 constitutis,
728 2293 761 2349 de
776 2302 943 2366 potestatum
957 2297 1017 2350 iure
1032 2295 1164 2370 disputes.

315 2389 364 2452 49.
386 2393 427 2449 Μ.
448 2389 552 2448 Faciam
572 2391 707 2464 breuiter,
732 2395 755 2449 si
775 2397 905 2468 consequi
924 2403 1055 2469 potuero;
1078 2389 1138 2452 'nam
1154 2397 1214 2470 plu·

253 2477 327 2534 ribus
352 2475 440 2532 uerbis
461 2475 570 2548 scripsit
592 2468 648 2549 (τ’ί)2
669 2476 701 2531 ad
722 2485 825 2550 patrem
845 2486 922 2534 tuum
938 2479 970 2533 ll.
990 2477 1082 2535 lunius
1101 2479 1214 2552 sodalis,

252 2561 340 2636 perite
361 2576 421 2616 meo
445 2558 553 2632 quidem
575 2558 673 2615 iudicio
696 2569 724 2616 et
746 2561 904 2636 diligenter,
929 2578 979 2618 nos
1002 2572 1090 2618 antem
1105 2562 1139 2619 de
1154 2566 1215 2620 iure

252 2653 364 2701 naturae
379 2644 499 2718 cogitare
514 2659 563 2716 per
577 2659 627 2698 nos
642 2651 722 2716 atque
738 2643 825 2700 dicere
842 2644 981 2718 debemus,
997 2646 1030 2702 de
1044 2647 1103 2702 iure
1117 2647 1215 2721 populi

254 2728 365 2785 Romani
380 2743 449 2800 quae
463 2727 557 2782 relicta
571 2735 636 2784 sunt
651 2736 679 2783 et
695 2728 801 2784 tradita.

316 2812 352 2870 A.
375 2811 419 2868 Sic
432 2827 557 2885 prorsum
573 2826 671 2867 censeo
686 2819 714 2868 et
727 2812 756 2868 id
769 2813 873 2886 ipsum,
893 2813 966 2886 quod
988 2813 1070 2886 dicis,
1091 2821 1216 2888 expecto.

626 2977 837 3054 Fragmenta.

318 3096 342 3157 1.
370 3096 453 3166 Quam
475 3098 637 3154 sententiam
665 3096 758 3153 Cicero
786 3098 813 3152 iu
841 3091 962 3171 legibus³
989 3100 1028 3154 sic
1054 3098 1215 3172 explicabit:

254 3181 488 3256 ‘gratulemurque
503 3180 598 3251 nobis,
620 3182 746 3253 quoniam
766 3196 839 3236 mors
855 3188 902 3236 aut
916 3181 1056 3238 meliorem
1071 3199 1150 3254 quam
1166 3184 1216 3256 qui

254 3272 297 3323 est
311 3268 339 3322 in
353 3267 419 3338 uita,
435 3273 481 3322 aut
496 3272 570 3322 certe
584 3279 640 3319 non
654 3263 816 3320 deteriorem
831 3265 951 3320 adlatura
964 3272 1007 3322 est
1022 3273 1137 3321 statum:
1153 3282 1217 3322 uam

328 3479 347 3546 ²)
360 3479 392 3548 qd
410 3480 436 3529 Α
455 3495 501 3543 quo
522 3478 547 3526 B
564 3479 638 3542 quid?
656 3479 713 3528 edd.
748 3475 771 3545 ⁹)
789 3479 897 3528 Addidi.
928 3476 948 3545 8)
963 3479 1032 3530 libro
1045 3481 1167 3538 secundo,
1187 3487 1217 3531 ut

260 3551 376 3601 Voltisne
382 3565 432 3600 non
437 3552 493 3599 sine
498 3551 599 3599 ratione
605 3551 693 3613 uisam,
703 3551 730 3599 in
736 3549 784 3609 bis,
795 3549 1052 3615 quoesubfineracop.
1063 3552 1215 3614 reperiere.
