2696 4120
247 235 311 300 292
578 252 640 287 eeu
658 251 762 286 marm.
783 232 831 287 III.
850 238 892 287 34.

248 397 311 452 eolo
324 397 455 468 aequalia
471 410 510 451 eu
525 401 590 455 1111
605 391 705 449 tabuiis
720 391 796 465 n(on)
815 395 967 467 proficeret
983 395 1022 449 ad
1036 391 1215 448 hereditatem

248 481 430 550 capiendam,
442 487 470 534 et
483 480 487 540 Ι
501 476 608 550 matier)
621 479 689 534 adeo
700 481 729 534 in
742 477 929 550 adipiscendis
940 477 1214 534 liberorumleredi-
1230 489 1292 543 [215]

249 563 364 629 latibus,
380 567 437 620 nisi
448 578 505 634 per
523 560 528 635 Ι
547 564 574 618 in
590 579 700 619 manum
715 564 932 620 conuentioaem
947 563 1007 618 iura
1022 564 1215 636 consanguini-

249 652 318 704 tatis
332 653 417 712 naicla
436 648 558 720 suisset,
581 663 621 704 ea
642 647 703 720 lege
718 651 829 704 nullum
848 649 894 704 iae
913 651 1027 704 omnino
1046 639 1212 722 buberet‚¹l

626 749 667 792 vv,
700 731 834 788 16-24.
1104 765 1212 772 w—

181 815 991 919 rr—--—--.----—---
1014 809 1037 893 r
1060 849 1212 856 —-··---

311 983 362 1044 34.
387 979 561 1060 ³Aliquando
590 901 1007 1060 rabbulneqbel'emenaaaa
1039 1001 1132 1059 neque
1163 991 1215 1043 im·

246 1074 400 1146 pupnandi
414 1076 523 1128 ueteris
537 1075 619 1141 iuria,
643 1073 696 1128 sed
708 1075 800 1145 moola
822 1071 1015 1145 confirmandi
1033 1074 1130 1144 pratia
1153 1073 1216 1142 pol·
1232 1081 1291 1134 [aa]

253 1213 348 1264 Verum
363 1214 412 1264 boe
427 1222 454 1262 ut
469 1221 610 1277 appareat,
625 1215 781 1263 restituendi
794 1229 890 1272 eorum,
911 1213 1035 1277 quaedam
1049 1228 1065 1262 a
1082 1211 1215 1262 Gb'acbeno

251 1291 388 1343 mutuatae,
400 1287 547 1348 perieulum
558 1286 622 1348 feci,
637 1301 705 1334 nuno
721 1285 756 1334 ad
769 1286 878 1350 vestigia
897 1279 943 1332 W
955 1283 1153 1334 accomodatum.

327 1351 347 1420 1)
362 1355 407 1403 Ad
423 1371 524 1404 sensum
543 1357 570 1404 in
585 1372 606 1404 o.
623 1367 738 1419 16-24.,
758 1355 802 1405 ubi
817 1357 934 1419 paucula
952 1361 1050 1404 tantum
1068 1355 1095 1402 in
1116 1353 1141 1403 0.
1164 1355 1215 1419 19ρί

247 1433 399 1490 potuerunt,
410 1433 476 1488 puta
488 1427 547 1489 fere
557 1433 671 1475 secutum
680 1441 747 1476 ease:
764 1423 800 1476 ‘et
810 1433 921 1490 praetor
931 1427 958 1474 in
968 1425 990 1474 b.
998 1441 1026 1488 p.
1041 1440 1092 1474 non
1104 1426 1216 1488 fratrem

252 1503 350 1546 tantum
364 1497 411 1545 sed
424 1511 509 1546 omnes
523 1504 633 1562 apnaloo
651 1499 676 1546 ei
690 1498 854 1561 praeferret,
874 1497 942 1546 bane
961 1497 1121 1560 ine⁴quitatem
1136 1512 1215 1560 quan·

252 1575 304 1616 tum
327 1567 363 1616 ad
380 1573 486 1616 matrem
506 1569 643 1632 inpenuarn
662 1569 752 1626 trium,
772 1568 918 1617 libertinam
936 1575 1059 1631 quattuor
1076 1566 1216 1617 liberorum

252 1640 311 1686 iure
324 1638 477 1688 honoratam
487 1646 580 1702 postea
589 1637 656 1689 soro
670 1639 831 1689 Tertulliano
842 1645 986 1688 correctam
996 1653 1059 1687 ease.
1087 1638 1136 1689 boe
1151 1639 1217 1688 euim

251 1710 330 1758 matri
343 1716 441 1758 tantam
451 1711 573 1772 praefert
586 1725 660 1758 suum
673 1710 804 1768 heredem,
819 1725 915 1766 eumue,
930 1711 975 1772 qui
989 1711 1057 1758 inter
1068 1725 1130 1760 auae
1143 1710 1216 1759 bere·

250 1781 297 1830 dee
311 1796 327 1829 a
337 1787 463 1842 praetore
476 1781 512 1830 ad
521 1797 548 1844 p.
561 1783 748 1844 possessiouem
767 1788 891 1838 uocatur,
906 1781 964 1829 item
978 1787 1080 1844 patrem
1099 1781 1216 1844 defuncti

251 1848 503 1920 emancipatoiR(em)
514 1854 555 1901 uel
562 1853 674 1915 fratrem
684 1851 933 1917 e(on)eanpuineum,
944 1867 989 1900 nee
1000 1849 1085 1916 u(ero)
1095 1852 1197 1901 liberor.
1210 1847 1214 1918 i

250 1919 283 1986 (u.
294 1920 330 1988 aa)
345 1921 422 1989 p(osi)
433 1938 484 1972 eam
495 1930 568 1973 uacat
576 1930 615 1972 ret
625 1921 751 1988 paritier)
764 1931 847 1972 tamen
858 1922 936 1988 a(um)
945 1938 977 1971 ea
985 1921 1123 1988 eoror(em)
1132 1923 1216 1987 c(on)·

249 1995 419 2059 sanguineam
429 2002 454 2044 et
463 1990 571 2062 elixarem
582 1992 667 2058 q(uae)
679 1996 706 2043 in
716 2010 817 2043 manum
830 2001 995 2052 conuenerat,
1010 1993 1103 2043 deinde
1118 2001 1217 2044 eeteros

249 2062 372 2130 apnatoe’
389 2064 429 2130 (at
440 2065 521 2115 Gaius
530 2065 579 2116 boe
589 2065 662 2115 modo
672 2067 748 2114 simul
758 2067 799 2114 iua
809 2065 942 2128 antiquum
951 2071 1010 2128 apte
1019 2066 1216 2130 aipuifleaoerit,

251 2137 322 2200 quod
339 2135 387 2185 SC.
408 2139 514 2202 opuatie
532 2136 731 2201 reservaverat).
773 2134 923 2199 Quanquam
936 2134 1043 2184 Studuo
1062 2138 1140 2186 initia
1153 2137 1216 2185 baec

249 2206 407 2256 Blulrmioua
422 2224 444 2256 a.
460 2218 493 2258 aa.
505 2215 530 2256 et
539 2218 572 2257 24.
588 2209 615 2256 iu
630 2206 733 2256 dubium
748 2214 824 2258 uocat
837 2214 862 2255 et
876 2207 964 2255 ultima
974 2223 996 2254 u.
1007 2217 1041 2257 24.
1052 2221 1120 2270 pare
1133 2221 1217 2256 vacua

249 2279 275 2326 ei
289 2280 345 2327 aisa
359 2285 404 2326 eet.
464 2274 485 2342 ²)
499 2277 581 2328 Initio
595 2278 672 2327 buius
682 2280 799 2342 popinae
813 2280 853 2326 ael
862 2280 944 2340 paulo
954 2285 1015 2340 post
1024 2277 1161 2341 probabile
1170 2284 1216 2335 eat,

253 2347 345 2396 Gaium
359 2349 468 2406 diuisae,
484 2364 519 2397 eae
528 2347 576 2398 SC.
592 2347 752 2399 Tertulliano
763 2350 842 2398 matri
856 2363 907 2398 uon
916 2349 990 2398 modo
1000 2347 1022 2397 b.
1029 2351 1217 2412 possessionem

251 2418 299 2466 red
311 2420 388 2467 etiam
402 2418 570 2468 hereditatem
580 2427 730 2482 competere,
746 2434 850 2484 eamque
859 2418 881 2468 b.
889 2421 1077 2482 possessionem
1091 2421 1217 2470 aduersae

249 2495 360 2552 apuatos
373 2503 472 2552 semper
486 2505 543 2538 eum
557 2506 586 2539 re
596 2497 745 2553 praetorem
760 2491 833 2540 dare.
864 2489 981 2540 Proinde
995 2491 1062 2541 bauo
1079 2490 1102 2540 b.
1114 2505 1216 2555 porree-

249 2560 346 2608 eioaem
364 2574 416 2609 non
434 2560 507 2610 moda
526 2562 665 2624 supplendi
682 2562 823 2611 sedetiam
846 2562 1018 2626 impugnandi
1040 2563 1108 2611 iuris
1131 2563 1218 2611 ciuilia
1339 2615 1340 2622 χ

250 2643 331 2679 eausa
349 2631 425 2680 dari:
443 2632 606 2695 quodetiam
624 2633 652 2680 ia
671 2634 733 2682 aliie
752 2633 840 2682 causis
855 2633 925 2695 fieri.
1000 2629 1021 2695 ⁸)
1041 2631 1128 2681 Verba
1148 2629 1216 2680 ‘Ala
1338 2631 1340 2694 i

250 2701 354 2764 quando
365 2703 547 2752 -seeundum
561 2703 663 2752 tabulae
673 2702 796 2754 bonorum
806 2700 1015 2767 possessionem',
1031 2717 1065 2750 en
1074 2704 1096 2763 §.
1109 2714 1127 2752 1.
1151 2702 1173 2749 I.
1184 2702 1217 2750 de
1339 2699 1340 2754 i

250 2770 272 2820 b.
284 2788 313 2834 p.
325 2771 357 2837 (a,
370 2771 394 2837 9)
404 2774 496 2836 petita,
511 2774 589 2824 butue
607 2775 659 2824 lori
677 2775 776 2833 videri,
795 2776 847 2823 iam
869 2773 960 2824 bosea.
981 2772 1120 2830 iudicauit,
1134 2786 1216 2835 eaque

250 2841 301 2891 bue
315 2843 491 2894 transcribere
506 2860 557 2895 uon
572 2845 698 2904 dubitavi,
709 2853 877 2910 posteaquam
886 2843 1066 2901 animaduerti,
1080 2841 1217 2893 uerborum

250 2913 291 2976 qui
299 2920 367 2963 reete
374 2916 514 2979 manifesta
522 2918 632 2981 aeetipia
641 2918 716 2966 initio
724 2933 774 2967 uon
783 2917 885 2981 quidem
893 2933 915 2966 u.
924 2926 958 2965 21.
972 2913 1113 2964 seeundum
1121 2912 1216 2964 Sebed.

249 2983 351 3034 Blubm.
359 2987 474 3038 aeduae.
481 2987 621 3037 seeundum
632 2982 678 3036 W
684 2990 807 3051 reperiri,
813 3003 901 3052 eaque,
907 2992 1128 3052 quaeeequuntur,
1133 2986 1217 3049 ferme

249 3055 316 3104 duae
325 3071 416 3106 aereus
428 3057 489 3107 Ver.
501 3057 526 3109 0.
536 3056 580 3124 (ea.
589 3055 625 3123 aa)
635 3061 745 3122 replere.
760 3057 814 3108 Sed
821 3059 872 3108 iam
880 3073 927 3108 neo
935 3057 1033 3116 dubito,
1043 3058 1105 3122 quin
1112 3057 1216 3114 baeaee,

251 3141 316 3190 quae
331 3129 358 3176 in
372 3127 468 3192 Iastia,
479 3131 575 3192 pauoie
585 3146 601 3178 a
615 3128 754 3194 Tbeopbilo
768 3137 793 3179 et
806 3128 966 3180 Priboniano
977 3129 1130 3187 interiectis,
1145 3133 1217 3177 aute-

250 3197 359 3247 aedunt:
383 3196 441 3249 ‘Iue
460 3199 583 3250 bonorum
601 3203 778 3264 poeaereionia
800 3201 976 3250 introductum
999 3207 1038 3249 eet
1055 3215 1072 3249 a
1091 3205 1217 3263 praetore

250 3269 406 3320 emendandi
419 3273 516 3321 ueteris
530 3272 599 3320 iuria
610 3274 708 3337 pratia.
743 3271 796 3321 Nee
810 3273 892 3321 eolum
908 3273 936 3320 iu
950 3273 1130 3320 intestatorum
1144 3271 1217 3320 liere-

251 3340 376 3392 ditatibur
390 3349 464 3392 uetus
477 3345 520 3392 iua
533 3357 563 3393 eo
577 3344 651 3393 modo
662 3350 774 3407 praetor
783 3342 937 3400 emendauit,
951 3343 1021 3392 eieut
1029 3356 1111 3406 supra
1121 3341 1217 3391 dietum

251 3420 290 3462 eat
304 3411 354 3478 (ἓξ.
369 3424 396 3465 25
409 3411 484 3480 sea),
504 3414 551 3463 aed
569 3416 596 3462 in
614 3430 703 3464 eorum
721 3426 833 3479 quoque,
853 3414 898 3477 qui
916 3419 1066 3463 testamento
1082 3413 1156 3476 saeta
1173 3412 1217 3461 de·

249 3501 460 3512 -—.-—-.-..

322 3533 347 3605 §-
362 3540 404 3588 34.
421 3560 455 3580 ==
469 3539 492 3600 §-
509 3550 529 3588 1.
549 3537 572 3588 I.
587 3539 619 3588 de
633 3538 654 3589 b.
665 3554 692 3601 p.
707 3535 738 3603 (a,
753 3535 787 3604 9).
813 3537 851 3601 Cf.
863 3537 955 3588 Collat.
970 3549 1005 3601 16,
1019 3549 1040 3591 a.
1055 3539 1079 3600 §-
1094 3547 1115 3589 5.
1139 3549 1218 3595 avon.

249 3604 322 3674 nom]
344 3607 382 3670 Of.
397 3619 418 3672 a,
434 3621 480 3660 144.
