2680 4112
249 207 290 265 74
591 215 621 250 Μ.
638 215 748 250 avemus
767 215 867 252 orcum.

248 341 328 398 modo
345 340 389 396 uel
404 339 563 397 consulatus
579 342 727 414 uituperari
737 348 839 415 potest,
856 343 879 398 si
891 341 1045 415 consulum,
1061 357 1131 416 quos
1142 359 1211 399 eru·

249 441 351 482 merare
366 423 446 496 uolo,
462 433 572 497 peccata
587 424 747 498 collegeris3
763 441 817 498 ego
833 426 904 481 enim
921 425 1026 497 fateor,
1042 426 1071 481 in
1085 427 1137 482 ista
1151 419 1211 499 ipsa

248 516 386 582 potestate
400 508 490 564 inesse
505 507 631 580 quiddam
644 507 715 578 mali,
733 506 780 563 sed
792 507 902 577 bonum,
916 509 989 582 quod
1001 518 1044 566 est
1057 511 1211 582 quaesitum

248 595 276 648 iu
292 606 332 664 ea,
348 593 405 647 sine
420 593 475 647 isto
489 590 562 646 malo
577 607 633 646 uon
649 591 818 648 haberemus.
849 592 943 648 ‘nimia
963 600 1087 666 potestas
1103 603 1146 650 est
1161 595 1211 650 tri·

248 676 382 732 hunorum
402 674 512 748 plebis!
548 676 608 748 quis
629 675 728 748 negat?
748 675 797 730 sed
817 677 859 731 uis
878 675 974 748 populi
994 676 1081 732 multo
1101 679 1212 734 saeuior

248 760 389 832 multoque
410 759 611 822 uehementior,
634 775 717 830 quae,
739 757 836 814 ducem
857 759 931 832 quod
952 759 1049 827 habet,
1072 759 1210 816 interdum

248 843 335 898 lenior
350 851 401 913 est,
417 856 497 914 quam
512 843 535 896 si
549 839 654 896 nullum
665 841 789 912 haberet3
804 842 856 897 dux
872 843 944 898 enim
959 859 1010 900 suo
1023 842 1075 916 (se)
1087 843 1209 918 periculo

247 925 377 1000 progredi
398 927 514 998 cogitat,
537 925 631 998 populi
652 925 770 998 impetus
792 927 905 998 periculi
932 927 1065 983 rationem
1088 929 1131 982 sui
1152 943 1210 983 non

248 1009 335 1066 habet.
367 1007 406 1064 ‘at
426 1008 567 1082 aliquando
583 1007 759 1065 incenditur.’
788 1005 838 1066 24.
860 1017 888 1065 et
910 1010 1018 1082 quidem
1037 1025 1118 1084 saepe
1132 1010 1210 1067 seda·

245 1103 305 1153 tur.
335 1091 409 1165 quod
424 1095 495 1148 enim
510 1099 553 1148 est
568 1101 621 1147 tam
637 1092 809 1166 desperatum
820 1093 975 1166 collegium,
992 1095 1020 1150 in
1034 1111 1090 1167 quo
1102 1109 1211 1150 nemoe

248 1177 341 1233 decem
362 1186 534 1232 sacramente
555 1175 609 1232 siti
629 1179 695 1248 quin
715 1177 804 1250 ipsum
819 1177 860 1233 li.
877 1175 1026 1234 Gracchum
1048 1193 1103 1249 non
1118 1177 1210 1234 solum

248 1260 409 1334 neglectus,
429 1259 476 1315 sed
498 1261 578 1315 etiam
593 1258 717 1316 sublatus
732 1261 896 1316 intercessor
910 1263 1027 1330 euertit;
1049 1261 1113 1333 quid
1134 1263 1210 1317 enim

247 1344 324 1400 illum
339 1342 410 1398 aliud
425 1343 550 1416 perculit,
567 1345 619 1398 nisi
630 1343 705 1414 quod
716 1352 882 1417 potestatem
894 1345 1073 1401 intercedenti
1085 1343 1210 1418 collegae

249 1425 410 1498 abrogauit?
435 1425 483 1480 sed
504 1433 534 1480 tu
555 1428 713 1500 sapientiam
734 1429 865 1484 maiorum
885 1430 913 1484 iu
933 1427 981 1484 illo
1002 1429 1078 1484 uide:
1106 1423 1209 1502 (οων

248 1523 377 1566 concessa
391 1507 478 1582 plebei
493 1516 536 1564 est
549 1525 563 1563 a
578 1509 700 1583 patribus
714 1511 767 1567 ista
781 1507 934 1584 potestas,²
955 1527 1027 1568 arma
1041 1511 1210 1584 cecideruut,

248 1593 377 1648 restincta
397 1591 495 1647 seditio
517 1600 573 1662 est,
594 1594 735 1649 inuentum
757 1602 799 1650 est
822 1603 1081 1668 temperamentum,
1097 1611 1151 1668 quo
1166 1604 1210 1652 te·

248 1677 359 1732 nuiores
380 1691 441 1732 cum
456 1675 623 1750 principibus
639 1679 747 1750 aequari
763 1694 792 1734 se
807 1686 951 1752 putarent,
971 1681 999 1734 iu
1015 1695 1069 1753 quo
1086 1692 1141 1734 uno
1157 1678 1211 1735 luit

249 1761 366 1816 ciuitatis
380 1758 460 1814 salus.
487 1757 525 1814 ‘at
539 1759 595 1815 duo
611 1759 722 1816 Gracchi
736 1761 870 1817 luerunt!
897 1771 924 1818 et
935 1769 1045 1836 praeter
1056 1777 1102 1819 eos
1115 1777 1210 1834 quarn·

228 1835 233 1846 ¹
249 1845 291 1898 uis
307 1857 448 1899 enumeres
463 1842 563 1899 multos
578 1843 653 1914 lieet,
670 1859 730 1900 cnm
743 1845 807 1900 deni
821 1853 960 1916 creentur,
976 1841 1056 1922 (non)
1072 1845 1162 1900 nullos
1180 1847 1210 1900 iu

250 1927 322 1983 omni
337 1929 465 1983 memoria
479 1928 599 2000 reperies
615 1929 784 2001 perniciosos
798 1929 934 1998 tribunos,
954 1929 1038 2000 leues,
1054 1929 1137 1986 etiam
1152 1945 1209 1985 non

248 2011 350 2081 bonos,
375 2010 490 2066 tortasse
510 2011 616 2084 plures:
642 2011 741 2066 inuidia
762 2011 870 2084 quidem
890 2029 1011 2068 summus
1032 2013 1100 2068 ordo
1123 2020 1209 2082 earet,

247 2093 346 2172 plebes¹
362 2094 395 2149 dc
415 2110 466 2150 suo
486 2095 544 2149 iure
564 2095 731 2167 periculosas
751 2097 940 2151 contentiones
955 2096 1043 2151 nullas
1058 2095 1131 2152 iacit.
1161 2093 1210 2154 25.

248 2193 327 2250 quam
343 2177 450 2233 obrem
465 2185 511 2231 aut
522 2178 645 2248 erigendi
656 2193 736 2250 reges
747 2195 802 2234 non
819 2179 930 2234 inerunt
945 2187 991 2234 aut
1006 2178 1080 2252 plebi
1095 2195 1135 2252 re,
1151 2193 1209 2236 non

247 2259 332 2315 uerbo
348 2259 434 2314 danda
448 2257 570 2315 libertas:
592 2275 660 2332 quae
682 2268 772 2316 tamen
787 2263 826 2317 sic
839 2262 902 2318 data
915 2271 967 2332 est,
984 2271 1015 2318 ut
1030 2263 1123 2318 multis
1140 2260 1208 2336 (me-

247 2335 336 2415 ritisl³
363 2341 583 2414 praeclarissimis
609 2343 803 2410 adduceretur,
827 2353 858 2400 ut
879 2347 1034 2402 auctoritati
1055 2349 1209 2420 principum

247 2425 364 2481 cederet.
394 2425 436 2483 lll.
457 2433 553 2480 nostra
572 2433 662 2481 autem
677 2443 766 2499 causa,
786 2445 865 2503 quae,
880 2437 992 2502 optume
1007 2439 1035 2486 et
1050 2429 1209 2486 dulcissime

247 2508 341 2580 irater,
363 2507 457 2563 incidit
471 2509 499 2563 iu
514 2507 682 2566 tribuniciam
697 2519 870 2584 potestatem,
891 2513 959 2568 nihil
980 2511 1074 2569 habuit
1093 2522 1210 2570 conteu-

246 2592 329 2647 tionis
348 2605 408 2648 cum
423 2590 578 2660 tribunatu3
599 2607 654 2648 nou
674 2595 746 2650 euim
767 2593 860 2668 plebes
881 2597 992 2652 incitata
1006 2597 1108 2652 nostris
1124 2596 1209 2653 rebus

246 2674 352 2746 inuidit,
368 2673 416 2729 sed
431 2675 540 2731 uincula
554 2675 644 2732 soluta
659 2686 722 2733 sunt
738 2685 765 2732 et
779 2679 892 2734 seruitia
906 2681 1054 2750 concitata,
1076 2678 1209 2737 adiuncto

247 2765 352 2812 terrore
368 2759 447 2813 etiam
462 2759 579 2815 militari.
616 2777 704 2832 neque
724 2760 803 2816 nobis
818 2777 879 2816 cum
893 2762 938 2817 illa
953 2773 1011 2818 tum
1026 2771 1104 2836 peste
1119 2771 1209 2820 certa·

245 2855 306 2896 men
320 2837 390 2906 luit,
412 2841 460 2896 sed
479 2858 540 2899 cum
560 2845 719 2916 grauissimo
735 2845 774 2898 rei
789 2843 911 2916 publicae
931 2853 1070 2920 tempore,
1091 2849 1136 2905 eui
1152 2843 1207 2924 (ni)

245 2924 397 2996 cessissem,
412 2939 467 2980 non
482 2925 638 2984 diuturnum
653 2924 774 2982 beneficii
790 2928 842 2982 mei
857 2929 943 3000 patria
957 2929 1079 2986 fructum
1088 2931 1209 2988 tulisset.

245 3013 326 3079 atque
341 3008 408 3065 haec
427 3025 518 3065 rerum
532 3011 619 3064 exitus
634 3009 773 3064 indicauit:
795 3011 855 3082 quis
871 3013 942 3066 enim
958 3029 1013 3068 non
1028 3014 1110 3070 modo
1127 3013 1207 3086 liber,

245 3087 318 3164 (sed)
340 3107 437 3148 seruus
458 3091 581 3148 libertate
600 3091 699 3164 dignus
721 3091 787 3162 luit,
808 3095 851 3148 cui
872 3103 965 3150 nostra
985 3097 1058 3152 salus
1073 3113 1135 3154 cara
1150 3115 1209 3155 nou

245 3175 335 3230 esset?
364 3169 412 3234 26.
425 3175 498 3247 quod
513 3177 536 3230 si
547 3177 570 3229 is
586 3189 664 3231 casus
678 3174 775 3230 luisset
790 3189 895 3248 rerum,
912 3193 979 3250 quas
995 3194 1045 3252 pro
1061 3181 1151 3238 salute
1167 3183 1210 3238 rei

317 3378 338 3444 ¹)
352 3380 462 3430 Addidi.
493 3375 514 3442 ²)
530 3391 645 3427 concessa
659 3378 727 3440 plebe
742 3379 787 3428 ista
804 3381 910 3443 patribus
925 3383 971 3432 ista
985 3393 1093 3448 potestas
1107 3389 1133 3438 A
1148 3403 1210 3439 cou-

243 3465 311 3499 cesse
326 3451 394 3514 plebe
409 3451 455 3498 ista
469 3454 575 3511 potestas
590 3447 616 3496 B
629 3461 743 3498 concessa
757 3451 835 3514 plebei
850 3451 894 3500 ista
908 3468 925 3501 α
935 3455 1044 3516 patribus
1055 3454 1127 3526 [ista]
1137 3467 1211 3522 potc-

243 3526 304 3568 stote
318 3521 356 3569 ed.
369 3519 399 3568 V.
440 3514 461 3582 ⁸)
475 3517 583 3566 Addidi.
