2684 4112
447 221 574 258 vonvsm
592 220 739 259 manuve
759 208 800 258 81.
1031 204 1097 270 423

450 351 572 408 heminae
728 365 745 416 9

450 436 576 508 quartarii
727 442 762 491 tu

449 519 538 592 cyathi
728 518 759 572 ἸΊ

209 601 256 661 81.
280 601 408 658 'Peritum
430 609 458 658 et
479 603 582 658 numeri
605 601 736 661 naturalis
758 618 836 662 causa
858 601 952 674 duret,
975 605 1097 678 quamuis

146 687 297 744 nominibus
328 685 399 760 apud
432 701 551 760 quasque
579 694 676 760 gentes
708 679 852 746 differant.¹
908 686 1036 744 Panderts
1053 695 1097 766 ⁸et

145 771 296 828 ’mensurae
316 761 390 826 tam²
413 769 508 825 modus
530 771 649 826 incertus
670 777 729 841 est,
750 761 859 844 ’(μιιιη8
881 772 938 826 eius
960 771 1096 846 dispensio

147 873 178 912 aa
193 855 333 910 dimensio.

145 970 359 982 ———

221 1017 240 1086 ¹)
254 1019 402 1071 Sotidarun
412 1028 503 1084 partes
522 1027 546 1070 et
559 1036 646 1071 rerunt
659 1023 770 1071 eiusdem
782 1023 887 1086 generis
904 1023 1016 1078 numeri,
1036 1024 1097 1086 quia

147 1099 242 1142 natura
256 1093 320 1154 ipsis
333 1091 410 1141 rebus
424 1094 519 1153 ineunt,
534 1091 624 1158 ubique
638 1091 807 1156 aequabiliter
817 1092 975 1156 procedunt,
990 1091 1097 1156 ideaque

147 1165 208 1212 ticet
221 1161 364 1212 nominibus
377 1163 448 1226 apud
461 1163 579 1212 diuersae
590 1169 679 1227 uentae
692 1162 830 1225 differant,
844 1169 927 1212 tamen
941 1161 1016 1225 quasi
1030 1164 1097 1212 iuris

144 1233 258 1298 gentium
271 1239 338 1280 eunt.
364 1231 402 1296 Cf.
417 1234 440 1296 §-
456 1243 489 1283 π.
541 1228 739 1297 ¹>mensurarum
755 1232 785 1280 P.
806 1232 836 1280 V.
851 1233 909 1281 edd.
961 1228 1049 1298 ⁸)nam
1065 1231 1097 1282 P.

152 1303 182 1351 V.
193 1303 250 1352 edd.
266 1330 299 1339 -
310 1301 414 1352 Modum
428 1303 493 1352 dicit
506 1303 634 1366 definitam
648 1305 674 1351 in
690 1302 836 1352 civitatibus
845 1303 1018 1366 quantitatem,
1030 1303 1097 1352 unde

147 1374 229 1422 amuis
242 1387 337 1432 rerum,
347 1388 411 1438 quae
425 1374 452 1422 iu
462 1374 628 1437 pondererat
642 1388 761 1422 mensura
771 1381 896 1431 coaetant,
906 1374 1021 1436 definitio
1032 1387 1097 1438 pen«

148 1443 198 1500 det,
213 1444 279 1490 vetut
293 1441 367 1501 libra,
382 1445 538 1507 quadrantal
552 1445 622 1507 apud
637 1443 771 1493 Romanae.
796 1443 941 1508 Respondet
954 1445 978 1492 ie
991 1457 1096 1494 numero

148 1527 243 1571 reram,
258 1519 285 1561 ut
299 1513 409 1564 minares
422 1515 519 1563 moduli
536 1513 676 1580 (dispensio
691 1530 723 1564 aa
737 1514 871 1582 dimensio)
887 1514 1016 1578 partibus.
1044 1513 1098 1564 Sed

147 1583 304 1632 naturaliter
317 1591 367 1633 tarn
381 1585 470 1634 modus
483 1585 527 1634 itte
541 1601 615 1649 quam
629 1587 684 1634 eius
694 1592 785 1648 partes
798 1592 857 1634 sunt
876 1587 991 1636 incertae
1005 1593 1030 1636 et
1039 1587 1097 1634 iure

146 1656 220 1704 civiti
232 1660 329 1704 tantum
344 1657 466 1720 cuiusque
476 1657 568 1720 popuii
581 1654 748 1706 substantiam
762 1657 875 1720 capiunt.
