2692 4114
441 234 507 270 rruu
525 233 620 272 ravani
638 235 710 272 suus.
731 217 762 272 V.
782 221 824 271 db·
1046 215 1109 281 553

159 362 210 431 Qui
220 370 328 436 -patrem
344 371 466 435 matrem,
482 379 561 420 auum
576 363 673 434 auiem,
688 363 798 420 tratrem
813 379 950 434 sororem,
967 372 1111 438 patronum

159 455 299 522 patronam
316 447 474 518 occiderint,
489 449 541 503 etsi
555 454 633 504 autea
648 449 732 504 insuti
748 447 836 505 ouiieo
851 449 878 504 in
893 463 966 504 mere
980 450 1110 522 proecipi-

158 531 300 603 tabantur,
321 531 402 589 hodie
421 540 511 588 tamen
526 531 582 588 uiui
603 538 753 588 exuruntur
774 531 818 587 uei
838 530 871 586 ad
886 531 986 587 bestias
1002 531 1110 590 dantur.

213 683 275 726 mir.
290 685 361 728 XXV.
392 685 434 728 AD
449 684 557 728 LEGEM
572 683 750 728 cosumus!
765 681 1058 727 rsssrffleursmieie.

222 776 248 836 i.
274 771 358 852 ¹Lege
373 777 497 835 Cornelia
513 780 713 835 testamentaria
725 785 844 848 tenetur,
860 779 906 849 qut
921 786 1111 836 testamentum

158 861 276 934 ’quodue
298 861 369 936 aliud
391 855 619 919 instrumentum²
641 863 737 919 salsum
759 863 847 920 solens
869 860 934 916 doio
954 861 1024 918 malo
1046 865 1111 919 sori·

87 947 149 996 [⁴⁵⁸]
160 948 259 1019 pserit,
283 947 453 1020 recitauerit,
476 947 636 1016 subiecerit,
658 940 847 1021 'imynouerit
861 939 1032 1018 uerumue)³
1046 962 1110 1020 sup·

159 1032 303 1104 presserit,
320 1031 465 1100 amouerit,
480 1031 672 1103 resigneuerit,
689 1029 833 1091 dedederit:
856 1023 988 1102 ⁴'quiue⁵
1002 1031 1110 1104 signum

159 1115 339 1170 adulterinum
354 1115 509 1188 sculpserit,
525 1113 627 1176 iecerit,
643 1114 816 1187 expresserit,
827 1105 1025 1191 '(uerumue)⁰
1040 1129 1111 1171 amo·

160 1199 245 1266 uerit,
267 1191 471 1261 ’reserauerit;⁷
492 1192 596 1269 ⁸quiue
617 1213 741 1253 nummos
762 1211 874 1259 aureos,
901 1206 1045 1271 argenteos
1066 1198 1111 1254 ad·

159 1281 334 1351 uiterauerit,
351 1283 457 1354 iuuerit,
473 1280 640 1346 conflauerit,
656 1282 764 1350 raserit,
778 1282 943 1354 corruperit,
960 1283 1110 1354 dirimerit,

161 1363 276 1419 uuituue
298 1366 448 1438 principum
471 1367 604 1439 signatam
626 1373 776 1438 monetam,
800 1373 908 1437 praeter
927 1364 1109 1437 adulterinam,

160 1446 357 1520 reprobauerit.
388 1445 445 1520 (Et)
460 1449 629 1505 honestiores
642 1448 749 1521 quidem
760 1450 788 1504 in
800 1447 913 1503 insulam
925 1448 1111 1523 deportantur,

161 1530 318 1587 humiliores
340 1540 428 1588 autem
451 1541 497 1588 eut
518 1533 547 1588 in
569 1531 706 1590 metalium
728 1525 854 1588 ’damur⁹
877 1531 933 1590 ’aut
954 1535 1041 1607 eapite
1063 1550 1111 1608 pu·

161 1615 282 1686 minatur,
298 1616 371 1672 serui
387 1625 475 1673 autem
491 1613 540 1692 (et)
555 1625 619 1690 post
634 1615 778 1671 admissum
793 1617 947 1672 manumissi
963 1617 990 1672 in
1005 1633 1112 1674 erucem

161 1692 334 1754 tolluntur.¹⁰

196 1777 241 1859 [L.
259 1783 298 1840 19
311 1777 386 1856 pr.¹¹
403 1784 431 1856 S.
449 1783 477 1840 1.
499 1784 536 1841 D.
552 1785 587 1840 de
600 1785 663 1857 leue
679 1783 764 1840 Corn.
780 1784 815 1840 de
827 1783 899 1854 sats.
915 1776 981 1857 (48,
999 1778 1078 1860 10).]

221 1864 251 1924 2.
277 1861 360 1935 12(ὶιιί
383 1867 419 1923 ob
441 1865 537 1922 ielsum
551 1868 735 1923 testimonium
749 1865 942 1939 perhibendum
958 1864 1002 1922 uel
1016 1881 1111 1923 uerum

159 1965 215 2006 non
230 1950 424 2022 perhibendum
439 1952 578 2024 pecuniam
594 1941 742 2024 acceperit,
757 1949 874 2019 dederit,
892 1948 1058 2020 iudicemur,
1081 1959 1112 2008 ut

161 2035 320 2089 sententiam
343 2034 413 2090 ierat
435 2033 479 2089 uei
501 2049 555 2090 non
575 2035 658 2106 ierat,
681 2035 834 2108 corruperit
848 2033 1111 2108 corrumpendumue

160 2118 312 2186 eurauerit,
334 2116 491 2173 humiliores
505 2119 591 2190 eapite
606 2120 769 2193 puniuntur,
785 2118 955 2174 honestiores
969 2117 1111 2192 publicetis

161 2199 241 2256 bonis
255 2215 315 2256 oum
330 2202 390 2274 ipso
405 2200 491 2257 iudice
505 2202 532 2256 iu
547 2201 659 2257 insuiam
672 2203 861 2276 deportantur.

501 2279 544 2360 [8.
568 2283 666 2343 Cottae.
683 2287 713 2358 Θ,
730 2282 773 2360 6.]

160 2381 372 2394 ..οι-ιω..-

161 2442 221 2485 erite
235 2435 280 2484 etsi
295 2437 439 2502 inculcant,
453 2444 574 2500 apparet,
593 2445 653 2487 onte
672 2444 764 2500 patrem
783 2440 867 2487 omnia
886 2439 936 2488 ista
954 2437 985 2488 od
1004 2440 1075 2488 initii
1088 2445 1112 2488 et

161 2511 187 2554 et
196 2506 259 2567 finis
271 2506 463 2555 similitudinem
481 2509 624 2566 excidisse,
643 2523 708 2571 quae
722 2506 754 2556 L.
769 2519 835 2570 rpr.
858 2508 891 2556 1).
911 2510 955 2558 cit.
974 2509 1035 2558 inde
1048 2525 1072 2558 a.
1088 2525 1110 2558 v.

163 2571 273 2638 ‘petrem
282 2572 397 2626 matrem’
410 2589 488 2641 usque
497 2579 533 2626 od
542 2595 564 2627 o.
577 2575 723 2641 ‘patronam
733 2574 869 2627 occiderit'
881 2580 1009 2642 leuentur.
1034 2579 1110 2628 Eiur-

162 2660 209 2710 que
224 2647 340 2696 iacturae
354 2647 384 2696 m
397 2663 494 2711 quoque
508 2650 641 2712 oestiyium
651 2655 696 2706 est,
707 2648 775 2712 quod
784 2663 851 2711 pars
862 2647 924 2698 cdd.
936 2647 972 2714 (et
980 2648 1049 2714 edd.)
1060 2664 1111 2713 pro

160 2716 292 2765 occiderint
304 2717 380 2766 dedet
392 2718 514 2767 occiderit.

233 2785 281 2838 dit.
301 2786 394 2842 XXV.
424 2785 444 2853 1)
461 2789 499 2851 df.
514 2800 626 2851 suprad,
636 2799 656 2840 a.
671 2790 710 2849 ἐξ.
721 2800 790 2840 ι-ι.
803 2788 836 2838 I1.
847 2800 867 2840 ¹.
883 2789 915 2838 D.
925 2789 962 2838 ed
975 2791 1023 2854 leq.
1035 2789 1110 2840 Corn.

159 2857 191 2906 de
202 2858 264 2920 fate.
280 2856 324 2923 (rs,
339 2857 383 2924 ro).
399 2857 480 2909 13:14.
502 2858 528 2908 0.
543 2859 598 2908 eod.
614 2856 645 2923 (e,
659 2857 704 2922 sa).
756 2855 777 2924 Ι)
792 2859 831 2922 Os.
845 2859 877 2907 L.
893 2871 904 2909 1
915 2874 959 2922 pr.
973 2861 997 2921 ξ.
1010 2871 1032 2910 4.
1047 2859 1079 2908 L.
1089 2871 1109 2910 e.

159 2928 213 2988 §.s
228 2927 327 2979 stood.
374 2925 396 2994 ⁸)
410 2927 539 2992 Suppieai.
562 2929 599 2992 Of.
614 2941 635 2986 4,
650 2940 670 2979 a.
685 2931 708 2990 ξ.
723 2942 744 2979 1.
791 2926 812 2994 ⁴)
829 2929 867 2992 Cf.
877 2928 999 2993 hoopr.
1015 2929 1048 2978 D.
1058 2929 1081 2979 d.
1093 2936 1109 2978 t.

158 2999 181 3058 5.
192 3009 212 3049 t.
232 2997 297 3048 nde
306 2998 378 3062 publ.
395 3000 448 3048 iud.
460 2997 492 3064 (4,
502 2997 546 3064 18).
593 2996 614 3064 ⁶)
631 2999 692 3048 edd.
703 3011 737 3051 te.
747 3011 781 3050 rt.
792 3011 825 3051 eo.
846 3000 939 3063 quodue
954 3002 1041 3058 ceteri,
1052 2999 1109 3050 edd.

160 3064 325 3132 ⁶)Suppteoi.
392 3065 413 3134 ⁷)
427 3070 585 3131 resignauerit
598 3072 741 3132 complures
756 3069 819 3119 odd.
832 3071 948 3134 fortasse
961 3073 1066 3121 rectius.

160 3135 182 3203 ⁸)
199 3139 236 3202 Cf.
252 3138 284 3188 L.
294 3151 393 3202 depr.
413 3138 445 3187 D.
456 3139 480 3188 d.
491 3147 507 3188 t.
527 3139 680 3202 LGotltosr.
695 3140 731 3189 od
743 3139 775 3190 L.
791 3157 834 3190 un.
853 3140 896 3189 Tri.
914 3141 939 3190 0.
953 3143 978 3190 ei
992 3142 1049 3204 quis
1062 3142 1109 3190 sot.

159 3211 221 3258 cire.
235 3208 266 3275 (a,
276 3207 321 3275 er).
337 3209 368 3257 L.
380 3222 400 3259 1.
424 3207 467 3258 Ui.
481 3209 506 3258 G.
520 3212 546 3258 si
559 3211 617 3274 quie
626 3225 684 3273 pec.
695 3211 769 3276 confi.
782 3210 813 3276 (e,
823 3209 868 3276 ra).
885 3210 949 3262 Nou.
964 3210 1064 3260 Valent.
1076 3222 1108 3260 te.

159 3277 181 3341 ⁹)
195 3277 241 3329 sm
251 3293 336 3343 paene
350 3293 435 3329 omnes
451 3279 512 3329 ouo.
527 3281 668 3329 damnentur
681 3282 737 3330 edd.
791 3279 824 3344 10)
837 3281 911 3330 Here
926 3283 1017 3328 dumata
1031 3281 1069 3328 ita
1083 3281 1110 3328 in

161 3349 222 3398 (idat.
233 3357 258 3399 et
267 3350 324 3399 edd.
340 3352 475 3414 leguntur:
488 3357 532 3398 aut
543 3352 566 3398 in
581 3365 676 3400 erucem
690 3352 810 3402 tolluntur.
832 3351 897 3399 serui
911 3357 989 3398 autem
1003 3355 1058 3410 post
1067 3349 1110 3397 ed·

157 3421 256 3469 missum
271 3421 409 3470 manumissi
424 3421 502 3484 capite
515 3421 652 3483 puniuntur.
678 3421 716 3484 Cf.
725 3420 758 3470 I1.
767 3434 786 3471 1.
801 3423 824 3481 9.
835 3432 868 3472 re.
883 3419 915 3468 D.
930 3419 955 3468 Ie.
965 3425 983 3468 t.
997 3417 1030 3468 L.
1041 3431 1053 3468 1
1064 3433 1109 3481 pr.

157 3490 481 3625 intimidi}
497 3489 578 3624 'idos
596 3488 655 3612 2¹3
673 3491 730 3622 {i
747 3491 923 3610 i‘timi‘t
939 3490 963 3610 {¹¹
977 3495 1060 3538 Μ’
