2700 4118
61 3176 71 3191 ·
78 3217 138 3266 [oei]

447 276 584 313 srrnairi
601 276 789 314 coeiirioiivii.
1028 255 1089 320 631

144 404 262 456 stemma
278 399 457 475 inserviisset,
477 399 536 452 sine
549 397 634 474 dubio
646 397 731 450 etiam
749 399 860 466 septimi
877 399 979 468 gradus
996 412 1092 467 perso·

143 486 196 524 nae
208 469 253 523 vel
265 468 364 522 saltem
377 467 488 519 sobrino
504 465 651 518 sobrmare
669 467 750 517 natus
767 467 869 519 natare
887 467 991 519 relatus
1009 467 1091 520 esset.

145 535 337 605 Comperimus
354 533 492 602 igiturex
504 531 599 584 nostro
617 531 771 596 stemmate,
789 531 994 586 immunitatem
1005 532 1092 598 illam,

145 597 1093 735 ttttt‘tffltttttttrittttttittt⁰ittlt⁰atttriti·

307 709 313 720 .
455 707 461 732 ,
968 703 971 714 ,

147 737 233 790 etiam
251 733 379 788 omnibus
396 733 460 802 lege
472 731 556 786 Furia
568 732 692 798 exceptis
704 731 830 799 cognatis
843 731 968 797 dederat,
987 733 1094 797 postea,

147 801 291 865 Hadriani,
310 802 342 854 ut
353 801 459 869 opinor,
479 799 569 854 edicto
587 803 634 864 (an
647 799 679 855 D.
692 797 797 851 Marci?
817 797 855 852 Ca
876 797 934 850 itol.
948 804 987 851 11.
1000 797 1094 854 Front.

148 885 191 937 ep.
204 875 229 932 2,
243 869 293 935 11.)
305 869 334 920 iii
347 867 474 921 omnibus
488 866 700 932 hereditatibus,
719 881 788 931 quas
799 864 845 918 lex
856 813 929 918 lolia
940 865 1095 932 apprehen-

147 936 248 1012 debat,
270 935 306 989 ad
325 937 456 1002 quartum
467 949 566 1010 ¹usque
584 933 854 1052 {radumtstatutum
872 947 955 1008 esse,
967 947 1020 1008 nec
1037 931 1097 1008 veri

146 1002 277 1056 dissimile
296 1003 348 1066 est,
368 1018 402 1055 ex
419 999 586 1054 iurisconsul
601 1017 610 1052 i
628 1000 745 1053 alicuius
763 1001 795 1052 ut
832 1000 882 1052 uta
898 997 998 1051 Licinii
1009 997 1097 1051 Macri

147 1071 183 1126 ad
191 1071 284 1140 legem
293 1068 394 1122 Iuliam
406 1068 441 1121 de
454 1068 587 1122 vicesima
598 1066 796 1120 hereditatium
808 1017 887 1120 libris
899 1065 928 1118 id
940 1066 1096 1133 protectum

146 1153 214 1194 esse.
250 1136 336 1190 Plane
361 1136 385 1188 si
406 1133 526 1203 primam
549 1133 684 1202 originem
711 1135 833 1202 spectas,
860 1133 928 1186 haec
950 1132 986 1185 ad
1007 1131 1097 1184 inulto

146 1205 206 1258 auti
227 1206 305 1258 uiora
322 1205 450 1270 tempora
462 1200 610 1256 referenda
622 1201 683 1266 erit,
702 1216 765 1253 cuni
798 1201 868 1253 risco
881 1214 958 1253 more
970 1198 1097 1253 Romano

146 1222 269 1348 aedldcii
290 1271 381 1347 torma
403 1269 433 1322 et
454 1268 591 1344 scalarum
616 1283 678 1320 cum
700 1217 832 1336 gradilus
856 1266 962 1335 effigies
988 1266 1098 1320 servata

146 1340 190 1404 sit,
209 1353 287 1392 cuius
303 1354 333 1388 in
349 1335 443 1389 locum
459 1337 613 1402 posteriorc
632 1334 744 1388 demum
762 1350 839 1400 aevo,
857 1334 907 1387 ubi
924 1349 970 1386 ma
992 1334 1014 1386 ‘s
1032 1349 1098 1394 crin·

146 1406 212 1460 dem
230 1404 306 1457 vitae
324 1403 416 1455 ortum
435 1403 464 1455 et
481 1403 561 1468 quasi
579 1417 690 1455 succum
707 1402 818 1469 nuptias
858 1400 972 1454 rohibcn
989 1416 1033 1454 eni
1051 1399 1097 1454 da·

147 1472 303 1526 monstrare
315 1469 461 1532 intererat,
475 1470 569 1522 ‘arbor
580 1469 788 1538 cognationnm’
801 1468 830 1521 vi
851 1469 914 1522 etur
927 1465 1097 1521 successisse.

214 1535 359 1590 Eiusmodi
376 1535 481 1588 arboris
499 1536 586 1588 ferme
604 1536 634 1588 in
651 1537 772 1604 speciem
789 1537 875 1590 etiam
893 1535 964 1588 illud
981 1537 1100 1587 stemma

148 1604 274 1659 effictum
297 1603 351 1668 est,
375 1602 450 1722 (prod
468 1601 653 1671 Bocokiiigius
676 1620 710 1658 ex
732 1603 830 1657 eodem
848 1603 908 1658 cod.
929 1601 1098 1666 victoriano,

148 1689 203 1740 quo
222 1669 372 1726 enarratio
400 1685 414 1723 e
432 1669 566 1738 gradibus
584 1671 781 1738 cognationum
799 1672 965 1735 continetur,
984 1684 1040 1722 non
1058 1667 1099 1720 iu·

147 1741 233 1794 serius
251 1738 346 1792 seculo
365 1741 462 1814 quarto
480 1737 525 1791 vel
543 1737 640 1805 quinto
658 1737 688 1790 id
705 1753 764 1792 esse
783 1740 868 1804 ratus,
885 1738 992 1805 primus
1011 1734 1100 1788 edidit

147 1806 244 1874 illique
273 1805 399 1863 subiecit.
439 1803 498 1858 Hoc
521 1819 587 1857 vero
610 1819 702 1872 neque
728 1803 763 1857 ad
786 1804 856 1856 illud
882 1805 981 1872 caput,
1008 1816 1099 1868 neque

148 1874 260 1928 omuino
284 1873 320 1926 ad
342 1873 386 1924 ius
408 1870 656 1925 anteiustinianum
678 1872 832 1937 pertinere,
857 1871 907 1924 sed
929 1869 1015 1925 medii
1037 1867 1100 1922 aevi

149 1941 264 2008 eiusque
294 1937 529 2006 iurisprudentiaa
560 1936 761 1990 ecclesiasticae
791 1937 880 1990 fetum
907 1953 980 2003 esse,
1010 1935 1100 1988 multa

44 2037 57 2050 ¹·
149 2006 313 2074 argumento
336 2006 413 2068 sunt,
438 2020 472 2058 ex
495 2002 596 2068 quibus
617 2002 687 2056 haec
710 2002 858 2056 sufficiant.
893 2003 1017 2057 Primum
1039 2018 1099 2072 gra-

169 2090 235 2124 iium
253 2087 314 2124 com
336 2073 426 2124 utatic
445 2085 497 2122 con
512 2085 542 2122 ra
559 2084 593 2121 ve
608 2085 662 2122 eris
679 2087 746 2123 iuris
772 2085 879 2123 ormam
892 2071 977 2123 etiam
989 2087 1007 2124 a
1018 2069 1100 2123 Iusti-

149 2073 167 2124 d
316 2088 334 2138 p
402 2071 407 2080 '
499 2071 511 2122 t
595 2070 606 2121 t
642 2069 647 2080 '
681 2069 687 2079 ’
725 2069 731 2080 ”
759 2069 774 2122 f

148 2141 231 2191 niano
249 2139 402 2201 retentam,
425 2151 498 2204 quas
519 2136 593 2188 intra
615 2137 723 2188 sextum
741 2136 788 2189 vel
809 2137 959 2204 septimum
981 2136 1100 2206 gradum

149 2203 326 2280 subsistebat,
346 2202 382 2255 ad
400 2205 530 2278 octavum
542 2217 628 2268 usque
646 2202 821 2269 perducitur:
841 2219 897 2271 qua
914 2204 948 2256 de
961 2219 1045 2256 causa
1058 2205 1101 2267 (ut

150 2271 218 2324 alias
242 2271 362 2344 taccam)
384 2283 438 2346 neo
457 2267 529 2345 illud
552 2269 683 2344 stemma,
706 2270 782 2336 quod
805 2269 955 2323 Haenelius
978 2269 1099 2323 secundo

149 2337 212 2414 loco
251 2337 440 2453 osuitfiveteri
458 2333 692 2412 iurisprudentiae
711 2337 845 2457 assipnari
863 2338 962 2414 potest.
993 2335 1099 2390 Deinde

149 2401 1100 2546 taine,ezeitintrtitratremtrata

149 2538 365 2613 lorum),·capra
376 2551 393 2588 a
405 2535 504 2589 dextra
515 2552 544 2590 se
556 2535 676 2612 invicem
689 2538 871 2592 amicabiliter
885 2539 1015 2607 petentes
1027 2540 1100 2591 stan·

149 2605 249 2680 tesque
266 2619 296 2655 in
313 2607 397 2668 terra,
415 2619 487 2670 quae
500 2619 517 2656 a
528 2604 627 2670 quinto
645 2603 874 2658 descendentium
886 2605 975 2674 gradu
992 2605 1100 2681 incipit,

150 2684 308 2738 superiores
326 2669 432 2772 pradis
446 2669 532 2747 .⁰⁰.³¹‘?
554 2671 797 2764 tenente,'miilta
818 2689 881 2726 cum
908 2673 968 2726 arte
995 2671 1101 2748 adpicti

150 2738 314 2880 :initiat
336 2736 1102 2882 t{inritidebriaretur,itt

149 2886 304 2938 superiores
322 2871 384 2939 lege
403 2870 553 2950 coelestia
569 2874 675 2948 nuptus
692 2823 847 2940 prohileri,
869 2873 1028 2950 gradusque
1046 2872 1103 2937 hic,

150 2937 218 2990 dum
239 2937 334 3016 plnres
357 2937 586 2992 descendentium
607 2940 707 3007 stirpes
729 2939 885 3008 finguntur,
908 2939 1101 3009 geniculorum

151 3004 311 3058 Germanici
335 3003 403 3057 iuris
429 3020 510 3058 sensu
537 3005 670 3074 intelligi,
699 3007 870 3083 superiorem
896 3023 962 3060 vero
988 3008 1102 3127 (partem

150 3070 267 3140 figurae,
285 3087 357 3138 quae
376 3073 509 3140 cognatos
527 3089 561 3126 ex
579 3072 792 3126 ascendentibus
809 3090 861 3142 pro
883 3075 972 3128 enitos
1008 3090 1101 3128 omon-

150 3139 229 3205 strat,
245 3140 356 3192 tantum
368 3139 401 3191 ut
412 3139 497 3192 etiam
509 3138 564 3192 iuri
580 3139 657 3192 civili
669 3141 728 3193 eius
749 3157 784 3194 ue
802 3157 853 3207 gra
874 3159 940 3194 num
958 3143 1102 3209 computu·

149 3205 221 3258 tioni
238 3205 405 3282 satisfieret,
417 3205 542 3258 additam
560 3222 627 3262 esse.
664 3158 748 3270 Quoil
762 3223 828 3261 vero
846 3209 909 3262 octo
931 3208 1034 3277 gradus
1052 3223 1102 3260 nu·

150 3273 307 3337 merantur,
326 3287 407 3339 quasi
424 3273 467 3326 tot
484 3274 600 3327 naturae
617 3273 681 3342 lege
699 3274 766 3337 sint,
789 3274 845 3328 iam
864 3274 1101 3328 commendandae

149 3338 220 3414 legis
237 3339 440 3394 ecclesiasticae
459 3354 542 3392 causa
562 3339 667 3394 factum
685 3342 815 3418 apparet,
839 3358 911 3409 quae
935 3340 1101 3408 aequissime

149 3421 253 3472 primos
266 3407 400 3473 quattuor
412 3405 527 3458 coelesti
544 3405 737 3473 prohibitioni,
756 3407 858 3460 alteros
875 3407 1002 3461 terrestri
1015 3407 1100 3461 licen·

149 3471 205 3524 tiae
224 3472 411 3541 adscripserit.
437 3471 496 3526 Iam
509 3473 540 3526 ut
552 3472 623 3525 illud
635 3473 772 3526 hircinum
785 3474 955 3527 matrimonii
966 3474 1102 3541 iungendi

149 3538 307 3614 symbolum
325 3538 482 3592 clericalem
500 3539 559 3592 olet
576 3540 748 3594 matrimonii
769 3542 954 3605 contemtum,
978 3540 1013 3594 ab
1032 3543 1102 3595 anti·

150 3605 258 3671 quitata
277 3605 361 3674 plane
380 3606 510 3672 alienum,
532 3607 573 3660 ita
590 3622 641 3660 nec
659 3607 701 3660 rei
718 3605 931 3660 matrimonialis
949 3609 1039 3675 gratia
1056 3625 1106 3663 ve·

1209 3686 1332 3722 1—-
1346 3715 1348 3719 .
