2700 4118
260 219 322 284 620
540 236 643 274 nomm
661 233 768 272 sursum
785 235 852 272 lusu.
871 235 928 270 ΗΕΒ.

259 374 332 412 nuno
350 357 393 412 ed.
411 356 550 425 Kruegeri
566 356 584 410 l.
604 373 626 409 o.
645 373 672 433 p.
692 362 740 412 160
758 371 823 424 seq,
842 356 879 408 ud
896 371 982 423 quam
998 355 1071 409 hano
1088 356 1219 410 nostram

258 424 382 492 tertiam,
401 425 526 478 codicem
544 423 580 476 ab
599 439 632 476 eo
650 425 807 490 inspectum
830 427 905 476 Vind.
923 421 1114 490 insignientes,
1132 423 1218 476 insti-

258 493 372 556 tuimus,
390 491 429 544 sio
445 493 542 544 tumen
560 491 593 543 ut
608 489 671 542 loos
687 490 787 544 herum
805 489 1023 552 Institutionum,
1042 505 1115 556 quue
1132 505 1218 558 prue-

259 562 338 612 terea
350 559 508 626 supersunt,
522 572 651 624 quaeque
661 555 898 624 quemadmodum
908 571 938 610 se
948 557 1120 626 exceperint,
1129 557 1221 610 modo

260 625 388 691 diximus,
407 641 462 678 uno
481 625 608 692 excepto,
627 639 683 676 non
702 627 901 691 repeteremus.

631 827 840 834 —-—

436 999 632 1072 VLPIANI
656 997 1031 1072 INSTITVTIONVM
1228 1025 1293 1074 ssa

585 1121 707 1181 umus
724 1121 882 1181 suiuus.

522 1339 527 1350 ,
607 1297 656 1336 nu.
674 1296 694 1335 1.
711 1277 801 1352 (untes
816 1272 865 1356 11).

321 1385 346 1446 1.
371 1383 555 1444 ¹Preoarium
571 1397 621 1455 est,
639 1390 715 1461 quod
725 1391 863 1460 precibus
876 1392 985 1460 petenti
998 1391 1134 1446 utendum
1145 1407 1214 1448 aon·

261 1475 371 1530 ceditur
392 1474 515 1542 tamdiu,
536 1475 670 1542 quamdiu
685 1476 726 1542 ts,
749 1477 798 1545 qut
812 1477 969 1544 concessit,
983 1477 1103 1544 patitur.
1139 1477 1217 1548 quod

258 1573 350 1630 oenus
364 1549 564 1612 liberalitatis²
583 1572 622 1612 ea
635 1560 700 1612 iure
714 1561 837 1628 nentium
852 1559 1007 1614 deseendit.
1052 1565 1078 1613 et
1093 1559 1180 1614 distat
1195 1577 1213 1614 a

260 1643 412 1698 donatione
427 1655 474 1710 eo,
492 1642 568 1712 quod
582 1645 631 1712 qui
644 1642 744 1708 donat,
768 1644 810 1696 sie
825 1642 890 1710 dat,
911 1657 947 1696 ne
962 1645 1098 1712 recipiam
1119 1649 1152 1698 at
1165 1647 1216 1715 qui

256 1727 394 1796 precario
411 1725 550 1794 coneedit,
566 1728 608 1780 sto
623 1725 680 1792 dat,
698 1728 783 1796 quasi
796 1729 864 1779 tuno
881 1731 1063 1795 recepturas,
1081 1741 1146 1782 cam
1161 1727 1215 1782 sibi

259 1809 375 1866 libuerit
386 1811 556 1880 precarium
572 1810 694 1865 soluere.
730 1815 757 1862 et
772 1815 814 1864 est
829 1809 917 1864 simile
935 1811 1126 1866 commodato:
1145 1827 1212 1866 nam

261 1900 288 1949 et
303 1891 354 1964 qui
368 1893 524 1948 commodat
539 1907 607 1960 rem,
624 1894 666 1946 sie
682 1893 848 1961 commodat,
863 1897 964 1948 utnon
977 1893 1074 1963 faciat
1089 1908 1151 1950 rem
1162 1910 1211 1950 ae-

154 1980 193 2028 tol.
203 1980 220 2027 1.
231 1995 252 2027 s.
263 1980 407 2048 alpientis,
424 1977 519 2032 sedat
535 1979 561 2030 et
574 1968 622 2051 atii
637 1990 666 2028 re
681 1975 849 2030 commodata
863 1977 1010 2048 permittat.

188 2051 227 2098 fin.
324 2055 352 2116 2.
376 2057 504 2116 iocatum
528 2075 637 2131 quoque
657 2065 685 2114 et
707 2057 869 2114 conductum
891 2059 932 2114 ius
953 2060 1075 2133 gentium
1096 2059 1211 2118 induxit.

262 2159 323 2200 usin
346 2159 378 2198 ex
401 2159 455 2216 quo
479 2143 617 2214 coepimus
639 2143 825 2215 possessiones
847 2142 1016 2216 proprisset
1036 2159 1080 2200 res
1103 2144 1211 2213 hahere,

261 2235 288 2283 et
309 2225 416 2283 iocandi
439 2218 609 2302 ’(nostras)³
630 2227 672 2281 ius
694 2227 783 2282 nancti
806 2242 910 2296 sumus,
933 2234 960 2282 et
981 2227 1148 2284 conducendi
1168 2243 1212 2283 res

260 2310 375 2383 alienus3
400 2318 427 2364 et
448 2311 484 2378 is,
509 2311 555 2382 qui
578 2309 721 2380 conduxit,
744 2311 801 2364 iisne
824 2309 945 2382 gentium
967 2317 1075 2366 tenetur
1089 2310 1121 2367 sd
1143 2327 1211 2367 mer·

260 2393 351 2450 cedem
368 2385 572 2468 exlsoluendam
590 2395 714 2449 locatori
719 2417 728 2456 ;
748 2396 773 2448 is
788 2407 874 2463 uero,
894 2396 944 2465 qui
956 2397 1076 2466 locauit,
1100 2396 1211 2452 adrem

256 2477 482 2548 praestandam,
498 2482 529 2531 ut
545 2478 631 2532 alteri
644 2481 687 2532 uti
700 2479 747 2533 uel
758 2475 825 2548 frui
838 2491 873 2532 ea
887 2471 1000 2534 liceat!

597 2627 645 2668 su.
661 2627 686 2668 11
702 2605 795 2688 (autes
807 2608 869 2684 111).

321 2717 346 2776 1.
364 2713 387 2776 ⁵.
401 2761 407 2774 .
420 2761 448 2780 ..
465 2723 544 2778 uelut
556 2722 582 2777 si
591 2728 689 2778 mutua
703 2724 828 2794 peetsnia
840 2724 890 2780 tibi
899 2724 967 2780 data
984 2727 1029 2796 stt,
1045 2741 1102 2781 non
1113 2726 1209 2781 eadem

154 2812 248 2862 tol.1.b.
261 2807 359 2877 utique
381 2807 550 2861 numismata
568 2797 571 2882 1
589 2805 688 2874 reddis,
711 2821 778 2878 quae
800 2808 942 2879 accepisti,
965 2808 1012 2864 sed
1032 2807 1108 2865 alium
1129 2823 1208 2882 pecu·

80 2915 89 2930 ·
187 2884 227 2932 nn.
260 2889 329 2944 niam
346 2887 465 2945 eiusdem
481 2890 647 2962 quantitatis.
677 2888 784 2945 Mutuus
796 2898 884 2946 sutem
897 2891 953 2947 dari
969 2899 1083 2964 possunt
1097 2908 1141 2948 res
1155 2907 1208 2948 uon

260 2971 325 3028 alise
341 2988 420 3044 quam
437 2988 504 3045 quse
520 2973 649 3047 pondere,
664 2988 789 3043 numero,
804 2989 930 3030 mensum
945 2977 1126 3032 continentur.

333 3137 352 3206 ¹)
371 3141 419 3190 Est
433 3141 464 3190 J..
479 3153 499 3192 1.
519 3141 551 3190 Ι).
566 3142 598 3190 de
608 3155 715 3203 preear.
730 3139 774 3206 (43,
790 3137 833 3204 26).
886 3137 907 3206 ²)
925 3141 1050 3205 Ulpianus
1063 3142 1209 3202 addiderat,

260 3217 288 3260 at
302 3214 402 3276 opinor,
419 3209 455 3262 ‘et
469 3207 571 3275 ipsum'.
596 3210 681 3260 Antea
691 3226 751 3260 aero
761 3212 793 3260 de
804 3212 941 3262 donatione
951 3213 1105 3263 disseruisse
1115 3215 1208 3264 omnia-

260 3297 307 3346 que
322 3284 425 3347 negotia
439 3284 505 3331 iuris
517 3283 630 3346 ,nentium
645 3283 682 3330 itu
696 3282 831 3331 ordinasse
845 3283 959 3342 uidetur,
979 3290 1006 3332 ut
1025 3283 1056 3332 ab
1074 3284 1126 3343 tus,
1145 3299 1208 3348 quae

260 3367 294 3402 ea
309 3353 464 3402 liberalitate
478 3353 594 3410 ueniunt,
609 3359 719 3401 emersus
735 3352 770 3400 ad
783 3368 826 3412 ea,
841 3368 906 3416 quae
921 3355 1041 3402 utilitatis
1056 3369 1137 3404 causa
1151 3369 1207 3404 oon-

260 3423 411 3485 traduntur,
422 3429 551 3488 pergeret.
617 3419 638 3486 ³)
652 3421 782 3486 Suppteai.
848 3420 868 3488 ⁴)
882 3422 1039 3473 Sententiam
1052 3425 1174 3488 supplevi.

261 3489 282 3557 ¹⁵)
297 3491 452 3543 Sententiam
467 3495 629 3557 aliquatenus
642 3495 765 3557 supplevi.
791 3493 828 3556 Cf.
839 3493 916 3557 pnI.
932 3493 999 3558 quid.
1010 3495 1074 3545 mod.
1085 3509 1114 3543 re
1129 3501 1208 3544 contr.

260 3560 291 3626 (s,
306 3561 350 3627 14).
