2680 4112
464 258 488 293 n.
508 257 650 294 eonnnmvs
668 257 775 294 suosve.
1038 251 1099 311 105

198 378 241 438 11.
264 383 408 454 Pecunia,
430 399 499 456 quae
521 392 650 456 erogatur
672 388 701 440 in
722 388 902 457 spectacula,
916 425 1004 443 .....
1013 380 1024 419 ¹
1039 389 1101 444 ideo

92 473 179 532 [latest
200 467 314 522 'lucaris
335 459 436 538 (11111,ἲ
455 469 532 540 quod
551 471 580 522 in
599 470 666 524 luco
687 469 821 524 dabatur.
855 468 934 524 Idem
957 475 1053 526 tomen
1074 472 1101 526 ln

136 549 232 606 eodem
248 548 318 606 libro
333 552 420 606 lucar
435 566 494 615 aes,
506 553 587 624 ‘quod
600 567 640 607 ea
649 554 724 608 tucis
736 555 882 624 capiatur,
894 553 945 608 diei
958 555 1101 625 existimat,

136 637 221 691 cuius
242 637 382 704 opinionis
400 640 443 690 est
464 640 491 690 at
514 635 646 692 Valerius
661 635 789 692 Messalla
804 637 831 692 in
847 636 1034 709 explanatione
1049 656 1101 694 ou·

134 711 317 790 puriorum.³
336 747 370 756 -
388 716 460 777 lest.
477 735 501 772 v.
518 719 648 774 Pecunia
664 736 691 791 p.
708 717 777 774 253.

200 830 247 890 tt.
279 827 356 890 ὅθεν
381 826 398 889 ὁ
428 833 593 902 Messalae
651 836 875 892 UndeMessalla
889 853 952 894 eum
965 853 1101 895 esseaeo-

136 921 245 974 τοῦτον
262 915 310 991 (sa.
325 911 434 985 Ἰανὸν)
450 907 528 974 εἶναι
542 913 595 974 τὸν
646 921 894 984 nemorbitratur,·
910 926 1010 978 etenim
1020 926 1101 994 quin·

136 999 234 1058 αἰῶνα
255 997 379 1074 νομίζει.
403 997 527 1078 καὶγὰρ
548 995 595 1058 ἐπὶ
647 1009 674 1059 to
699 1004 785 1060 huius
811 1007 916 1060 mensis
939 1007 985 1060 die
1008 1005 1103 1074 ferias

136 1091 189 1160 τῆς
204 1079 337 1159 πέμπτης
352 1090 407 1142 τοῦ
420 1081 514 1160 μηνὸς
526 1081 595 1142 τού·
648 1087 753 1144 Aeonis
765 1088 953 1144 celebrabant
963 1084 1103 1144 ννίννεε.4

136 1187 190 1226 τον
205 1163 311 1245 ἑορτὴν
321 1167 431 1236 αἰῶνος
443 1165 597 1226 ἐπετέλουν

137 1251 169 1311 oi
185 1248 286 1313 πάλαι.
307 1285 344 1293 -
367 1254 406 1310 lo.
427 1253 506 1312 Laus.
530 1253 596 1327 Lyd.

137 1337 274 1393 demens.
290 1337 321 1410 4,
338 1339 366 1393 1.

361 1532 422 1598 *Ia
446 1532 691 1598 CORNELIVS
714 1533 885 1598 BALBVS

438 1655 553 1719 (pontifex
568 1657 675 1706 eiusdem
690 1654 812 1719 aetatis).⁵

516 1772 723 1854 Ἐξηγητικῶν.

199 1895 224 1954 1.
247 1897 281 1954 Et
304 1897 444 1954 Cornelius
466 1895 562 1952 Balbus
585 1889 767 1972 ἕξηγητικῶν
789 1895 858 1952 lilno
882 1904 975 1953 octavo
999 1895 1103 1954 decimo

135 1982 175 2037 nit
196 1981 266 2054 apud
287 1997 361 2036 aram
383 1983 519 2036 maximam
542 1979 716 2036 obseruatum
732 1996 766 2035 ne
781 1979 976 2036 lectisternium
993 1979 1046 2036 ilat.
1065 2011 1102 2022 -

135 2063 254 2121 Macrob.
272 2063 330 2120 Sat.
348 2063 378 2136 3,
395 2065 423 2120 6.
440 2061 530 2138 316.

210 2293 233 2364 ¹)
252 2295 365 2344 Reccidit
379 2296 403 2344 i.
419 2297 435 2344 l.
455 2298 572 2345 auctoris
591 2301 688 2354 nomen,
704 2295 778 2344 cuius
795 2295 922 2344 sententia
938 2295 1062 2358 refertur,
1076 2301 1104 2343 ut

129 2373 214 2430 puto:
231 2365 317 2428 Opilio
331 2373 446 2416 auctore.
480 2363 501 2431 2)
516 2365 633 2428 Scripsi;
647 2367 722 2414 lucari
736 2366 813 2414 edicta
830 2365 874 2414 Od.
885 2365 942 2414 edd.
978 2362 998 2428 8)
1017 2365 1104 2415 Totum

134 2441 221 2486 locum
234 2438 314 2485 aliter
328 2443 404 2500 atque
414 2437 509 2495 celitur,
521 2437 630 2485 Paulum
641 2453 678 2484 va.
690 2436 805 2485 Lucaris
815 2437 930 2499 pecunia
944 2442 968 2484 et
977 2435 1068 2484 Lucar
1076 2451 1103 2498 p.

134 2519 187 2558 119.
201 2514 312 2565 secutus,
323 2508 433 2556 restitui.
455 2506 530 2556 Nunc
545 2522 607 2556 uero
621 2505 762 2556 Scintillium
782 2508 829 2571 lep.
845 2507 886 2554 llll
901 2504 953 2556 tob.
971 2509 1017 2554 rel.
1028 2522 1056 2570 p.
1068 2517 1102 2557 ³5.

134 2583 242 2627 seootm
259 2574 452 2642 ‘cupariorum'
471 2579 568 2640 scripsi
577 2592 629 2640 pro
642 2574 694 2624 ’ΧΠ
709 2573 771 2625 1αῠ.’
780 2584 804 2626 et
822 2577 858 2626 ad
871 2577 939 2626 lanc
955 2576 1104 2626 Messallam

135 2649 236 2697 rettulit
255 2647 327 2696 Idem
341 2646 401 2696 Scit.
417 2647 485 2712 quod
500 2649 649 2710 suspicatur
659 2662 686 2710 p.
705 2659 748 2704 91,
769 2662 803 2695 coe
817 2647 904 2696 eodem
923 2646 989 2696 libro
1002 2648 1104 2710 piossas

132 2725 251 2782 sumptas
261 2733 316 2766 esse
327 2717 430 2780 Festip.
442 2729 487 2768 161.
503 2734 525 2766 o.
537 2717 667 2767 Minorem
677 2719 828 2781 pontificum
843 2716 1018 2765 etMaaimum
1024 2732 1103 2780 proe-

132 2797 218 2838 torem
228 2791 309 2852 plane
329 2790 455 2837 incertum
469 2794 514 2836 cst.
553 2785 575 2852 ⁴)
590 2787 657 2836 an.
675 2799 695 2836 1.
711 2799 730 2838 e.
747 2787 886 2836 Messallae
901 2789 977 2836 etiam
991 2802 1056 2850 quoe
1070 2801 1122 2835 eae.

138 2859 246 2909 Valerii
260 2859 394 2907 cuiusdam
408 2859 592 2921 explanatione
606 2858 647 2906 llll
662 2857 712 2906 tab.
727 2864 752 2905 et
770 2857 802 2906 de
817 2857 895 2906 dictis
910 2859 1022 2906 involute
1037 2856 1103 2906 libro

133 2930 208 2994 apud
224 2929 291 2977 Fest.
307 2945 329 2977 ν.
344 2927 455 2978 Sanotes
465 2944 493 2991 p.
505 2939 552 2980 ενι.
567 2935 592 2976 et
605 2944 627 2976 ν.
642 2927 759 2992 Tapurio
769 2943 797 2990 p.
812 2937 859 2978 355.
875 2934 987 2985 ecstant,
1002 2928 1102 2976 adscri·

128 3015 248 3064 psoram,
260 3015 404 3063 quanquam
413 2999 526 3048 eiusdem
538 3013 589 3048 uon
599 2999 684 3047 uideri
693 3013 803 3047 mortens.
825 2997 900 3046 Nunc
910 3013 941 3046 eo
955 3013 986 3046 ne
1002 2998 1104 3046 Valerii

132 3071 238 3134 quidem
249 3069 389 3118 Messallae
403 3083 465 3128 esse,
478 3070 568 3130 decicit
578 3067 678 3118 Soliti.
696 3070 712 3116 l.
729 3083 750 3116 c.
758 3083 786 3131 p.
800 3079 833 3119 st.
864 3067 924 3117 Cum
936 3083 997 3117 uero
1007 3083 1054 3117 nec
1069 3067 1105 3116 ad

138 3140 278 3190 Valerium
296 3139 384 3188 IOtum
398 3146 516 3202 spectare
530 3139 677 3196 uideantur,
692 3139 728 3187 od
741 3153 812 3202 quem
829 3138 880 3187 Cic.
896 3139 932 3187 ad
942 3139 1005 3202 som.
1021 3150 1042 3199 1,
1057 3139 1101 3186 uit.

132 3213 193 3262 coll.
205 3223 227 3273 s,
239 3223 251 3260 1
262 3216 330 3258 eutr.
341 3211 456 3274 scripsit,
466 3211 514 3258 sed
522 3211 558 3258 ad
570 3208 597 3268 Q.
609 3211 680 3257 illum
695 3207 828 3256 Valerium
838 3207 966 3258 Soranum
974 3223 1102 3272 pransum-

132 3285 214 3332 tt'cum
225 3288 250 3330 et
259 3282 441 3344 antiquitatum
450 3286 629 3337 scrutatorem,
639 3279 671 3327 de
685 3294 734 3342 quo
749 3279 800 3327 uid.
812 3278 904 3342 Maper
918 3279 954 3328 ad
964 3278 1015 3326 Cic.
1027 3277 1102 3325 Brut.

131 3363 176 3414 ts,
187 3367 260 3401 numa
270 3351 335 3400 itaec
345 3353 403 3400 ioca
418 3351 556 3414 omittenda
572 3364 625 3398 esse
636 3349 780 3398 arbitratus
793 3363 856 3398 sum.
892 3346 913 3413 ⁵)
925 3347 946 3397 0
957 3383 962 3394 .
982 3347 1070 3395 Vellei.
1081 3358 1102 3405 2,

131 3433 165 3474 51.
186 3421 290 3472 Eclcltel
309 3421 326 3469 1.
337 3435 365 3483 p.
382 3433 415 3470 11.
431 3420 565 3469 Drumann
587 3419 676 3468 (lescle.
693 3418 770 3468 Romo
784 3419 812 3467 ll.
823 3435 851 3483 p.
868 3429 915 3469 609.
942 3409 1102 3479 Εξηγητινά

130 3501 193 3542 sunt
208 3493 416 3556 indipitameata.
