2694 4110
367 172 507 209 ovoonvs.
526 171 670 207 Psrmclvs.
689 171 844 207 oxomense.
1015 154 1075 218 ΘΠ

129 296 184 374 τὴν
198 291 333 356 οὐτιλίαν
344 293 472 368 didon&
487 294 537 356 nai
549 291 654 354 irrito·
676 303 750 356 tione
772 308 881 357 mortno
903 317 1016 374 quoqne
1031 303 1079 358 de-

130 397 182 442 σεν
197 377 304 452 οὕτως·
321 375 398 458 fisco}
415 374 545 454 διάταξις
561 375 655 455 οὕνηῙ
676 384 764 438 bitore
787 387 882 440 utitem
911 387 1006 442 dedit?
1043 387 1080 441 Et

130 460 263 540 οὐδαμοῦ
296 461 351 540 τὴν
377 456 508 523 οὐειλίοιν
540 458 658 522 ἀνεῖλεν
675 470 716 522 ita
761 469 855 522 solvit:
898 483 1080 542 nequaquam

130 542 543 624 νελεντήσανεοςοιύνοῦ,ἆλλὰ
553 545 659 616 ζῶντος
676 551 749 606 tzoec
766 553 926 606 constitutio
942 555 1012 608 tollit
1027 557 1080 610 uti·

25 636 28 641 ’
130 625 223 690 αὐτοῦ
251 627 411 708 μέμνηται,
445 625 484 702 ὡς
514 627 657 708 μέλλουσα
675 620 730 690 lem
745 637 885 688 actionem
908 649 941 690 eo
958 643 1079 706 mortno,
1125 622 1128 630 ¹

129 711 313 792 ἀντεισάγειν
335 712 366 773 τὸ
393 734 425 773 ex
447 720 504 773 eius
528 723 655 790 persono.
676 719 727 772 sed
747 720 869 772 meminit
893 721 953 773 eius
978 734 1078 790 snper-

130 797 157 857 εἰ
166 793 199 856 δὲ
206 795 402 874 ἐτελεύτησεν,
413 793 467 856 οὐκ
479 794 520 856 ἔτι
532 793 657 856 ἐδύνατο
676 803 758 869 stitis,
775 817 838 856 oum
854 802 938 858 veltet
953 802 1005 856 troc
1017 805 1079 859 snb·
1149 845 1156 854 .
1218 819 1225 830 ·

130 879 163 941 ἐκ
172 879 333 958 προσώπου
345 875 436 940 αὐτοῦ
447 876 657 958 οινῆσοι,ἆλλο“ι
676 887 774 954 iecere,
791 881 842 940 ‘eoo
854 887 916 940 eins
927 885 1080 954 persona’.

129 961 233 1024 λοιπὸν
248 959 383 1044 ἀνάγκην
397 957 474 1041 εἶχεν
488 963 657 1042 χρήσασθαι
677 967 709 1023 Si
730 983 796 1024 vcro
819 970 997 1039 decessisset,
1024 987 1079 1025 non

130 1043 242 1129 οὐτιλίᾳ
259 1045 291 1106 ἐκ
309 1046 469 1126 προσώπου
490 1047 577 1109 ἰδίου.
606 1044 657 1106 καὶ
675 1057 790 1120 poterat
812 1067 852 1108 en
872 1055 934 1107 eius
951 1067 1081 1123 persona

129 1131 313 1202 κανονίζετοιι
327 1129 437 1206 οὕτως,
459 1128 505 1190 ὅτι
520 1123 568 1207 ἐφ’
587 1128 657 1190 ὅσον
677 1149 781 1206 ancre,
797 1137 848 1191 sed
861 1150 979 1192 necesse
994 1137 1081 1192 noae·

129 1211 185 1293 μὲν
206 1217 241 1296 ζῇ
264 1210 441 1294 ὁχρεώσνης
465 1210 567 1287 αὐτοῦ,
593 1209 657 1274 sot
677 1219 725 1272 bot
747 1219 811 1273 atili
831 1223 873 1274 oti
895 1235 933 1275 ea·
953 1235 1080 1290 persona

128 1303 326 1378 γραμματεῖον
338 1295 515 1376 ἐκχωρήσας,
534 1293 588 1356 οὐκ
601 1294 658 1374 ἔχει
677 1317 739 1356 sna.
783 1301 875 1374 Atque
902 1306 942 1357 ito
968 1305 1081 1374 definit:

130 1377 262 1441 οὐτιλίνν
289 1377 305 1441 ὁ
330 1377 500 1458 denotando,
527 1379 657 1458 τελευτή·
677 1385 811 1456 quamdin
826 1386 936 1457 quidem
954 1389 1018 1442 oiait
1035 1388 1080 1442 de·

130 1481 234 1536 σαντος
261 1462 294 1524 δὲ
319 1459 412 1524 αὐτοῦ
444 1462 501 1542 ἔχει
527 1468 587 1523 κτλ.
617 1499 655 1508 -
677 1469 750 1524 tritor
766 1471 1081 1541 eins,qninomences·

100 1587 101 1590 =
131 1552 222 1608 Schol.
239 1551 316 1612 Basil.
334 1550 390 1624 24,
407 1551 436 1609 3.
458 1569 481 1609 o.
500 1551 547 1609 10.
569 1551 599 1607 Τ.
615 1552 657 1608 ΙΙΙ.
678 1553 729 1622 sit,
754 1553 880 1608 creditor
902 1556 964 1608 cias
986 1556 1081 1610 utitem

131 1651 158 1707 p.
177 1634 225 1692 23.
242 1635 345 1692 Heimb.
677 1651 734 1692 non
756 1635 856 1691 habet:
878 1636 964 1690 habet
987 1643 1081 1692 autem

676 1724 787 1774 mortno
810 1733 852 1774 eo.
875 1724 931 1776 etc.

172 1801 220 1862 22.
238 1791 311 1857 ’Eto
325 1787 485 1874 ὀμόσαντος
501 1807 553 1858 τοῦ
564 1791 657 1878 domai-
720 1801 753 1857 Si
772 1805 888 1858 iurante
901 1804 1015 1874 pupilio
1030 1805 1081 1858 da·

132 1904 186 1943 νον
201 1880 406 1963 ναταᾶικοσθῇ
418 1877 433 1940 ὁ
445 1878 611 1959 ἐπίτροπος,
622 1877 657 1940 οὕ
677 1891 791 1940 mnatas
806 1889 840 1941 sit
857 1891 945 1955 tutor,
960 1903 1016 1942 non
1028 1904 1081 1958 po·

131 1965 257 2024 δύναται
272 1963 343 2040 μετὰ
366 1973 457 2024 ταῦτα
471 1969 656 2070 συμφωνεῖν,
677 1975 731 2024 test
740 1976 843 2039 postca
853 1973 977 2040 pacisci,
990 1977 1021 2025 nt
1032 1975 1080 2026 mi·

131 2047 205 2108 o‘J'oro
214 2040 304 2126 ἧττον
312 2047 417 2108 δοῦναι
428 2043 509 2130 αὐτῷ
520 2071 565 2108 ων
574 2069 656 2108 κατε·
675 2067 730 2107 nas
738 2055 765 2107 ei
769 2053 919 2124 det,qaam
926 2055 998 2124 totto
1008 2055 1083 2126 qaod

131 2130 274 2206 δικάσθη.
305 2127 418 2191 πάκεον
432 2136 517 2192 καλεῖ
527 2130 582 2208 τὴν
596 2129 657 2190 διά·
675 2137 829 2192 damnatus
856 2143 909 2196 est.
958 2137 1080 2194 Pactum

131 2220 225 2278 λυσιν.
249 2210 325 2275 οὕτω
340 2213 395 2294 γὰρ
410 2213 460 2274 καὶ
474 2211 579 2294 ὁῆρως
594 2218 656 2274 Ha·
676 2226 759 2275 vocat
775 2223 1008 2277 transactionem.
1032 2221 1081 2278 Sic

132 2299 240 2378 τρίνιος
251 2295 471 2376 bacconicam.
485 2333 522 2342 —
534 2303 657 2359 Theodo·
677 2305 748 2358 enim
761 2309 788 2358 et
799 2305 924 2376 inclytus
933 2303 1081 2361 Patricius

131 2403 179 2442 rus
193 2388 220 2441 in
237 2385 328 2442 Schol.
344 2386 423 2442 Basil.
440 2386 488 2456 38,
509 2385 555 2442 16.
572 2403 596 2443 ο.
614 2381 658 2444 3.²
678 2387 831 2442 adnotavit.

132 2469 162 2525 Τ.
178 2469 219 2528 111.
236 2485 261 2539 p.
279 2467 347 2530 782.
364 2468 464 2524 Hcimh.

173 2549 221 2611 23.
243 2550 314 2610 Εἴτε
334 2544 508 2622 αὐτεξουσία
523 2542 576 2627 ἦν,
600 2549 658 2610 εἴτε
719 2554 784 2611 Sive
804 2556 865 2625 fitia
888 2557 935 2610 sai
947 2557 1020 2611 iuris
1036 2559 1081 2625 sit,

131 2628 315 2710 ὑπεξουοίαὴ
328 2628 656 2712 θογοὶτηρ,ἆδιάφορον.
677 2641 735 2693 siae
749 2641 777 2692 in
792 2643 935 2707 potestate
947 2641 1081 2694 constita-

1 2737 2 2774 ῖ
61 2741 120 2788 [εον]
132 2712 187 2776 οὐκ
202 2712 304 2776 ἔστιδὲ
316 2715 347 2776 τὸ
359 2707 432 2776 αὐτὸ
443 2717 538 2776 εἰπεῖν
547 2715 597 2776 καὶ
610 2715 657 2776 ἐπὶ
678 2727 717 2790 ta,
729 2721 799 2776 matt
811 2723 939 2776 interest.
962 2721 1026 2777 Non
1040 2726 1082 2777 ta·

131 2809 184 2878 τῆς
199 2798 315 2880 μητρὸς.
351 2799 413 2861 ἐκεῖ
423 2798 479 2880 γὰρ
496 2797 577 2879 ἑτέρα
593 2795 657 2859 διά·
676 2818 738 2858 men
752 2805 825 2858 idem
837 2804 896 2858 dici
904 2810 1002 2874 potest
1011 2807 1038 2862 et
1052 2808 1081 2860 in

132 2886 222 2956 σειξις
244 2891 352 2964 κρατεῖ.
393 2882 495 2962 εἰμὲν
516 2882 545 2957 ἐξ
567 2876 657 2963 ἀρχῆς
677 2885 1082 2945 matrelbienimaliadistin·

131 2965 203 3026 nard
215 2967 336 3046 γνώμην
348 2960 438 3046 αὐτῆς
452 2967 597 3047 condedo
613 2975 658 3049 roi
676 2974 730 3027 ctio
753 2973 840 3026 volet.
879 2970 1022 3043 Siquidem
1046 2974 1082 3028 ab

131 3045 227 3126 ἀνδρί,
243 3046 278 3110 οὐ
290 3051 374 3111 δοκεῖ
384 3050 521 3130 παρέχειν
536 3050 658 3130 idioma
676 3058 754 3111 initio
777 3057 921 3111 volontate
941 3059 1001 3111 eins
1017 3072 1082 3112 oon·

206 3209 225 3277 ²)
239 3212 270 3260 J..
287 3225 306 3262 6.
333 3211 358 3261 0.
377 3213 408 3260 de
427 3211 475 3262 obl.
490 3221 514 3262 et
528 3221 577 3263 aot.
593 3212 628 3278 (4,
644 3210 680 3278 ιο)
698 3229 715 3261 a
729 3212 813 3262 Dicet.
833 3220 858 3261 et
872 3211 980 3261 Maxim.
996 3227 1019 3260 a.
1035 3224 1081 3264 sss.

131 3284 207 3339 datm·
223 3285 249 3330 in
267 3282 342 3347 Gneo.
358 3284 398 3330 oet
415 3281 504 3333 Herm.
525 3284 551 3332 O.
567 3299 617 3334 non
631 3284 713 3346 manis
727 3298 795 3331 nuno
814 3289 898 3338 extat,
918 3296 992 3346 quam
1011 3282 1042 3331 L.
1062 3296 1081 3333 1.

133 3353 159 3402 G.
174 3354 230 3402 eod.
264 3352 350 3401 Verba
371 3366 399 3400 cx
421 3353 471 3400 eius
490 3367 592 3415 persona
610 3355 637 3402 in
657 3355 703 3401 itta
724 3367 775 3402 non
795 3353 893 3414 recepit
912 3351 1081 3401 Iustinianns.

133 3419 154 3486 ²)
169 3445 202 3466 =
218 3423 249 3472 L.
260 3435 280 3474 ο.
299 3422 323 3471 C.
339 3423 371 3471 de
386 3423 412 3470 in
427 3422 494 3470 litem
509 3423 558 3490 iar.
574 3421 606 3487 (5,
615 3421 660 3487 os),
674 3437 708 3470 en
721 3421 796 3486 Gneo.
809 3422 834 3470 G.
849 3423 924 3471 etiam
938 3429 1041 3472 serrata
1055 3425 1082 3472 in

133 3493 244 3544 Consatt.
259 3505 279 3552 s,
295 3504 315 3543 8.
344 3492 413 3542 Data
428 3493 459 3542 ab
476 3492 606 3542 Antonino
621 3509 644 3541 a.
661 3503 707 3543 215.
