2694 4110
283 221 341 258 vsu.
356 220 458 258 cv1vsu.
473 219 558 256 russo.
573 219 759 256 consummo.
774 200 821 255 VI.
838 207 914 256 3-5,
1010 198 1070 266 847

124 352 238 410 forsitan
254 351 410 422 ientauerit,
425 350 544 422 prImore
559 349 586 404 iu
600 347 662 404 loco
673 347 753 405 debet
764 349 905 406 euidenter
921 348 1075 420 ostendere,

125 451 154 492 se
169 450 312 509 personam
324 432 422 490 babere
433 430 580 506 legitimam
588 449 601 486 :-
611 440 638 487 et
648 432 701 489 hoc
713 432 776 488 dum
788 432 948 505 ostenderit,
968 442 998 490 ut
1009 433 1075 489 iuris

124 520 271 593 legumque
287 516 370 574 dictat
386 517 541 587 auctoritas,
557 531 644 590 gertus
658 516 770 572 actionis
786 516 866 572 edere
882 516 972 588 debet,
983 517 1011 572 in
1021 533 1074 590 quo

124 619 204 659 manu
220 617 268 658 sua
288 599 453 670 subscribat,
465 593 554 672 'quo,¹
570 599 633 654 dato
654 615 753 672 genere
773 599 894 668 actionis,
908 591 934 654 ’a
954 595 1077 674 coeptis²

124 686 255 743 triduanis
277 684 391 740 induciis
411 683 518 757 ’quarto
541 675 604 739 die³
625 682 787 756 respondeat
809 682 978 740 aduersarius
997 699 1075 755 suus,

124 778 156 826 ut
178 769 254 842 leges
276 767 456 841 praecipiunt,
478 765 701 840 responsionibus
727 765 809 822 saluis
824 763 943 839 pulsato,
960 782 1027 838 quae
1043 767 1076 822 de

124 854 183 909 iure
205 861 233 918 et
255 850 361 925 iegibus
383 849 579 924 suffragantur:
603 849 677 906 salua
696 851 775 906 etiam
796 851 902 906 actione
917 849 1075 919 calumniae,

127 937 199 1011 quia,
215 934 279 991 dum
293 934 480 1002 calumniator,
497 936 542 1007 qui
563 932 664 1006 pulsat,
679 941 805 990 ostensus
825 933 919 1005 luerit,
935 932 1020 1007 qualis
1041 933 1077 988 sit

126 1035 212 1094 poena
227 1018 384 1091 calumniae,
396 1017 502 1092 legibus
521 1015 614 1073 subter
626 1017 733 1072 annexis
746 1016 911 1074 ostenditur:
927 1019 966 1074 sic
977 1024 1076 1087 umen,

126 1112 156 1159 ut
178 1104 237 1176 ipse
259 1101 367 1176 probet,
390 1100 611 1173 quemadmodum
642 1117 690 1155 sua
712 1102 835 1171 interest,
851 1108 879 1156 et
895 1099 1029 1171 ostendat,
1045 1099 1077 1155 ad

126 1203 155 1243 se
170 1189 308 1255 uniuersa,
323 1199 392 1257 quae
407 1185 516 1256 repetit,
543 1185 690 1258 pertinere.
713 1181 748 1241 .3.
763 1183 832 1240 iilud
847 1185 991 1257 praecipue
1005 1200 1077 1239 sum·

127 1285 169 1326 ma
183 1285 245 1326 curn
259 1267 363 1324 cautela
380 1265 519 1323 obseruari
542 1275 661 1340 oportet,
683 1275 722 1339 ut,
737 1269 760 1323 sl
776 1267 946 1323 aduersarius
962 1268 1078 1340 scriptu·

126 1369 184 1408 ram
198 1351 314 1425 aliquam
334 1349 485 1407 donationis
501 1349 661 1421 ostenderit,
677 1359 705 1406 et
726 1352 843 1425 primore
865 1353 892 1407 iu
913 1351 975 1408 loco
997 1349 1077 1408 iidem

127 1435 208 1492 lactat
231 1435 391 1508 scripturae:
414 1449 492 1506 quam
512 1433 576 1491 dum
591 1433 696 1506 feeerit,
712 1436 739 1490 in
755 1435 845 1491 eadem
863 1428 1079 1492 'munificantis⁴

126 1517 250 1592 singulae
266 1533 388 1591 quaeque
409 1534 453 1574 res
468 1521 492 1575 si
507 1519 623 1591 scriptae
637 1517 748 1589 luerint,
764 1536 833 1592 quae
849 1518 994 1588 donantur,
1007 1520 1078 1576 sicut

127 1603 202 1676 leges
214 1601 316 1673 iubent,
330 1601 402 1657 ualet
413 1602 483 1658 lacta
500 1601 632 1658 ’donatioz
643 1595 686 1658 et⁵
696 1603 719 1658 si
731 1619 785 1673 eas,
798 1602 861 1659 dum
873 1604 950 1673 uiuit,
961 1605 988 1658 in
1000 1602 1079 1659 bonis

127 1688 185 1742 suis
200 1685 304 1757 babuit,
326 1695 372 1742 aut
387 1687 445 1743 elus
460 1687 512 1742 iuri
529 1685 572 1741 uei
587 1685 707 1740 dominio
719 1685 919 1758 competebant,
932 1694 979 1739 aut
993 1688 1016 1741 si
1031 1685 1079 1741 lite

128 1778 279 1828 contestata
294 1768 327 1825 de
342 1769 392 1825 bac
417 1769 476 1825 luce
496 1769 663 1841 migrauerit.
694 1766 766 1834 Quae
781 1769 907 1823 uniuersa
923 1767 1037 1840 qualiter
1052 1776 1079 1823 et

129 1853 225 1927 quibus
241 1852 327 1909 modis
348 1852 498 1927 adstruere,
515 1843 688 1906 ’defensarei
703 1851 746 1906 uel
761 1850 917 1906 aduersario
932 1850 1079 1906 diuinitatis

130 1937 228 1992 auxilio
244 1937 372 1990 resistere
387 1933 500 2004 debeas,
520 1932 632 1988 inferius
647 1925 816 1988 ὀοιιῑίιιθηι7
832 1932 974 2006 adscripta.
1003 1930 1032 1990 4.
1048 1933 1079 1989 Et

129 2035 163 2074 nc
178 2018 250 2074 iorte
265 2017 336 2074 dicat
351 2016 462 2073 aduersa
483 2032 555 2089 pars,
567 2016 656 2088 aliqua
671 2015 722 2071 sibi
735 2015 873 2089 principaii
889 2019 1022 2090 rescripto
1034 2026 1080 2073 aut

129 2101 319 2176 praeceptione
335 2099 418 2156 iuissc
433 2116 572 2169 concessa,
585 2098 617 2154 ad
629 2099 709 2154 huius
720 2093 818 2155 ’nonii
830 2102 976 2156 uersutiam
989 2109 1080 2174 potest

129 2184 252 2260 pulsatus
274 2182 360 2239 modis
382 2179 504 2238 omuibus
521 2182 664 2257 replicare,
679 2184 827 2256 principem
843 2199 874 2239 ea
888 2199 995 2258 semper
1010 2184 1081 2241 uelle

130 2267 294 2338 concedere,
323 2282 392 2340 quae
413 2265 518 2340 legibus
540 2267 692 2339 rationique
711 2268 891 2323 conueniunt:
914 2269 975 2341 quia
991 2284 1080 2341 causa,

57 2363 200 2426 [remquae
221 2350 322 2407 nullam
339 2349 371 2408 de
391 2349 497 2423 iegibus
519 2350 634 2406 sortitur
656 2347 817 2414 firmitatem,
841 2351 868 2406 iu
889 2351 1080 2426 praeiudicium

130 2435 242 2490 alterius
259 2451 274 2490 a
289 2435 409 2508 principe
424 2449 479 2489 nou
493 2440 585 2507 potest
606 2449 712 2490 sumere
735 2432 901 2510 lirinitatem3
926 2435 996 2492 siout
1011 2435 1080 2492 idem

129 2517 241 2575 inferius
257 2516 414 2573 declaratur.

214 2598 243 2659 d.
265 2599 363 2656 Petilio
386 2599 559 2670 hereditatis,
582 2602 658 2656 cuius
686 2600 828 2658 deiunotus
851 2601 924 2658 litem
941 2599 1002 2658 ‘nou
1024 2611 1082 2658 erat

14 2669 15 2738 i
132 2715 344 2726 m

204 2775 223 2843 1)
238 2779 255 2830 i.
275 2793 297 2827 e.
316 2783 358 2833 ot:
378 2777 477 2840 alioqui
494 2775 627 2840 legendum
644 2776 717 2837 soret
736 2777 775 2826 oui
794 2777 847 2825 dato
871 2776 951 2837 generi
973 2777 1082 2826 actionis.

133 2845 154 2914 ¹)
169 2848 275 2912 acceptis
288 2847 345 2897 edd.
360 2853 422 2910 post
435 2846 537 2895 induciis
552 2846 638 2908 posito
653 2853 780 2895 commate.
855 2841 876 2911 ³)
892 2845 957 2903 Non,
973 2852 1000 2894 ut
1009 2855 1084 2910 puto,

131 2934 166 2968 eoo
180 2934 228 2982 quo
240 2933 322 2983 penus
336 2918 447 2967 actionis
460 2917 562 2973 editum,
576 2915 622 2964 sed
635 2929 728 2979 expuo
739 2918 771 2964 iis
781 2922 1005 2979 motaetpersono
1020 2918 1082 2983 lepi-

132 2991 193 3038 tima
207 2996 309 3038 ostensa
323 2995 394 3045 erat;
409 2988 468 3036 inde
478 2988 544 3036 enirn
553 2985 667 3036 triduum
676 2987 785 3048 petitori
794 2986 839 3034 dat
849 2985 908 3035 Lem
918 2985 989 3036 Rom.
999 2985 1082 3052 Bury.

132 3059 170 3107 tit.
188 3057 237 3106 XI.
252 3059 351 3107 actioni
364 3059 490 3115 edendae,
504 3063 533 3105 ut
546 3071 597 3106 non
611 3058 649 3104 ito
662 3056 741 3104 edens
754 3057 822 3104 litem
831 3056 942 3118 perdam
961 3058 1029 3120 quod
1042 3059 1084 3107 ins

128 3134 189 3192 post
204 3126 266 3178 Noe.
287 3127 416 3179 Valentia.
431 3139 457 3179 τε
471 3126 539 3193 (Lib.
554 3125 591 3175 II.
606 3127 644 3175 tit.
662 3123 812 3191 XXXIV.)
826 3127 848 3186 θ.
860 3137 893 3176 14.
908 3141 955 3174 usa
970 3129 1009 3175 vel
1023 3142 1083 3176 eon·

131 3199 263 3247 stitutione
277 3196 378 3246 videtur
392 3198 574 3247 introductum.
601 3195 673 3245 Idem
686 3211 746 3246 vero
761 3196 874 3245 triduum
887 3196 1008 3245 inducias
1022 3211 1083 3260 qno-

132 3284 148 3332 q
166 3265 343 3331 eproestabat
356 3282 414 3325 reo,
428 3273 457 3315 ut
470 3274 562 3331 quarto
576 3267 673 3315 demum
687 3267 729 3316 die
743 3265 917 3329 responderet.
946 3265 1009 3314 Alia
1019 3281 1083 3329 pro·

132 3337 194 3387 bant
208 3337 319 3400 liudors.
336 3336 460 3387 Zeitacbr.
478 3335 557 3385 XIII.
568 3351 597 3399 p.
611 3346 645 3388 so.
680 3336 809 3400 Wiedinp.
824 3334 981 3398 Libeiiproc.
992 3351 1020 3398 p.
1035 3346 1083 3386 eso.

133 3405 155 3471 ⁴)
170 3407 331 3457 munificentia
345 3407 401 3458 edd.
427 3406 487 3456 Vid.
502 3405 544 3454 Du
561 3406 645 3471 Canpe
659 3421 679 3456 s.
696 3422 717 3458 o.
733 3405 890 3469 munificare.
957 3402 978 3469 ὅ)
994 3405 1084 3455 Malim

132 3477 228 3526 donatio
243 3479 283 3526 ito.
335 3473 356 3542 ο)
372 3477 496 3526 deleusore
510 3476 568 3526 edd.
620 3473 640 3541 7)
652 3477 805 3542 eontinentur
819 3476 876 3525 edd.
933 3472 954 3541 Β)
971 3475 1034 3526 Por.
1049 3487 1083 3528 tt.

132 3547 187 3595 maii
202 3546 265 3596 Par.
280 3559 313 3598 tt.
332 3547 414 3614 Pupp.
