2672 4112
266 265 307 324 36
609 269 636 302 n.
655 267 766 303 nnuma
784 265 885 302 oroneo.

266 403 320 456 uim
335 396 585 471 turpitudinemque
598 393 745 450 uitiorum?
767 391 840 464 quod
859 394 924 446 item
945 390 978 446 ad
993 391 1155 448 eontrarium
1169 389 1228 446 iau·

265 485 327 539 dem
346 483 374 538 in
395 482 525 537 uirtutem
544 479 597 534 diei
617 486 718 550 potest.
753 471 798 534 62.
820 475 972 546 Postremo,
996 477 1019 530 si
1034 481 1148 548 propter
1161 473 1228 530 alias

266 583 310 622 res
325 568 413 622 uirtus
428 565 573 638 expetitur,
589 561 686 618 meiius
701 575 761 615 esse
773 559 875 633 aliquid
886 575 965 631 quam
976 560 1105 614 uirtutem
1117 573 1228 614 neeesse

265 658 322 708 est:
338 651 512 724 pecuniamne
526 648 613 720 igitur
628 662 662 701 an
677 645 795 700 honores
810 659 844 698 an
860 643 972 698 sormam
988 658 1022 698 an
1036 641 1228 698 ualitudinem?

266 751 335 807 quae
357 741 395 803 et,
417 747 499 804 quom
521 730 630 798 adsunt,
650 744 783 802 perparua
797 735 872 798 sunt,
894 735 930 790 et,
947 742 1027 799 quem
1041 724 1088 780 diu
1103 724 1229 780 adiutura

266 820 332 890 sint,
347 825 451 873 eertum
465 816 529 871 soiri
544 813 620 869 nuiio
635 813 716 868 modo
731 819 839 884 potest3
856 827 900 881 an,
916 809 942 866 id
958 809 1031 883 quod
1042 811 1228 882 turpissimum

267 901 340 958 diotu
362 909 415 970 est,
437 897 624 971 uoluptatem?
646 903 671 950 at
693 897 720 951 iu
743 912 774 951 ea
797 894 905 968 quidem
927 892 1126 967 spernendam
1148 907 1229 966 repu-

266 985 361 1041 dianda
377 985 464 1038 uirtus
480 981 524 1037 uei
539 981 652 1036 manime
667 981 799 1035 oernitur.

330 1083 383 1140 Sed
398 1081 532 1164 uidetisne
547 1089 648 1154 quanta
663 1081 747 1135 series
762 1095 852 1134 rerum
875 1080 1124 1150 sententiarumque
1138 1078 1175 1132 sit
1190 1083 1229 1132 at·

267 1186 319 1244 que
340 1176 372 1224 ut
392 1183 425 1222 ex
445 1165 499 1222 aiio
519 1165 569 1220 alia
589 1163 753 1220 nectantur?
775 1165 839 1236 quin
860 1161 968 1220 labebar
982 1162 1099 1235 longius,
1121 1162 1229 1216 nisime

266 1254 448 1309 retinuissem.

329 1351 384 1407 XX.
408 1349 441 1417 Q.
466 1348 524 1418 Quo
547 1349 672 1406 tandem?
694 1345 820 1402 lubenter
842 1348 924 1420 enim,
946 1345 1039 1417 irater,
1062 1343 1135 1420 quod
1150 1345 1230 1400 istam

269 1438 430 1504 orationem,
445 1443 535 1490 tecum
551 1432 717 1506 prolaberer.

330 1535 372 1592 M.
395 1533 435 1590 Ad
457 1526 724 1600 finem¹.bonorum,
746 1546 800 1602 quo
823 1529 980 1586 referuntur
1006 1537 1034 1585 et
1055 1528 1154 1601 quoius
1174 1531 1230 1602 api·

205 1629 208 1636 '
267 1618 359 1676 scendi
371 1634 451 1676 eausa
463 1625 527 1672 sunt
538 1613 660 1683 iacienda
676 1615 775 1684 omnia,
790 1621 996 1670 controuersam
1009 1629 1068 1668 rem
1083 1621 1111 1668 et
1125 1612 1231 1686 plenam

267 1703 443 1760 dissensionis
458 1703 531 1758 inter
544 1698 727 1769 doctissimos,
743 1697 791 1754 sed
805 1696 950 1770 aliquando
963 1698 1017 1754 iam
1031 1695 1209 1754 iudicandam

329 1797 376 1860 68.
397 1802 431 1858 Α.
455 1800 507 1869 Qui
521 1801 591 1856 istuc
606 1797 664 1854 fieri
678 1804 772 1872 potest
786 1796 814 1852 L.
830 1797 917 1854 Gellio
931 1797 1057 1854 mortuui

335 1901 376 1959 M.
400 1900 468 1969 Quid
483 1900 591 1957 taudem
606 1899 634 1955 id
649 1899 681 1954 ad
696 1899 771 1954 rem?

331 2004 365 2059 A.
390 2001 520 2070 Quoniam
535 2001 647 2056 Athenis
663 2000 754 2055 audire
769 2016 802 2055 ex
816 1999 937 2055 Phaedro
953 2015 1012 2055 meo
1028 1998 1146 2069 memini,
1169 1996 1230 2053 Gel-

268 2088 342 2158 lium,
359 2085 515 2143 familiarem
530 2093 618 2156 tuum,
634 2099 715 2156 quom
730 2100 780 2157 pro
796 2083 908 2140 consule
922 2097 954 2138 ex
969 2091 1094 2156 praetura
1108 2083 1137 2138 in
1151 2081 1232 2138 Grae·

269 2173 335 2228 eiam
351 2171 470 2226 uenisset
485 2166 636 2242 (essetique
656 2167 778 2234 Athenis,
799 2167 988 2241 philosophos,
1010 2169 1128 2239 quitum
1144 2174 1231 2236 erant,

268 2255 407 2310 inlocum
430 2269 513 2308 unum
535 2267 701 2308 conuoeasse
723 2252 844 2324 ipsisque
866 2266 964 2324 magno
988 2265 1070 2322 opere
1093 2259 1231 2306 auctorem

269 2337 364 2398 fuisse,
379 2335 568 2407 utaliquando
585 2336 831 2390 controuersiarum
848 2334 963 2407 aliquem
975 2333 1095 2390 iacerent
1105 2332 1231 2388 modum:

269 2419 343 2494 quod
358 2421 382 2475 si
402 2426 494 2474 essent
517 2434 550 2474 eo
566 2419 665 2487 animo,
687 2426 719 2474 ut
739 2418 845 2474 nollent
859 2425 974 2473 oetatem
989 2419 1017 2473 in
1032 2417 1123 2473 litibus
1139 2425 1231 2474 conte·

268 2519 340 2574 rere,
362 2518 444 2576 posse
458 2517 515 2557 rem
536 2501 693 2570 conuenire,
716 2509 744 2557 et
765 2502 846 2558 simui
868 2517 977 2574 operam
999 2516 1074 2557 suam
1096 2501 1150 2556 iliis
1171 2517 1231 2557 esse

269 2586 432 2661 pollicitum,
448 2587 471 2641 si
486 2593 580 2659 posset
594 2585 666 2640 iuter
681 2601 728 2641 eos
743 2585 844 2659 aliquid
858 2587 1014 2642 conuenire.

332 2687 373 2744 M.
396 2685 516 2742 ioculare
531 2687 602 2742 istuo
617 2684 734 2758 quidem,
750 2685 892 2759 Pomponi,
908 2694 935 2741 et
952 2703 967 2741 a
981 2685 1073 2742 multis
1088 2701 1169 2760 saepe
1184 2685 1230 2740 de-

269 2773 368 2828 risum:
384 2769 431 2826 sed
447 2787 498 2842 ego
514 2768 593 2844 plane
608 2769 707 2826 uellem
722 2785 764 2825 me
780 2769 908 2826 arbitrum
923 2771 994 2826 iuter
1015 2771 1152 2844 antiquam
1167 2773 1232 2826 doa-

271 2855 382 2910 demiam
400 2861 427 2909 et
441 2853 575 2910 Zenonem
590 2853 692 2912 datum.

333 2956 367 3012 Α.
391 2953 448 3021 Ouo
464 2954 573 3011 tandem
587 2956 660 3010 istuo
673 2951 775 3010 modo?

333 3055 373 3112 M.
397 3053 463 3121 Quia
484 3055 518 3111 de
538 3071 570 3111 re
592 3071 644 3110 una
665 3053 755 3110 solum
774 3053 923 3126 dissident,
947 3053 980 3110 de
1002 3053 1100 3111 ceteris
1122 3053 1233 3111 mirifice

270 3147 434 3213 congruunt.

333 3240 367 3297 A.
390 3241 440 3295 Ain
455 3238 582 3294 tandem?
597 3253 685 3292 unane
699 3244 743 3292 est
757 3237 846 3293 solum
861 3237 1012 3294 dissensio?

332 3336 379 3399 54,
401 3338 441 3399 M.
464 3337 536 3406 Quae
552 3337 659 3410 quidem
674 3337 707 3392 ad
722 3353 778 3393 rem
792 3339 938 3411 pertineat,
954 3355 1021 3396 una:
1038 3341 1139 3413 quippe
1151 3355 1232 3412 quom

270 3425 374 3496 antiqui
395 3439 486 3494 omne,
507 3421 582 3494 quod
597 3421 744 3477 seeundum
760 3430 883 3479 naturam
904 3431 988 3495 esset,
1011 3439 1065 3498 quo
1080 3425 1235 3479 iuuaremur

273 3537 472 3548 -Μ

344 3585 365 3652 ¹)
384 3592 439 3634 tacu
453 3585 529 3634 addit
540 3581 571 3634 B.
