2684 4112
260 192 328 258 432
432 205 551 245 carrion
564 205 713 246 scurrone
727 190 760 260 (i)
773 207 813 244 ra.
828 206 931 244 oosrrra.
948 194 988 245 15.
1005 196 1046 246 li.

195 330 198 337 ’
261 355 395 398 annorum
417 329 520 409 aetas,¹
542 345 573 394 ut
592 343 687 412 postea
707 335 804 394 iterum
825 337 912 412 possit
933 337 1051 394 uindicta
1072 337 1116 395 uel
1130 345 1214 397 testa-

264 432 356 480 mento
371 421 521 478 manumitti
537 429 564 478 et
579 421 647 480 ciuis
661 421 796 478 Romanus
811 419 880 480 fieri.

326 503 369 564 tt.
392 505 487 562 iiulier
501 505 558 562 sine
574 507 673 562 tutoris
688 504 848 562 auctoritate
862 521 917 562 non
933 513 1025 580 potest
1034 501 1133 581 '(inter
1143 511 1212 566 ami·

263 607 314 650 cos
334 583 547 659 manumittere)
555 581 580 658 ‚²
604 589 656 645 nisi
676 589 719 645 ius
743 587 889 646 liberorum
913 588 1016 649 habeat.
1052 597 1117 648 tunc
1141 593 1213 649 enirn

262 667 358 755 (nei)³
373 673 491 730 uindicta
511 674 569 729 sine
587 679 680 728 tutore
700 663 881 750 ’(anctore)⁴
901 682 992 747 potest
1014 675 1292 738 manumitterentur

263 759 335 818 nude
349 759 373 816 si
386 756 483 814 mulier
497 755 592 812 absens
604 755 717 812 liberum
730 773 790 813 esse
802 757 921 829 iusserit,
933 773 1001 831 quae
1013 759 1055 814 ius
1066 757 1212 816 liberorum

262 855 317 900 non
338 841 448 912 habam,
470 841 621 916 quaesitum
641 847 698 912 est,
718 839 761 898 ’en
780 838 903 898 Latinum
925 836 1021 898 tanati
1041 849 1133 898 tutore
1153 845 1212 900 eius

262 927 451 984 auctoritatem
466 922 684 980 accommodante
698 940 731 980 eo
748 931 880 998 tempore,
891 941 945 998 quo
958 925 1073 998 epistola
1085 924 1213 983 scribitur

262 1026 343 1069 seruo
358 1025 372 1067 a
387 1008 510 1065 domina?
538 1005 656 1064 lulianus
672 1015 769 1082 negem
790 1008 924 1065 existimat
938 1010 1023 1079 enini,
1040 1024 1073 1065 eo
1089 1018 1211 1083 ternpore

261 1093 360 1152 debere
375 1093 563 1150 anctoritatem
577 1093 717 1164 pransuri,
729 1107 783 1165 quo
795 1103 934 1166 peragitur
945 1094 1133 1162 manumissi03
1147 1102 1212 1151 tunc

261 1185 350 1236 eutem
361 1176 453 1251 peragi
468 1166 614 1248 intellegi‚⁶
624 1191 685 1232 curn
697 1191 794 1232 seruus
806 1177 967 1250 cognouerit
978 1175 1101 1233 dominae
1113 1176 1211 1234 uniun-

261 1271 353 1319 tatem.
390 1259 443 1318 Sed
463 1258 587 1316 Neratius
608 1257 714 1316 Priscus
734 1257 846 1332 probat,
867 1258 1019 1316 libertatem
1040 1275 1122 1318 seruo
1138 1277 1210 1317 conr·

260 1353 370 1420 petere3
399 1339 524 1398 sufficere
546 1343 632 1414 eninr,
662 1341 769 1416 quando
791 1341 904 1416 epistola
926 1341 1066 1416 scribitur,
1090 1343 1210 1401 adhiberi

254 1427 447 1486 'auctoritatem
463 1426 571 1482 tutoris.
609 1427 686 1482 cuius
700 1427 834 1482 sententia
848 1434 877 1483 et
890 1428 1086 1484 constitutione
1100 1427 1209 1502 ’pnoei-

259 1503 331 1586 pali⁷
347 1506 501 1568 confirmata
515 1516 567 1566 est.

322 1591 369 1652 lu.
392 1592 504 1650 Seruum
519 1593 626 1667 pignori
639 1593 730 1650 datum
746 1593 832 1650 ciuem
843 1593 992 1651 Romanum
1002 1593 1088 1652 iacere
1103 1594 1210 1651 debitor

260 1695 315 1735 non
341 1683 449 1753 potest,
471 1667 670 1756 '(9eneralitar
691 1677 842 1751 obtinatnm
862 1671 1000 1751 potest),⁸
1019 1679 1070 1735 uisi
1091 1679 1115 1734 si
1138 1679 1210 1734 forie

258 1829 471 1842 --———-—

258 1929 343 1976 minor
357 1939 437 1976 causa
450 1925 521 1988 apud
534 1925 668 1975 consilinm
682 1922 795 1987 probata
808 1925 977 1974 manumissus
993 1926 1035 1976 sit.
1063 1924 1116 1976 sect
1132 1926 1160 1974 in
1178 1941 1210 1978 ea

257 2012 339 2047 cansa
353 2011 403 2046 non
413 1995 526 2059 probata
540 2010 592 2064 nna
606 2001 664 2044 erat
676 2009 764 2043 earnm
778 2008 927 2056 cansarum,
946 2010 980 2044 ea
994 1995 1084 2060 quibas
1098 2003 1209 2060 praetor

259 2067 400 2118 libertatem
413 2081 464 2116 nan
478 2065 609 2125 tuebatur,
628 2065 660 2114 de
674 2063 764 2128 quihus
778 2066 865 2115 causis
878 2072 971 2116 anetae·
986 2073 1080 2130 postea
1092 2067 1208 2130 disputa-

257 2145 333 2188 turus
346 2144 404 2187 erat
417 2134 451 2202 (5.
466 2134 497 2202 8).
555 2133 622 2202 1)τη
637 2135 787 2202 eieuiieoaa
806 2134 836 2185 V.
856 2126 1047 2201 ἐλευθερίαις.
1062 2158 1096 2180 ε-
1110 2137 1207 2186 libertas

256 2207 285 2258 S.
296 2208 353 2260 edd.
376 2206 429 2258 Sed
442 2213 591 2270 correptam
605 2207 671 2256 iilud
683 2213 722 2254 eet
731 2221 766 2256 ea
777 2197 800 2256 λ’
812 2197 883 2257 ἐτῶν
896 2198 999 2272 ἡλικία,
1010 2213 1145 2272 postquam
1155 2221 1207 2270 pra

257 2286 323 2328 aetas
341 2279 467 2341 scriptum
485 2283 543 2326 erat
560 2277 639 2326 iibtas.
674 2275 732 2326 Nisi
747 2275 818 2340 forte
835 2277 894 2326 uitii
910 2277 1036 2342 originem
1056 2279 1084 2326 in
1100 2276 1208 2328 Graecis

257 2362 385 2413 quaerens
398 2348 534 2396 emendare
552 2347 645 2396 maaim
662 2339 684 2396 λ’
700 2361 748 2411 ean
762 2346 905 2416 eieuieogo
919 2367 953 2390 ιι
967 2345 1068 2413 (tentum
1081 2347 1138 2412 hoc)
1151 2362 1207 2411 pro·

257 2425 313 2467 snm
326 2431 381 2468 xxx
395 2416 449 2466 anni
464 2417 557 2466 liberto.
589 2414 695 2466 Omnino
709 2417 743 2480 cf.
759 2419 782 2479 ξ.
798 2429 831 2469 it.
859 2417 905 2468 hoa
919 2416 941 2466 ei
955 2417 1065 2480 procedit
1078 2418 1206 2467 manumis-

257 2488 326 2537 sione
340 2486 445 2538 Lanam.
460 2486 507 2536 seri
519 2484 657 2536 absurdam
671 2493 710 2535 est
722 2487 819 2547 dicere,
832 2489 1060 2547 manumissionem,
1075 2503 1140 2553 quae
1153 2488 1206 2538 La·

256 2559 338 2608 tinum
353 2556 434 2620 facit,
456 2556 522 2606 nihil
542 2557 652 2619 amplius
671 2556 788 2620 efficere,
809 2573 883 2622 qaam
902 2563 930 2608 nt
950 2559 1017 2608 idem
1035 2559 1154 2610 iteranda
1172 2557 1208 2608 aci

256 2628 385 2678 ciuitatem
406 2625 546 2676 Romanam
561 2627 675 2690 perduci
692 2629 785 2690 poerit.
825 2627 920 2678 Veram
939 2643 1040 2680 sensam
1060 2629 1206 2679 emendatae

256 2697 375 2748 lectionis
388 2695 480 2748 docent
498 2695 553 2760 tup.
568 2707 593 2755 a,
607 2709 628 2748 a.
660 2696 851 2756 Gai.1,1t.18.
917 2695 1018 2765 ¹)Edd.
1037 2701 1120 2749 minus
1137 2705 1206 2750 reaia

255 2783 304 2819 om.
319 2767 380 2816 inter
394 2767 491 2817 amieos.
543 2763 563 2833 ⁸)
577 2766 713 2831 Suppieai:
726 2770 844 2818 omasum
858 2768 889 2819 ab
902 2783 1010 2834 aequem
1023 2769 1147 2820 uindicta

257 2835 279 2904 ⁴)
297 2836 427 2900 nappaeae.
500 2833 522 2903 ³)
541 2837 604 2888 Post
622 2837 751 2904 sinoncort
773 2839 803 2890 V.
826 2838 902 2890 nabet
918 2855 1001 2892 nocco
1018 2856 1037 2906 η
1055 2861 1089 2884 ι-
1106 2837 1153 2889 hoc
1166 2852 1205 2889 sn.

255 2905 363 2958 Scilicet
375 2922 489 2976 annana
508 2911 630 2958 remansit
643 2911 683 2958 ael
693 2909 793 2972 factam
811 2915 849 2959 est
866 2923 901 2959 erc
919 2925 984 2962 -soa
997 2907 1074 2978 ποιῇ,
1088 2909 1206 2962 ericaeu-

255 2993 316 3029 nero
337 2979 420 3042 periit
437 2985 548 3043 propter
570 2979 761 3030 similitudinem
781 2980 955 3031 antecedentia
976 2973 1126 3047 ἒζ-ητηται.
1160 2977 1206 3030 Sic
1228 2993 1231 2998 ·

255 3048 419 3098 Lacimaani
432 3051 581 3100 coniectura
595 3052 770 3114 confirmatae.
820 3046 842 3116 ο)
855 3065 963 3102 sosanna
982 3050 1013 3101 V.
1027 3049 1054 3101 S.
1065 3065 1118 3115 pra
1131 3051 1206 3102 νοεῖ·

254 3119 334 3178 σθαι,
348 3125 376 3169 at
385 3119 450 3169 uidit
458 3118 594 3186 Seiittina.
618 3119 704 3170 Antea
714 3135 770 3170 cum
781 3119 868 3172 Ouiae.
878 3135 931 3185 pro
941 3122 1004 3172 enim
1012 3122 1111 3185 scrinei
1119 3126 1205 3170 autern.

257 3186 278 3253 ¹)
297 3189 418 3240 Librarii
436 3181 656 3258 αὖτοκρατορικῇ
679 3197 811 3242 uerterunt
829 3190 990 3255 imperatoria.
1055 3188 1076 3257 Β)
1095 3190 1207 3242 Addidit

254 3259 394 3326 Deraburg
413 3260 575 3325 Psandmcit
591 3259 629 3310 ΙΙ.
644 3275 673 3324 p.
688 3272 721 3314 14.
741 3261 817 3326 idque
837 3262 900 3312 mini
917 3264 999 3328 manis
1012 3264 1113 3327 piacet,
1132 3275 1206 3326 qnam

254 3332 324 3396 qaod
341 3332 399 3382 edd.
414 3344 434 3382 1.
449 3342 471 3383 s.
489 3333 659 3394 scripseram:
677 3330 826 3382 Generaliter
847 3346 941 3383 serrum
955 3347 979 3397 p.
994 3333 1017 3383 o.
1032 3349 1054 3383 c.
1070 3333 1097 3384 R.
1112 3333 1127 3384 i.
1143 3332 1167 3384 d.
1183 3345 1205 3380 a.

253 3408 347 3469 potest,
365 3402 386 3451 si
406 3402 466 3450 torte
485 3409 545 3460 eto,
564 3401 610 3451 iiio
624 3401 766 3463 generaliter
779 3403 841 3452 inde
853 3403 959 3467 effecto,
973 3403 1042 3468 qaod
1060 3402 1091 3454 V.
1105 3417 1136 3452 eo
1149 3403 1206 3452 toea

252 3471 328 3522 nabet
348 3486 374 3522 ea
395 3492 428 3514 =
450 3471 471 3520 si
492 3469 545 3538 (sed
568 3472 685 3521 omissum
702 3470 741 3539 S.)
764 3473 833 3538 quad
850 3488 885 3524 en
908 3487 940 3526 es
959 3487 1052 3541 nes-es
1072 3485 1207 3536 sunmerso

252 3548 327 3592 ratae
340 3556 419 3592 eram.
