2694 4110
262 213 322 279 852
412 231 468 266 vm.
484 228 587 264 cvrvsn.
603 228 687 263 rvsnc.
703 227 886 263 consverarro.
902 209 960 263 VII.
976 215 1054 264 3-8,

262 370 289 416 et
300 367 394 416 contra
409 358 511 414 iudices
527 358 602 414 licuit
614 355 741 428 iudicare)
753 365 799 412 aut
813 358 836 412 si
847 358 883 412 ita
896 365 1070 426 conuenerat,
1083 364 1113 412 ut
1124 357 1218 414 iurlicil

262 442 398 500 uinculum
421 433 609 497 soluereturi¹
644 437 672 497 8.
696 438 767 513 Ergo
790 442 878 513 pactio
902 441 958 514 ipsa
980 439 1070 496 iudicii
1093 440 1217 498 ordinem

261 535 288 583 et
304 527 527 582 constitutionem
542 521 668 580 'infirmat
689 518 785 596 atque²
800 523 935 598 discingit,
960 523 1033 596 quorl
1050 532 1138 579 tamen
1160 541 1216 581 non

261 609 430 685 paciscendo,
443 608 491 665 sed
507 608 632 665 donando
648 605 706 663 lieri
722 607 865 680 potuisset,
883 606 1031 664 secundum
1053 609 1216 664 sententiam

261 693 347 750 Paulli
369 694 489 763 iuridici,
519 695 596 748 culus
623 692 770 747 sententias
793 692 1034 747 sacratissimorum
1063 689 1217 765 principum

262 779 328 835 scita
343 794 449 850 semper
465 774 603 847 uenturas,
619 775 659 832 ’ac
674 773 770 830 (liualis
786 768 972 844 constituti0,³
988 769 1162 832 'declarant.⁴

345 857 375 916 4.
397 860 482 916 Paulli
497 868 612 916 sentent.
629 858 648 915 l.
664 857 709 914 lib.
729 852 794 935 (tit.)
811 857 843 913 de
859 867 928 931 pact.
939 852 964 912 :⁵

304 945 357 1002 Nec
372 954 466 1000 contra
481 944 565 1018 leges,
578 959 629 999 nec
639 951 733 999 contra
743 941 830 998 honos
842 958 930 998 mores
943 938 1042 1018 pacisci
1059 959 1214 1016 possumus.

344 1025 371 1084 δ.
395 1027 459 1084 ltem
475 1027 535 1083 eotl.
553 1027 598 1083 lib.
616 1035 643 1082 et
659 1017 737 1082 tit.:⁰

304 1113 414 1168 Pactum
430 1121 522 1169 contra
538 1112 579 1167 ius
595 1117 641 1166 aut
657 1109 867 1166 constitutiones
883 1117 927 1164 aut
941 1108 968 1164 S.
981 1107 1010 1166 C.
1023 1111 1214 1184 interpositum

304 1195 370 1252 nihil
386 1197 515 1251 momenti
529 1193 618 1251 habet.

347 1273 375 1347 6,
398 1279 462 1335 ltem
480 1295 511 1333 ex
527 1293 641 1352 corpore
656 1275 739 1332 Paulli
755 1276 788 1332 de
804 1283 872 1350 pact.
889 1285 917 1332 et
932 1269 1109 1334 conuentis:⁷

304 1364 370 1419 Post
383 1379 440 1417 rem
454 1362 595 1418 iudicatam
616 1369 733 1435 paetum,
755 1361 806 1417 nisi
826 1359 980 1416 donationis
1002 1377 1080 1417 carisa
1096 1363 1215 1436 interpo-

305 1455 393 1516 natur,
409 1447 512 1501 sernari
528 1462 582 1502 nou
597 1437 748 1518 'oportet.⁸

346 1525 372 1588 i.
396 1527 527 1602 intelligis
543 1537 703 1584 memoratae
725 1529 854 1601 pactionis
874 1529 1095 1584 constitutionem
1111 1528 1216 1586 iuridici

232 1604 237 1614 '
263 1615 380 1672 auctoris
395 1614 537 1668 sententiis
555 1605 701 1669 'uacuam.⁹
724 1609 801 1682 Quin,
815 1613 933 1684 inquam,
946 1610 1060 1668 ulterius
1075 1614 1216 1685 requiren·

263 1699 344 1756 ‹luntl
374 1697 442 1754 llicit
463 1713 523 1770 pars
539 1696 664 1752 aduersa:
687 1693 771 1751 ‘Paeti
786 1711 879 1752 sumus
894 1695 979 1751 libero
1002 1695 1121 1766 arbitrio,
1137 1696 1216 1752 nullo
1229 1713 1285 1762 [rto]

263 1784 387 1858 cogentis
410 1783 535 1856 imperio,
550 1772 667 1836 ’sicut¹⁰
682 1777 760 1834 bonis
776 1777 895 1834 moribus
911 1771 1087 1837 ’consonat.¹¹
1111 1777 1139 1834 Si
1154 1795 1215 1835 cer·

264 1875 332 1940 tum,
347 1882 402 1922 non
414 1874 507 1922 contra
519 1865 570 1920 'ius
582 1877 644 1920 esse
656 1870 708 1920 aut
717 1855 742 1896 ¹²
753 1871 863 1918 senatus
875 1863 1008 1936 consulta,
1020 1877 1087 1936 quae
1098 1861 1216 1920 iudicata

263 1959 327 2008 sunt
342 1951 431 2024 prius,
455 1949 561 2006 ellectui
583 1947 789 2004 contradantur:
813 1940 887 2003 'at¹³
909 1947 943 2003 de
966 1947 1019 2018 his,
1041 1963 1109 2020 quae
1131 1947 1213 2004 alter-

264 2036 360 2092 cationi
377 2049 521 2106 superesse
536 2041 697 2102 noscuntur,
715 2031 759 2086 'sit
775 2031 873 2104 dignus
883 2023 908 2063 ¹⁴¹
931 2047 961 2088 ac
975 2030 1071 2105 legalis
1087 2047 1216 2088 numerus

263 2117 389 2188 iudicum,
414 2118 460 2189 qui
483 2125 579 2173 cuncta
601 2115 681 2172 'latae
703 2116 854 2171 sententiae
875 2107 1096 2170 moderatione¹⁵
1117 2114 1216 2172 discin-

264 2201 333 2276 gat?
344 2195 368 2234 ¹⁶
404 2199 433 2256 8.
449 2199 527 2256 Certe
542 2201 565 2255 si
581 2215 691 2256 necesse
707 2207 759 2271 est,
775 2199 882 2254 rusticis
898 2198 1080 2272 improbisque
1096 2199 1215 2256 moribus

264 2285 364 2359 aliquid
380 2283 493 2356 amplilis
509 2281 644 2353 satisfieri,
660 2285 710 2356 ipsi
726 2283 796 2355 duo,
812 2298 880 2355 quos
896 2282 1015 2356 praelata
1030 2283 1151 2339 carthola
1166 2299 1215 2340 no·

259 2435 404 2498 petentibus
419 2433 601 2498 litigatoribus,
616 2448 667 2496 per
680 2434 811 2499 delepatos
824 2433 931 2492 iudices,
946 2449 1054 2496 quorum
1066 2442 1118 2484 tum
1132 2436 1216 2485 rnaior

262 2519 384 2554 numerus
398 2506 520 2554 constitui
533 2503 637 2554 solebat.
671 2503 729 2554 Vid.
746 2505 835 2568 Proef.
894 2501 913 2568 ¹)
928 2503 996 2553 Eud,
1011 2513 1138 2564 einricus,
1153 2520 1216 2569 quos

259 2576 401 2642 posuimus,
412 2576 568 2639 etinterrop.
578 2575 679 2639 sipnuna
690 2576 819 2638 ipnorani.
858 2569 879 2640 ¹)
890 2573 934 2624 Ea
942 2574 1060 2640 Puppuei
1069 2578 1102 2638 ej.
1112 2577 1216 2625 infirmat

264 2660 324 2708 quae
339 2645 396 2693 edd.
461 2641 483 2708 3)
498 2645 515 2692 i.
531 2659 552 2694 e.
563 2645 673 2708 perinde
687 2659 719 2694 aa
733 2645 828 2694 divalis
842 2646 990 2696 constitutio
1007 2643 1115 2710 (semper
1128 2643 1214 2711 ualet).

269 2716 328 2766 Vid.
342 2715 446 2764 Handii
463 2713 570 2765 Turseli.
585 2714 646 2779 Lp.
661 2726 708 2768 470.
740 2713 809 2776 Quae
825 2721 939 2778 potestas
954 2718 1102 2780 particulae
1121 2731 1148 2765 ac
1163 2733 1215 2766 non

260 2802 391 2852 perpenso
411 2787 509 2849 effecit,
531 2793 558 2836 ut
578 2787 651 2835 uarie
672 2787 699 2834 in
720 2785 767 2836 Itoc
788 2788 844 2836 ioco
863 2787 1058 2850 interpretando
1079 2794 1215 2836 erraretur

264 2857 399 2923 (Zeiiseitr.
412 2858 434 2919 f.
447 2857 533 2922 pesclu.
550 2856 621 2906 RW.
636 2855 714 2905 XIII.
726 2871 754 2920 p.
765 2867 798 2908 tto.
809 2855 855 2920 tt).
879 2855 931 2906 Nec
945 2872 1006 2906 uero
1021 2857 1091 2906 discit
1104 2856 1213 2906 diualem

265 2927 475 2985 constitutionem,
490 2929 632 2991 quiaipsae
643 2927 803 2977 Constantini
812 2934 836 2976 et
849 2925 1023 2996 Theodosii'et
1037 2927 1216 2977 Valentiniani

263 2999 331 3062 lepes
345 2995 387 3059 (L.
403 3007 423 3045 2.
438 3009 459 3048 s.
478 2997 521 3048 Tit.
539 2997 564 3048 0.
579 2997 610 3046 de
624 3011 691 3060 resp.
707 2998 787 3060 prud.
802 3009 822 3055 t,
837 2995 859 3063 a)
878 2997 927 3047 noo
946 2997 1145 3060 additamentum
1163 3013 1215 3047 non

264 3066 435 3118 continebant.
468 3067 583 3131 Denique
604 3067 689 3116 diualis
707 3069 732 3115 ei
753 3074 791 3116 est
811 3067 920 3117 diuorum
941 3069 1087 3132 principum,
1109 3084 1217 3133 quorum

264 3139 458 3192 constitutiones
472 3139 499 3186 in
517 3137 653 3187 (lodicibus
667 3137 871 3188 continebantur.
944 3136 967 3204 ⁴)
982 3139 1087 3188 declarat
1102 3140 1166 3188 Par.
1181 3150 1215 3190 tt.

264 3208 520 3260 deelarauitPar.ss.
573 3205 666 3274 15)Ι.ι.
682 3210 705 3272 5.
720 3221 741 3262 4.
794 3205 974 3272 ⁶)I.1.§.a⁸.
1050 3207 1216 3276 ⁷)L1.§.s.

265 3277 344 3345 ³)an
360 3279 434 3328 Paul.
446 3281 504 3343 epit.
516 3286 595 3343 potest
608 3279 665 3330 edd.
716 3275 737 3345 ⁹)
753 3279 843 3330 Malim
856 3281 961 3330 uacuari.
1014 3276 1048 3346 ¹⁰)
1063 3281 1106 3328 tihi
1117 3287 1140 3328 et
1151 3280 1215 3331 Par.

263 3361 296 3400 tt.
316 3351 362 3398 sibi
378 3350 441 3399 Par.
457 3363 490 3402 stt.
557 3347 589 3414 ¹¹)
604 3357 697 3400 constat
711 3351 768 3400 edd.
836 3347 869 3415 ¹²)
884 3351 948 3400 iussa
963 3357 988 3400 et
1001 3351 1059 3401 edd.
1086 3349 1219 3414 Scriptum

260 3421 516 3482 fueramiesscent.
571 3417 604 3486 18)
619 3428 643 3470 et
657 3421 714 3470 edri.
768 3417 800 3486 ¹⁴)
815 3422 846 3470 sit
860 3421 952 3483 dignius
968 3422 1032 3471 Par.
1043 3433 1076 3472 77.
1096 3422 1117 3470 si
1132 3421 1218 3482 dignus
1284 3447 1290 3456 -

264 3489 327 3538 Par.
342 3500 376 3540 so,
444 3487 475 3554 ¹⁶)
490 3491 536 3540 lata
555 3491 672 3540 sententis
691 3491 812 3540 moderata
831 3493 922 3540 ratione
938 3493 1001 3541 Par.
1016 3503 1049 3544 77.
1071 3491 1153 3556 Pupp.
1170 3492 1218 3540 lata

262 3559 378 3606 sententia
393 3560 555 3609 moderatione
571 3560 634 3610 Par.
650 3571 683 3612 tu.
744 3558 776 3626 ¹⁰)
790 3560 872 3626 Sipna
886 3563 987 3612 citandi
1000 3577 1046 3612 nos
1060 3563 1218 3612 addidimus.
