2678 4116
433 255 492 292 oon
510 257 608 298 morto.
627 240 648 294 Ι.
668 245 808 296 ton-165.
1042 243 1105 308 213

135 397 229 454 ruerit.
251 391 480 455 102.}iinimocst
493 401 591 473 capitis
603 399 755 472 diminutio,
768 415 828 458 cum
841 409 869 457 ot
881 402 977 458 ciuitas
985 409 1012 458 et
1024 400 1105 459 liber-

134 493 177 540 tas
192 483 338 554 retinetur,
355 483 403 538 nod
419 491 505 540 rtotus
521 484 640 541 hominio
655 494 855 554 commutatum
876 486 951 559 quod
965 485 1063 543 occidit
1076 489 1105 544 in
1137 512 1140 533 ι

134 569 190 640 his,
201 569 250 640 qui
262 566 437 641 udoptaotur,
448 570 512 625 item
525 570 552 624 iu
559 570 612 642 his,
625 583 695 644 quoe
707 571 1024 645 coemptionemieciunt,
1036 580 1065 628 et
1076 573 1104 628 iu

134 654 190 724 iris,
206 656 257 727 qui
271 653 404 726 mancipio
419 653 519 708 duntur
533 656 636 729 quique
651 669 683 710 cr
699 656 895 728 mancipatione
909 658 1103 712 manumittun-

135 747 199 806 tur;
221 737 289 793 odeo
309 737 436 811 quidem,
457 745 489 793 ut
510 741 637 812 quotiens
653 741 770 814 quisque
785 741 962 814 mancipetur,
983 736 1058 816 ²(out
1073 747 1104 797 ut

135 819 369 896 remancipetur)
399 827 446 878 out
471 817 519 878 ut¹
545 825 765 895 manumittetur,
794 826 894 880 totiens
917 827 1004 898 cupito
1027 824 1104 881 dimi-

135 914 246 964 nuatur.
283 901 350 964 tto.
366 906 421 962 Nec
439 906 527 963 solum
548 907 700 965 maioribus
715 901 866 986 (capitio)²
881 909 1104 966 diminutionibus

134 993 177 1048 ius
193 990 369 1066 adgnatiouis
385 994 578 1066 corrumpitur,
594 1001 637 1049 set
652 995 732 1050 etiam
748 995 871 1067 minimn3
895 1001 923 1049 et
943 994 1005 1049 ideo
1027 995 1050 1049 si
1073 1009 1104 1049 ex

136 1075 246 1132 duobus
260 1073 354 1132 liberis
369 1075 484 1132 aiterum
500 1085 578 1151 pater
600 1079 823 1152 emancipuuerit,
846 1086 910 1153 post
926 1077 1030 1134 obitum
1045 1079 1105 1134 eius

135 1169 235 1217 neuter
256 1160 336 1216 elteri
358 1161 509 1235 agnationis
531 1162 591 1218 iuro
620 1171 697 1219 tutor
719 1179 780 1219 osse
802 1164 913 1238 poterit.
953 1157 1018 1220 104.
1039 1161 1105 1217 (ium

137 1253 228 1301 autem
247 1245 279 1300 ud
296 1253 410 1319 agnatos
427 1245 513 1302 tutem
528 1248 680 1320 pertinent,
702 1261 759 1304 uou
782 1248 861 1304 simul
884 1246 916 1302 ud
932 1261 1027 1303 omues
1044 1261 1105 1322 per·

71 1352 123 1405 troo]
139 1333 227 1450 fuet,
248 1337 289 1386 sot
304 1329 337 1384 ud
352 1344 399 1386 eos
416 1339 537 1402 tautum,
559 1333 605 1405 qui
620 1334 744 1406 proximo
760 1332 846 1407 gredo
862 1324 957 1389 sunt³
974 1325 978 1409 Ι
1122 1410 1155 1459 45

578 1431 621 1474 vv.
635 1416 683 1477 16.
1157 1443 1163 1460 ·

204 1493 267 1557 lto.
293 1497 329 1555 lix
351 1498 444 1555 eudem
472 1498 534 1574 iege
556 1499 698 1558 duodecim
721 1501 874 1559 tabularum
896 1499 1053 1558 libertorum
1076 1510 1104 1557 et
1117 1478 1135 1515 ὴ·
1150 1484 1167 1516 ⁸⁸
1244 1568 1251 1584 ι

137 1584 301 1659 impuberum
322 1583 484 1640 libertorum
506 1583 592 1640 tutela
615 1585 648 1640 ed
676 1593 807 1660 patronos
830 1585 986 1661 liberosque
1009 1601 1105 1642 eorum

136 1669 273 1744 pertiuet3
289 1683 358 1742 quoe
373 1677 401 1724 ot
416 1669 474 1742 ipsu
492 1667 575 1724 tutelo
589 1667 710 1744 legitimo
726 1679 852 1742 uocatur,
867 1685 925 1728 non
937 1673 1005 1744 quio
1018 1673 1105 1728 nomi·

136 1757 226 1811 nolim
242 1770 273 1809 ea
289 1751 351 1827 loge
366 1752 400 1808 de
415 1753 464 1809 hoc
478 1751 565 1809 tutela
579 1763 707 1826 cauetur,
723 1757 776 1811 sod
790 1755 850 1829 quin
867 1753 981 1828 proinde
996 1763 1106 1828 acceptu

211 1913 232 1981 ¹)
247 1919 289 1963 nut
303 1913 343 1980 (ni
355 1919 438 1963 damen
453 1914 538 1963 medio
552 1915 641 1963 littero
651 1916 728 1963 etiam
738 1927 752 1962 e
762 1915 802 1963 ool
812 1914 826 1962 d
836 1910 1030 1979 potueritosoo)
1049 1913 1077 1962 V
1077 1909 1105 1962 ¹².

136 1995 211 2052 utque
224 2001 259 2036 eo:
270 1985 378 2034 Locdm.
389 1987 422 2048 φ’.
433 1985 473 2034 ed.
484 2000 539 2036 meo
549 1996 570 2036 o.
589 1984 661 2034 Atii.-
675 2000 712 2035 uc.
738 1985 804 2034 Cone
814 2000 875 2035 vero
886 1987 972 2050 lepos:
981 1991 1038 2042 unm·
1048 1999 1106 2034 nom

137 2066 265 2108 ntreruuo
274 2064 300 2106 et
309 2058 354 2120 qui
364 2057 391 2104 in
401 2058 491 2106 servili
501 2057 655 2106 condicione
666 2063 712 2114 ert,
727 2063 806 2120 capot
815 2057 842 2104 in
849 2056 956 2119 familia
965 2071 1017 2106 non
1030 2055 1107 2104 habet

135 2129 170 2195 (ξ.
181 2142 203 2181 t.
213 2128 236 2178 I.
247 2128 270 2178 it
283 2127 327 2192 n),
346 2143 427 2192 quare
442 2128 510 2192 quod
524 2143 593 2177 nuno
606 2128 732 2191 supplevi,
747 2128 804 2190 ipno
819 2127 887 2176 iuno
901 2128 971 2176 ratio
981 2127 1105 2192 postulat.

138 2199 160 2267 ²)
173 2201 266 2250 maiore
283 2199 310 2248 0.
334 2197 469 2248 maioribus
486 2199 544 2247 edd.
610 2194 631 2263 8)
646 2198 772 2263 Reliquus
790 2212 881 2248 versuo
899 2199 995 2248 litteris
1009 2211 1107 2247 nocuos

136 2279 182 2332 ent,
196 2279 225 2322 nt
239 2285 306 2336 quoe
320 2271 348 2318 in
362 2269 447 2319 Inott't.
462 2277 620 2334 sequuntur:
639 2267 695 2319 ‘vel
707 2271 733 2318 ni
750 2267 865 2335 (plnres)
879 2267 993 2319 eiusdem
1004 2267 1107 2334 praduo

135 2345 197 2402 rint,
216 2342 253 2391 ad
271 2337 372 2391 omneo’
396 2339 498 2390 Gaiano
512 2355 633 2391 nonense
651 2341 815 2392 statuendum
828 2341 870 2390 eit.
903 2339 986 2406 quue
1000 2355 1030 2391 eo
1045 2354 1106 2390 con·

133 2417 264 2478 firmatur,
280 2412 350 2476 qood
363 2413 390 2460 in
405 2414 476 2462 nullo
491 2418 603 2462 tutorum
614 2427 711 2477 ponere
728 2411 809 2462 Goion
823 2411 1016 2471 animadvertit,
1029 2412 1107 2461 etiam

132 2488 226 2550 plures
236 2498 368 2548 personas
380 2485 485 2532 tutelam
499 2484 619 2533 trancioci
628 2498 715 2548 posce.
794 2479 815 2548 ⁴)
830 2481 863 2532 In
877 2483 927 2533 doe
941 2484 1052 2548 popina,
1072 2497 1107 2531 om

136 2573 189 2621 qua
207 2570 288 2620 noque
306 2554 343 2603 ad
360 2570 382 2603 υ.
402 2565 436 2606 lt.
456 2555 532 2604 etiam
549 2552 726 2604 Stodomondo
744 2569 834 2618 pauca
854 2561 952 2603 tontum
970 2553 1049 2604 verba
1067 2555 1107 2602 vel
1136 2597 1143 2610 ,

138 2629 249 2690 litterae,
267 2627 337 2675 velot
355 2641 378 2674 o.
393 2635 414 2676 5.
429 2625 488 2674 urbo
502 2641 525 2674 o.
540 2637 561 2676 o.
577 2626 753 2676 omonimus.
774 2625 798 2674 iu
817 2625 875 2674 urbe
892 2624 966 2674 Romo
982 2641 1004 2674 v.
1020 2636 1041 2676 9.
1061 2624 1106 2673 itu-

137 2713 184 2762 que
199 2705 225 2746 ut
239 2711 296 2746 seru
307 2733 313 2745 .
325 2733 331 2745 .
343 2732 367 2749 ..
384 2702 422 2745 est
434 2697 573 2756 ecpimari
587 2698 670 2759 licuit,
684 2703 755 2746 recte
769 2695 864 2746 Hoilw.
878 2697 978 2754 statuit,
992 2695 1107 2759 primum

136 2772 221 2820 locum
240 2769 353 2818 munione
371 2767 404 2816 de
423 2767 538 2832 lepitima
554 2769 690 2832 pontidium
708 2769 789 2816 tutela
807 2767 1007 2830 disputationem
1020 2773 1045 2816 et
1061 2781 1106 2815 ou·

135 2843 236 2891 rioeom
250 2839 364 2903 quidem,
382 2839 419 2887 od
436 2849 512 2902 qoam
530 2839 612 2888 lectur
630 2840 772 2888 remittitur
790 2849 816 2900 9,
831 2850 865 2889 ut.
898 2837 943 2886 En
960 2839 1026 2902 ipris
1044 2851 1107 2887 vero

135 2913 193 2962 tttto
210 2911 332 2974 reliquiis
351 2911 472 2960 conicere
491 2910 563 2969 licet,
583 2911 668 2959 initiis
686 2910 790 2973 imperii
807 2911 863 2973 iope
881 2909 971 2974 aliquo
990 2909 1107 2972 fortasse

134 2982 209 3032 Iulia
223 2981 338 3046 Augusti
352 2982 393 3030 irco
405 2981 561 3046 pernionum
571 2981 658 3045 quood
671 2981 800 3046 legitimae
813 2980 970 3029 hereditates
979 2987 1005 3029 et
1013 2980 1107 3028 tutelas

135 3069 196 3104 oum
210 3053 247 3102 ad
260 3053 384 3116 quondam
398 3051 521 3101 nobilium
532 3052 651 3115 familiae
664 3052 780 3115 fortasse
794 3065 829 3100 em
843 3049 905 3100 urbe
921 3050 1002 3100 Homo
1016 3051 1106 3101 orion·

135 3125 200 3184 doe,
224 3131 277 3173 tum
299 3123 335 3172 od
356 3125 525 3172 manumissos
547 3123 579 3172 ab
603 3125 637 3172 iis
656 3125 683 3172 in
702 3121 765 3172 orde
783 3137 872 3172 nervon
890 3137 1027 3188 eorumque
1041 3136 1106 3186 pro-

133 3196 238 3262 peniem
256 3196 405 3244 restrictum
423 3209 493 3243 eone:
512 3195 581 3257 qnod
598 3201 623 3244 et
641 3195 725 3256 iprum
743 3194 784 3243 itte
802 3208 862 3244 mom
881 3192 1029 3244 aboleverit.

209 3332 236 3404 ξ.
253 3337 392 3397 162.=§.
407 3347 428 3388 o.
447 3335 469 3384 I.
485 3335 541 3385 eod.
561 3333 615 3398 otp.
632 3347 666 3397 11,
680 3347 714 3388 m.
733 3335 765 3384 L.
776 3347 797 3386 o.
813 3337 836 3398 ς.
847 3347 867 3386 1.
883 3335 915 3385 D.
931 3335 963 3382 dc
977 3348 1035 3396 cop.
1046 3333 1105 3380 min.

135 3405 170 3474 (t,
185 3405 219 3472 5).
238 3405 328 3456 Boetlt.
344 3407 380 3456 ad
395 3405 447 3456 Cio.
466 3404 563 3469 Tomi,
578 3417 612 3458 18.
628 3419 656 3469 p.
672 3417 711 3456 999
725 3401 795 3456 Boii.
873 3399 899 3472 ξ.
916 3406 974 3454 163.
992 3401 1030 3465 Cf.
1050 3402 1105 3465 Uip.

135 3492 172 3542 11,
187 3489 208 3530 9.
228 3479 287 3540 §.tn
307 3477 330 3526 I.
346 3478 378 3528 de
392 3479 441 3544 lep.
456 3493 516 3543 upn.
532 3483 578 3526 tut.
594 3475 680 3542 (1,1o).
735 3472 913 3546 §.164.=§.
929 3486 948 3524 t.
963 3473 985 3522 I.
1001 3473 1033 3522 de
1047 3487 1105 3535 cap.

136 3547 309 3616 dem.(1,16).
329 3549 361 3598 L.
377 3561 397 3600 9.
417 3549 450 3596 D.
466 3549 498 3597 de
512 3550 560 3613 lep.
576 3555 621 3597 tut.
637 3546 682 3612 (26,
700 3545 733 3614 4).
801 3543 827 3615 ξ.
844 3545 902 3596 165.
919 3567 953 3586 =
971 3543 1019 3593 Tit.
1034 3541 1057 3593 I.
1075 3542 1108 3592 de

138 3622 209 3686 lepii.
220 3627 293 3684 potr.
309 3627 355 3668 tot.
371 3617 403 3685 (1,
419 3618 463 3684 tt).
490 3618 528 3682 Cf.
549 3617 604 3682 Uip.
620 3631 653 3681 11,
669 3631 688 3670 3.
