2700 4118
255 183 316 248 640
415 198 519 239 nourrn
537 198 644 236 voratur
663 183 695 250 (i)
713 199 810 236 nucu.
830 201 865 236 on
883 199 945 236 ivan
963 199 1041 236 rison

316 329 346 387 8.
372 323 440 396 ¹oui
454 335 556 386 eontra
577 328 695 386 edietum
717 327 772 384 diui
786 329 912 402 Augustis·
929 343 988 385 rem
1006 327 1153 402 litigiosam
1167 339 1204 394 at

253 432 309 472 non
339 415 501 484 possidente
531 413 707 486 comparauit,
739 416 933 486 praeitsrquam
967 404 1069 489 (quoti)
1104 415 1205 487 emptio

219 497 362 564 tonuitlius
389 498 518 553 momenti
540 503 600 568 est,
628 512 741 570 poenam
767 501 771 553 Ι
795 497 990 570 quinquaginta
1016 498 1205 554 sestertiorum

254 580 320 638 fiseo
343 589 554 654 relpraesentare
576 579 755 653 compellitur.
799 595 844 635 res
866 588 954 636 autem
971 587 976 644 1
992 579 1109 654 litigiosa
1131 573 1206 638 uide·

219 682 244 723 rs
255 674 310 737 tur,
333 664 366 720 de
387 680 438 738 qua
460 657 524 720 'iis²
540 670 545 728 Ι
563 664 632 737 apud
648 680 727 720 suum
741 663 855 720 iudicem
873 668 877 729 Ι
894 662 981 720 delata
996 672 1047 720 est.
1089 664 1138 720 sed
1152 665 1207 722 hoc

252 751 280 804 iu
295 746 503 822 prouincialibus
520 751 525 813 Ι
542 747 632 866 [υηάἰῗ
646 763 727 820 praua
744 739 944 821 usurpaitione³
957 747 1083 821 optinuit.
1098 753 1104 813 ι

253 833 260 858 i

217 930 243 970 so
315 913 345 974 9.
371 910 513 972 ⁵Absentes
535 836 666 988 fugitiuis
683 923 805 982 {uenum
826 914 883 970 dari
898 922 946 971 aut
964 917 1134 988 compararit
1150 932 1205 988 rm·

254 1000 390 1074 plissimus
407 1000 473 1058 ordo
497 1006 502 1065 Ι
525 998 679 1073 prohibuit,
701 998 857 1056 denuntiata
873 1004 877 1062 Ι
893 1000 922 1054 in
937 1008 1086 1072 emptorem
1103 999 1205 1065 uendit·
1247 1055 1250 1060 ,

219 1092 397 1158 tutoremque
411 1099 499 1157 meua
513 1084 701 1142 sestertiorum
716 1084 920 1157 quinquaginta,
938 1088 943 1148 Ι
960 1099 1029 1155 quae
1044 1083 1125 1140 hodie
1140 1081 1205 1140 fiseo

147 1165 432 1233 tol.2.r.uiuditcntur.
1200 1191 1203 1196 ’

161 1236 205 1285 col.
216 1251 237 1285 a.
659 1245 677 1284 s
721 1288 736 1323 ῃ
780 1245 798 1284 at

316 1331 363 1392 10.
388 1337 447 1399 Ι-
463 1365 501 1374 -
518 1362 558 1374 -
574 1364 615 1376 -
636 1338 641 1402 Ι
666 1326 797 1408 ⁶exeepto
819 1335 950 1391 castrensi
973 1340 977 1400 Ι
1001 1334 1107 1408 peculio
1129 1334 1204 1392 bona
1216 1357 1277 1404 [see]

253 1435 301 1474 sua
317 1417 451 1480 contierre
466 1416 611 1476 debebunt.
629 1424 633 1482 Ι

230 1509 243 1549 ⁶
315 1499 355 1558 11.
378 1500 490 1556 Caesare
505 1517 520 1556 a
534 1501 631 1558 liberto
646 1518 696 1557 suo
712 1517 751 1558 eac
765 1514 838 1564 asise
852 1500 953 1558 herede
969 1503 1105 1574 instituto,
1127 1501 1204 1575 ’sitiat

255 1577 327 1642 iure⁷
350 1585 380 1640 ad
404 1586 542 1642 semissem
565 1589 700 1653 uotoatur:
728 1602 789 1641 oum
811 1587 945 1641 extraneis
971 1601 1037 1641 uero
1059 1587 1204 1658 insitituto,

218 1677 244 1719 1⁰
254 1667 308 1726 iilia
318 1685 354 1736 ex
375 1667 504 1736 'setmisse
519 1663 615 1726 modo8
637 1671 778 1736 extraneis,
795 1675 800 1738 Ι
817 1685 871 1725 uon
892 1673 977 1726 etiam
992 1668 1097 1725 Caesari
1114 1669 1205 1726 adere-

328 1827 350 1894 ¹)
364 1830 403 1893 Cf.
421 1829 477 1878 Gai.
492 1841 513 1886 4,
529 1839 575 1878 tlt.
598 1826 664 1878 Gaii.
681 1827 799 1877 brancke
813 1829 849 1878 ad
862 1828 922 1894 Dip.
933 1829 972 1879 tit.
987 1829 1019 1878 de
1032 1829 1119 1879 bened.
1130 1831 1204 1893 petit.

249 1916 276 1964 p.
292 1913 326 1954 so.
384 1897 406 1966 ²)
420 1899 465 1947 Ea
484 1895 541 1948 δῖ’.
569 1897 600 1946 In
619 1898 676 1946 edd.
696 1912 716 1948 1.
735 1909 755 1948 s.
776 1899 842 1948 bane
860 1915 883 1948 o.
901 1906 962 1962 post
982 1899 1085 1948 iudicem
1104 1901 1205 1963 supple·

253 1987 346 2020 nerant.
411 1966 432 2035 ⁸)
453 1969 517 2018 Nam
535 1967 668 2032 Aupustus
686 1969 746 2018 darn
764 1977 876 2019 actorem
894 1985 945 2020 non
962 1971 1134 2033 possidentem
1151 1985 1205 2020 rent

253 2043 392 2106 litipiosant
406 2042 522 2090 alienare
536 2035 612 2098 uetat,
627 2041 731 2088 nonnisi
740 2040 771 2088 de
781 2041 908 2103 praediis,
923 2056 988 2104 quae
998 2041 1111 2104 mancipi
1121 2047 1204 2099 erant,

253 2115 369 2176 copitare
379 2117 491 2175 poterat,
506 2110 658 2173 quodetiam
669 2125 768 2173 poenae
778 2126 873 2159 sumnia
882 2111 984 2162 evincit.
1007 2109 1061 2160 Sed
1069 2119 1205 2175 postquam

253 2184 371 2245 exceptio
386 2184 460 2230 ettam
475 2181 510 2228 ad
519 2181 628 2244 pipnort‘
646 2181 832 2244 bppotbecaeoe
850 2181 978 2231 dationem
996 2184 1125 2230 translata
1138 2188 1205 2239 erat,

250 2268 300 2315 per
315 2268 389 2316 quam
404 2253 512 2301 omniurn
522 2266 608 2299 rernm
618 2251 693 2298 etiam
702 2250 829 2300 mobilium
839 2253 939 2300 nomine
949 2253 976 2300 in
987 2266 1040 2300 rem
1049 2253 1117 2301 aetia
1127 2267 1143 2299 a
1153 2266 1205 2300 non

250 2323 398 2385 possidente
417 2321 544 2371 creditori
562 2323 710 2382 comparari
726 2328 831 2383 poterat
848 2320 890 2385 (L.
906 2335 926 2372 1.
946 2323 969 2383 ξ.
984 2332 1004 2372 2.
1028 2321 1060 2370 I).
1080 2336 1207 2386 quaeres

250 2394 324 2456 pipn.
339 2403 378 2448 ao,
392 2390 428 2456 s),
443 2392 533 2440 mirum
547 2405 598 2438 non
617 2397 666 2448 est,
685 2392 753 2454 quod
770 2407 879 2454 rapaces
894 2399 1082 2455 procuratores
1095 2407 1206 2455 poenam

254 2476 352 2525 quoque
373 2461 452 2509 edicti
470 2460 506 2508 ad
520 2459 618 2522 fundos
636 2463 725 2509 saltem
740 2463 919 2524 provinciales
938 2465 1133 2512 transtulerunt.

255 2529 275 2595 ⁴)
295 2531 392 2580 Versus
410 2544 515 2580 nocuus.
580 2525 601 2592 ⁶)
618 2529 655 2592 Cf.
677 2531 751 2580 Pout.
768 2544 792 2593 ι,
812 2535 846 2583 6⁸.
865 2534 916 2594 §.a
988 2529 1009 2599 ⁶)
1024 2532 1206 2583 Antecedentis

249 2602 331 2664 primi
345 2615 434 2650 uersas
444 2615 532 2663 pauca
546 2601 654 2665 oestipia
667 2609 813 2664 supersunt.
842 2602 1046 2652 Praecesserant
1064 2618 1125 2653 uero
1139 2610 1204 2667 puto

251 2673 310 2734 sere
324 2670 402 2720 baec:
421 2666 554 2719 ‘Caesaris
572 2670 678 2720 libertus
692 2673 767 2720 etiam
785 2675 869 2722 minor
888 2675 1037 2723 centenario
1055 2675 1109 2723 sine
1127 2680 1204 2722 testa-

254 2748 336 2790 mento
348 2742 420 2804 facto
435 2742 487 2790 sive
503 2743 621 2791 intestata
636 2743 787 2802 decesserit,
807 2759 863 2792 cunr
882 2742 971 2793 tiberis
984 2745 1040 2793 eius
1054 2743 1151 2794 duobus
1165 2745 1205 2792 nel

254 2827 304 2862 uno
319 2813 403 2860 uirilis
413 2826 481 2874 pars
496 2811 603 2861 Caesari
617 2812 721 2861 debetur
731 2812 855 2876 liberique
864 2810 908 2862 ei.’
932 2813 969 2877 Cf.
983 2813 1113 2876 Gaiam.
1139 2811 1205 2862 Nam

254 2883 281 2930 in
296 2884 445 2931 centenario
460 2897 587 2932 commune
601 2882 648 2932 boc
663 2884 703 2930 ius
717 2890 774 2932 erat
787 2899 821 2932 eta
836 2886 890 2949 lepe
901 2883 994 2948 Papia,
1009 2900 1073 2948 quae
1088 2900 1144 2934 curu
1155 2899 1204 2947 pa·

254 2960 328 3002 trono
343 2961 371 3001 ut
380 2951 488 3002 debitam
497 2953 564 3002 banc
570 2960 672 3016 partem
681 2955 757 3001 etiarn
767 2955 891 3004 aduersas
900 2955 965 3004 duos
975 2957 1108 3005 naturales
1118 2954 1205 3004 liberti

254 3021 349 3072 liberos
363 3024 548 3086 adscripscrat,
563 3025 765 3086 emancipatione
779 3023 919 3074 liberorum
932 3041 987 3074 eam
1001 3027 1082 3074 minui
1096 3023 1204 3075 nolebat.

253 3092 438 3157 Emancipatus
452 3096 534 3158 ipitar
552 3100 577 3142 et
589 3100 702 3156 patrono
721 3100 746 3142 et
758 3109 805 3144 suo
820 3094 981 3158 conferebat,
1002 3097 1118 3159 exceptis
1132 3095 1205 3145 bonis

254 3164 435 3213 castrensibus.
466 3163 599 3212 Caesarem
612 3179 681 3226 uero,
691 3171 793 3227 patrem
803 3167 923 3228 patriae,
937 3167 965 3215 in
980 3169 1101 3231 cuiusque
1116 3165 1206 3216 domus

253 3233 387 3300 Aupustae
402 3235 488 3283 liberti
502 3233 575 3283 bonis
593 3233 641 3283 boc
656 3235 697 3283 ius
710 3234 841 3298 babuisse,
856 3251 955 3300 exseq.
971 3237 994 3298 5.
1009 3235 1145 3300 probabile
1158 3241 1204 3286 est.

256 3305 293 3368 Cf.
309 3305 378 3354 Suet.
395 3305 456 3353 Ner.
471 3315 504 3355 aa.
557 3301 709 3369 ³)En01'.
726 3306 783 3367 filia
798 3311 916 3370 netposae
931 3306 988 3356 edd.
1004 3323 1073 3356 neae
1087 3320 1106 3358 1.
1118 3318 1138 3357 a.
1153 3307 1205 3356 iure

253 3373 443 3441 (accrescendi)
458 3375 515 3424 cdd.
530 3372 591 3440 (non
606 3373 667 3440 Kr.)
681 3390 730 3439 qao
744 3376 917 3428 additamento
931 3392 982 3427 non
997 3392 1068 3440 opus.
1129 3373 1150 3442 ⁸)
1166 3391 1206 3426 se·

254 3463 351 3512 missam
367 3459 392 3512 O.
413 3463 479 3512 unde
495 3463 579 3525 suerit
596 3463 696 3513 semisse
710 3443 732 3514 ffi
748 3461 792 3528 (=
807 3462 896 3528 modo).
925 3464 1002 3514 Deest
1020 3463 1090 3514 modo
1105 3465 1132 3513 in
1146 3462 1204 3512 edd.

253 3534 329 3581 etiam
343 3548 397 3582 mea
411 3535 502 3582 altera.
