2680 4112
252 193 294 250 84
655 200 678 236 n.
697 198 807 234 omerus.

253 335 396 400 ruptorum
418 324 564 382 luminibus
585 333 688 398 patent,
712 332 740 380 et
761 325 788 380 in
810 324 854 380 ille
875 325 927 380 coli
948 332 1035 381 aetate
1057 323 1214 396 uoluerunt,

253 428 323 484 quae
346 409 459 484 simplex
478 417 505 464 et
525 408 676 482 improuide
697 410 772 481 prius
796 407 896 464 irretiri
910 416 938 464 et
953 409 979 464 in
995 409 1106 482 laqueos
1121 415 1216 482 potest

255 495 361 569 cedere,
384 511 464 567 quem
485 508 591 548 cauere.
622 491 690 560 Quid
707 493 819 561 mirum,
839 494 861 548 si
877 491 909 548 ab
925 493 974 548 bec
989 500 1070 565 gente
1087 493 1215 548 uniuerso

253 577 356 651 flagitia
371 584 530 647 manarunt,
551 575 621 649 apud
637 593 715 649 quem
731 577 788 649 ipse
804 577 868 631 uitio
882 575 1010 649 religiose
1025 585 1105 646 sunt,
1129 591 1215 648 eaque

252 678 308 717 non
324 661 404 718 modo
420 679 474 718 uon
491 662 626 730 uitentur,
649 676 743 716 uerum
758 662 838 716 etiem
853 661 998 716 coluntur?
1027 660 1060 715 lit
1074 660 1135 715 ideo
1150 660 1216 716 huic

252 746 403 802 sententiae
426 753 553 817 tanquam
569 744 683 800 Graecos
698 744 840 817 prudentie
856 746 991 816 uinceret,
1013 743 1124 800 adiecit:
1145 741 1214 798 ‘uir-

252 837 326 886 tutes
344 831 413 885 enim
429 836 573 903 oportere,
595 844 649 883 non
665 829 729 883 uitio
744 827 917 886 consecreri'.
933 855 976 869 --
991 827 1110 884 lactent.
1127 828 1213 883 instit.

251 913 307 970 cru.
325 913 351 984 1,
370 913 420 985 no,
438 913 476 968 14
561 913 609 968 ro.

403 1046 443 1102 lle
464 1049 540 1102 iure
561 1045 667 1102 ciuili
686 1047 718 1102 in
735 1055 841 1102 artem
857 1047 1059 1121 redigendo.

316 1145 339 1204 1.
362 1147 429 1204 ‘Nec
444 1163 510 1204 uero
526 1148 638 1202 scientie
653 1149 718 1202 iuris
732 1146 876 1202 maioribus
888 1149 944 1204 suis
957 1147 988 1214 Q.
1000 1147 1092 1204 Aelius
1105 1146 1214 1204 'lubere

251 1231 356 1299 deluit3
372 1231 493 1286 doctrina
508 1232 589 1286 etiem
605 1231 761 1303 superfuit!
778 1260 820 1272 -
834 1230 902 1288 Geli.
920 1231 949 1302 l,
966 1231 1015 1287 22.
1030 1231 1058 1302 S.
1077 1231 1104 1288 7.

223 1309 226 1315 ’
315 1310 341 1372 2.
364 1312 474 1386 ‘Aliquo
496 1315 644 1370 excellente
665 1331 695 1370 ec
710 1315 800 1372 nobile
816 1316 897 1374 uiro!
916 1343 955 1354 -
970 1315 1073 1372 Charis.
1088 1317 1150 1372 inst.
1168 1332 1213 1388 gr.

257 1399 276 1454 l.
291 1415 317 1470 p.
336 1397 405 1454 111.
422 1397 464 1452 ed.
481 1397 592 1453 Putsoh.
609 1416 635 1471 p.
654 1398 723 1454 138.
739 1399 781 1456 ed.
795 1398 860 1454 lleil.

605 1525 660 1590 *In
684 1525 856 1592 CINOIVS
1051 1551 1053 1556 ¹
1206 1540 1266 1596 „11³1

462 1697 467 1708 Ι
554 1629 689 1696 (Ciceronis
707 1633 757 1682 iere
776 1629 932 1699 aequalis).¹.
1001 1697 1004 1702 ³

644 1731 686 1786 lle
709 1731 821 1788 fastis.

314 1837 339 1896 1.
357 1839 463 1895 Cincius
478 1841 506 1895 in
522 1855 554 1896 eo
571 1839 650 1912 libro,
667 1856 746 1913 quem
758 1841 791 1896 de
803 1840 878 1896 lestis
890 1840 1011 1914 reliquit,
1027 1842 1074 1910 ait,
1088 1842 1215 1914 imperite

252 1924 383 1997 quosdam
400 1925 521 1997 opinari,
544 1923 660 1996 Aprilem
680 1939 799 1979 mensem
815 1927 941 1996 antiquos
956 1941 971 1980 e
987 1925 1088 1980 Venere
1104 1925 1215 1996 dixisse,

251 2025 311 2064 cum
333 2007 423 2064 nullus
445 2008 502 2063 dies
524 2007 611 2063 festus
632 2008 790 2081 nullumque
809 2007 968 2064 sucrificium
988 2010 1095 2082 insigne
1117 2007 1216 2063 Veneri

250 2107 300 2164 per
315 2093 387 2148 hunc
407 2107 527 2146 mensem
543 2105 557 2146 e
573 2091 718 2149 maioribus
732 2093 872 2148 institutus
888 2093 939 2162 sit,
962 2092 1059 2147 sedne
1075 2094 1102 2147 in
1118 2093 1214 2147 carmi-

251 2174 329 2230 nibus
351 2175 459 2246 quidem
480 2173 613 2229 Saliorum
629 2175 738 2230 Veneris
760 2175 815 2230 ulla
835 2183 865 2230 ut
886 2183 1039 2232 ceterorum
1055 2175 1215 2233 coelestium

250 2258 309 2312 leus
324 2257 486 2312 celebretur.
502 2286 544 2298 -
558 2257 673 2314 llecrob.
688 2257 744 2314 Sat.
763 2259 789 2328 1,
808 2257 856 2314 12.
873 2259 901 2330 3.
920 2258 968 2317 12.

313 2352 342 2414 2.
358 2351 481 2432 Κίγκιος
493 2347 526 2411 δὲ
538 2349 554 2410 ὁ
566 2353 706 2426 Ῥωμαῖος
758 2357 873 2416 Cincius
892 2366 987 2416 notem
1005 2361 1135 2431 sophista
1155 2359 1215 2415 Ro·

250 2435 394 2512 σοφιστής
415 2450 505 2514 φησι,
527 2431 582 2513 τὴν
599 2432 704 2514 ’riopo-
757 2459 858 2498 monus
889 2443 1026 2500 Venerem
1049 2459 1088 2500 ex
1111 2459 1214 2514 spuma

250 2518 336 2596 δίτην
370 2517 400 2590 ἐξ
432 2515 533 2597 ἀφροῦ
562 2524 706 2596 τεχθῆναι
756 2529 854 2582 natam
876 2527 958 2595 dicit,
983 2529 1060 2582 velut
1081 2542 1121 2583 ex
1143 2530 1216 2582 oe're

250 2601 339 2662 οἱονεὶ
361 2599 394 2660 ἐκ
413 2611 464 2662 τοῦ
479 2597 640 2679 privatione
655 2599 705 2662 oie'-
757 2612 853 2666 nivoso
865 2617 891 2664 et
899 2609 1010 2683 fripiclo
1025 2611 1150 2666 essentia
1163 2625 1217 2666 ver

250 2706 300 2764 ρος
322 2685 373 2746 καὶ
394 2695 448 2763 τῆς
464 2693 587 2763 ψυχροῖς
602 2682 706 2757 οὐσίας
754 2699 951 2762 procreatum.

250 2767 282 2830 τὸ
303 2766 354 2846 ἔαρ
374 2764 589 2847 ἆποτεχθῆναι.
611 2803 652 2815 -
667 2775 703 2832 lo.

250 2857 329 2916 Laur.
346 2855 412 2930 Lyd.
429 2857 562 2914 demens.
579 2855 610 2928 4,
625 2856 675 2914 44.

312 2953 341 3013 3.
372 2956 476 3014 Cincius
498 2956 607 3028 (Maium
628 2955 675 3030 sc.)
697 2973 815 3012 mensem
830 2959 995 3014 nominatum
1011 2965 1090 3034 putet
1105 2976 1120 3014 e
1136 2959 1215 3032 lloie,

251 3048 329 3112 quam
341 3040 450 3096 Vulcani
469 3041 533 3097 dicit
549 3057 668 3110 uxorem,
689 3049 903 3114 argumentoque
915 3044 1011 3114 utitur,
1029 3042 1103 3115 quod
1116 3042 1216 3098 llumen

250 3123 399 3182 vulcanalis
414 3123 540 3180 Kalendis
557 3123 629 3178 lleiis
651 3123 713 3180 buic
729 3123 794 3180 deae
809 3141 865 3179 rem
881 3125 997 3181 diuinam
1013 3126 1086 3182 lecit.
1105 3156 1142 3166 -
1159 3126 1215 3182 lla·
1317 3183 1319 3188 ,

251 3205 325 3266 urob.
343 3208 397 3264 Sat.
417 3209 445 3278 1,
463 3207 511 3264 12.
528 3207 555 3278 S.
575 3205 624 3264 18.

300 3369 320 3437 ¹)
332 3370 416 3421 Probe
424 3367 623 3434 distinpneodur
632 3382 648 3416 a
658 3367 689 3415 L.
699 3367 787 3418 Cincio
793 3369 921 3420 Alimento
931 3373 1065 3420 annalium
1073 3375 1217 3437 scriptore,

249 3443 293 3504 qui
309 3449 419 3506 praetor
434 3441 489 3502 fuit
509 3453 534 3486 e.
550 3453 573 3484 u.
589 3447 635 3487 ott.
654 3437 691 3500 Cf.
709 3438 787 3487 Mart.
803 3439 891 3488 Hertz.
907 3441 938 3489 de
954 3441 985 3490 L.
1003 3442 1109 3492 Cinciir.
1125 3443 1215 3494 Berol.
1316 3441 1318 3484 ἕ

249 3521 308 3562 1842.
324 3527 396 3574 quem
406 3511 465 3573 fere
479 3521 580 3572 sequor.
