2680 4112
456 239 492 274 ιι
509 237 621 274 mucrene
638 237 717 273 ιιιιι
729 237 771 274 ιιι.
1054 229 1093 288 77

130 367 199 421 enim
217 372 323 422 tautum
338 362 404 420 maii
415 371 457 420 est
469 379 580 438 peccare
591 365 737 437 principes,
750 372 1094 438 quamquamestmegnum

130 450 180 506 hoc
196 449 395 522 perseipsum
406 448 513 515 malum,
533 455 664 520 quantum
681 448 757 518 iliud,
775 448 848 522 quod
865 448 992 522 permulti
1009 449 1094 504 imita·

129 541 203 589 toros
219 534 374 606 principum
390 533 519 588 existunt.
547 548 610 587 nam
624 531 688 588 iicet
702 532 811 604 uidere,
836 535 858 588 si
874 532 942 589 uelis
963 532 1094 606 replicare

130 618 289 672 memoriam
310 623 476 689 temporum,
496 615 706 690 qualescumque
726 619 822 672 summi
837 617 955 672 ciuitatis
969 617 1021 672 uiri
1036 615 1094 671 iue-

130 701 201 770 rint,
222 699 307 756 talem
327 701 466 756 ciuitatem
491 699 589 768 inisse;
610 715 796 772 quaecumque
817 701 931 756 mutatio
947 715 1053 756 morum
1067 701 1094 754 iu

130 783 298 856 principibus
322 783 459 853 extiterit,
480 782 591 838 eandem
613 784 642 838 in
663 783 767 856 populo
782 793 909 840 secutam.
939 781 990 841 32.
1013 783 1094 856 idque
1117 781 1123 792 '

129 866 237 923 Platoni
257 874 356 922 nostro
376 867 465 940 placet
485 860 526 922 ιιι
548 866 621 923 haud
640 867 722 940 paulo
743 877 787 922 cst
807 869 898 923 uerius
918 883 999 941 quam
1020 866 1093 940 quod

129 953 298 1006 musicorum
318 949 442 1006 cantibus
463 952 499 1006 ait
519 951 631 1006 mutatis
646 953 745 1006 mutari
760 952 901 1006 ciuitatum
917 959 1018 1018 status3
1041 966 1094 1024 ego

130 1043 223 1091 autem
243 1033 374 1090 nobilium
396 1034 453 1090 uita
474 1035 603 1107 uictuque
618 1042 721 1090 mutato
736 1050 827 1090 mores
842 1035 938 1090 mutari
954 1034 1094 1092 ciuitatum

130 1126 210 1192 puto.
242 1133 297 1190 quo
318 1118 499 1190 perniciosius
520 1117 554 1173 de
569 1133 599 1172 re
615 1117 720 1190 publica
735 1125 874 1174 merentur
889 1117 981 1172 uitiosi
997 1119 1095 1190 princi·

130 1219 191 1275 pes,
209 1201 283 1274 quod
300 1217 355 1257 ιοι
374 1201 464 1257 solum
480 1203 545 1257 uitia
557 1202 714 1274 concipiunt
731 1203 794 1274 ipsi,
811 1200 858 1256 sed
870 1217 899 1256 ea
911 1199 1058 1258 infundunt
1068 1202 1096 1256 in

130 1287 280 1356 ciuitatem,
303 1300 392 1358 neque
407 1284 498 1340 solum
513 1283 622 1355 obsunt,
647 1284 720 1357 quod
742 1286 795 1358 ipsi
810 1292 1032 1357 corrumpuntur,
1048 1282 1096 1339 sed

132 1371 216 1425 etiam
235 1368 307 1440 quod
317 1376 495 1441 corrumpunt
506 1367 624 1441 plusque
635 1367 757 1441 exemplo
769 1384 847 1440 quam
859 1374 971 1441 peccato
987 1375 1094 1424 nocent.

135 1460 223 1525 atque
237 1452 302 1507 hoec
315 1451 365 1523 ier,
381 1451 491 1507 dilatata
506 1453 533 1507 in
547 1451 669 1508 ordinem
681 1460 818 1524 cunctum,
830 1453 1095 1526 coangustandum

26 1573 27 1578 κ
130 1542 245 1608 potest;
261 1537 337 1608 pauci
354 1536 427 1591 enim
442 1543 524 1609 atque
540 1534 682 1590 admodum
700 1537 778 1608 pauci
789 1535 893 1592 honore
904 1545 932 1591 et
944 1536 1095 1609 gioriaam·

51 1689 54 1698 Ι
129 1617 244 1692 piiiicnti
265 1619 310 1674 uei
324 1635 499 1692 corrumpere
513 1633 603 1674 mores
618 1620 735 1675 ciuitatis
750 1618 795 1675 uel
810 1621 949 1693 corrigere
964 1629 1094 1693 possunt:

131 1703 181 1758 sed
196 1704 265 1758 haec
276 1712 303 1758 et
312 1719 385 1758 nunc
403 1704 468 1758 satis
486 1711 514 1758 et
531 1703 559 1757 in
574 1701 625 1758 iilis
636 1702 711 1759 libris
723 1710 837 1760 tractata
848 1711 912 1758 sunt
925 1703 1093 1777 diligentius.

132 1802 186 1860 qua
201 1802 233 1842 re
248 1786 283 1841 ad
298 1786 402 1860 relique
417 1787 566 1842 ueniamus.

194 1869 250 1925 XV.
273 1865 323 1926 38.
344 1869 498 1926 Proximum
519 1877 610 1926 autem
630 1876 673 1924 est
693 1869 726 1925 de
748 1869 900 1943 suffragiis,
924 1885 993 1942 quae
1013 1868 1095 1925 iubeo

130 1961 197 2010 nota
212 1970 274 2010 esse
290 1953 476 2026 optimatibus,
492 1953 596 2026 populo
611 1951 705 2012 libera.

194 2039 230 2096 A.
244 2037 284 2093 ita
300 2053 343 2095 me
358 2037 468 2094 hercule
483 2036 586 2093 attendi
606 2053 658 2091 nec
673 2038 738 2092 satis
754 2036 885 2106 intellexi,
909 2035 973 2108 quid
988 2034 1038 2090 sibi
1053 2035 1096 2091 lea

131 2129 179 2177 aut
196 2121 263 2195 quid
279 2120 362 2177 uerba
375 2123 428 2177 iste
443 2121 554 2177 uellent.

194 2205 236 2262 M.
259 2204 357 2276 Dicam,
381 2204 450 2276 Tite,
472 2213 501 2260 et
522 2202 654 2260 uersabor
676 2204 703 2258 in
725 2219 755 2258 re
778 2200 882 2258 difficili
898 2201 1054 2258 acmultum
1069 2211 1097 2258 et

131 2305 213 2363 saepe
236 2290 367 2361 quaesite,
391 2288 519 2362 suffragia
540 2290 568 2343 in
589 2289 750 2360 magistratu
772 2285 921 2342 mandando
944 2301 976 2342 ac
998 2284 1031 2340 de
1047 2301 1095 2341 reo

130 2371 275 2429 indicando
292 2363 505 2447 (iubendo)que²
525 2373 554 2427 in
574 2371 635 2445 iege
656 2377 703 2426 eut
716 2372 860 2445 rogatione
878 2368 946 2427 clam
962 2385 994 2424 an
1008 2369 1096 2443 palam

132 2457 200 2512 ierri
213 2455 310 2512 melius
324 2465 406 2514 esset.

200 2541 232 2608 Q.
252 2542 293 2594 An
309 2540 432 2597 etiamid
447 2538 558 2595 dubium
579 2539 639 2595 esti
661 2553 769 2608 uereor,
790 2554 825 2594 ne
845 2555 860 2593 a
881 2545 908 2594 te
928 2553 1023 2593 rursus
1043 2536 1097 2592 dis·

132 2625 258 2680 sentiam.

195 2709 238 2764 M.
260 2707 320 2764 Non
339 2706 439 2778 iacies,
454 2704 564 2773 Quinte.
595 2721 656 2761 nam
676 2722 728 2778 ego
749 2707 778 2761 in
798 2707 851 2762 ista
871 2721 930 2761 sum
954 2706 1097 2773 sententia,

131 2808 186 2866 qua
206 2799 236 2848 te
256 2790 343 2848 iuisse
363 2806 471 2865 semper
493 2791 560 2862 scio,
580 2789 647 2844 nihii
669 2796 700 2844 ut
720 2789 803 2845 iuerit
823 2791 851 2844 in
871 2788 1007 2862 suffragiis
1029 2804 1098 2844 uoce

130 2875 249 2945 melius3
264 2875 313 2932 sed
328 2876 446 2949 optineri
458 2889 490 2930 an
505 2875 594 2948 possit
609 2873 753 2930 uidendum
769 2881 820 2928 est.

195 2955 246 3017 34.
267 2957 302 3026 Q.
323 2960 422 3032 Atqui,
443 2957 541 3029 irater,
563 2956 633 3012 bona
655 2965 701 3012 tua
721 2959 799 3012 uenia
819 2956 944 3027 dixerim,
966 2957 1017 3012 ista
1038 2972 1098 3011 sen·

131 3045 220 3100 tentia
235 3043 349 3098 maxime
364 3051 392 3098 et
407 3041 477 3097 iallit
490 3043 631 3115 imperitos
646 3048 674 3096 et
690 3039 768 3096 obest
783 3041 940 3113 saepissime
955 3041 993 3095 rei
1008 3038 1097 3112 publi-

130 3143 190 3199 cae,
213 3143 275 3182 cum
295 3124 396 3199 aliquid
418 3141 514 3182 uerum
535 3133 563 3181 et
583 3131 688 3180 rectum
704 3140 764 3180 esse
779 3123 887 3201 dicitur,
908 3123 956 3180 sed
972 3125 1098 3196 optineri,

130 3211 159 3267 id
177 3219 222 3266 est
240 3209 335 3266 obsisti
356 3225 440 3284 posse
455 3208 558 3283 populo
574 3215 698 3281 negatur.
729 3209 845 3281 primum
861 3210 931 3264 enim
948 3206 1098 3280 obsistitur,

207 3413 230 3481 ¹)
244 3415 332 3465 Verbo
346 3415 437 3464 Plutoni
450 3423 532 3465 nostro
546 3416 625 3479 piacet
639 3414 733 3479 absque
749 3411 807 3477 ‘et',
822 3415 892 3478 quod
900 3413 1000 3472 addidi,
1015 3418 1040 3460 et
1053 3411 1099 3460 cd·

128 3489 188 3538 dito
199 3487 250 3550 qui,
266 3487 335 3550 quod
347 3487 440 3547 delevi,
455 3494 517 3550 post
534 3485 612 3535 aerbo
626 3500 696 3548 quem
710 3485 774 3549 quod
788 3486 816 3533 in
830 3483 886 3533 AB
898 3483 955 3532 edd.
970 3483 1098 3545 tepenter.

132 3555 156 3624 ¹)
173 3553 311 3607 ‘iudendo’
330 3557 425 3620 addidi3
441 3557 624 3620 sciscendoque
638 3557 678 3606 ed.
689 3555 721 3605 V.
