2684 4112
432 247 494 283 carr
512 247 614 284 rnsrrr.
632 230 680 285 IV.
698 238 808 290 95-98.
843 215 845 220 ¹
1039 238 1102 304 379

137 393 212 465 clim,
228 409 289 448 cum
305 391 366 466 lege
382 389 523 466 agebatur,
538 407 588 464 pro
605 390 652 446 lite
668 400 695 446 et
711 393 846 464 uindiciis,
862 394 946 451 idest
962 413 1012 470 pro
1028 413 1058 452 re
1074 407 1101 454 et

137 477 281 547 fructibus,
298 493 313 532 a
325 491 488 550 possessore
498 476 608 550 petitori
622 475 764 534 dabantur.
793 474 841 537 95.
855 478 978 536 Ceterum
992 482 1014 535 si
1028 484 1102 554 apud

137 562 324 620 centumuiros
342 561 451 636 agitur,
474 575 604 616 summam
623 562 780 634 sponsionis
802 579 857 619 non
882 579 931 637 per
956 564 1100 622 formulam

136 647 272 721 petimus,
292 645 341 702 sed
363 643 495 719 perlegis
511 645 661 718 actionem,
684 655 851 704 sacramento
873 642 1100 730 ’(quinpenorio)

136 733 218 788 modo
233 747 281 788 reo
296 722 479 804 prouoca103¹
498 745 583 802 eaque
599 731 710 802 sponsio
726 733 916 788 sestertiorum
929 750 1010 792 cxxv
1023 751 1099 790 num·

8 821 9 838 ³
60 839 121 894 [297]
136 831 210 872 mum
236 813 304 870 'lieri
328 807 418 870 sclet²
442 808 446 890 l
470 821 583 888 propter
608 813 707 888 'legem
728 845 770 855 —
791 845 829 856 -
854 810 922 874 -.3
967 813 1017 874 99.
1040 819 1168 893 tpsaeea.

137 907 241 972 autem,
265 901 312 972 qui
331 900 359 954 in
374 913 432 954 rem
447 899 520 972 agit,
542 899 565 952 si
586 915 636 954 suo
657 901 765 954 nomine
786 909 864 974 agat,
888 904 953 958 satis
969 919 1023 958 non
1045 904 1098 964 dat.

135 980 183 1042 97.
206 987 245 1040 Ac
260 1001 311 1040 nec
329 984 351 1038 si
372 999 423 1056 per
437 983 608 1056 cognitorem
624 983 731 1054 quidem
754 993 864 1059 agatur,
886 985 939 1041 ulla
960 987 1099 1043 satisdatio

135 1069 181 1126 uel
203 1067 237 1124 ab
261 1071 321 1142 ipso
344 1067 388 1123 uel
408 1083 422 1122 a
444 1067 554 1122 domiuo
582 1066 766 1125 desideratur:
792 1085 852 1126 cum
874 1071 945 1126 enim
968 1071 1049 1126 certis
1072 1079 1100 1126 et

136 1155 214 1227 quasi
230 1151 405 1209 sollemnibus
423 1150 515 1208 uerbis
538 1153 565 1206 in
585 1150 674 1207 locum
690 1152 792 1208 domini
808 1153 991 1210 substituatur
1006 1158 1100 1230 cogiti-

135 1246 196 1309 tor,
224 1239 320 1293 merito
343 1237 444 1293 domini
472 1236 533 1292 locc
556 1234 680 1293 habetur.
724 1233 774 1294 99.
797 1237 962 1295 Procurator
985 1256 1052 1296 uero
1077 1241 1098 1295 si

136 1331 212 1396 agat,
227 1320 358 1377 satisdare
373 1320 482 1376 iubetur
504 1329 593 1378 ratum
609 1337 665 1376 rem
681 1320 819 1379 dominum
836 1322 1003 1380 habiturum:
1026 1326 1099 1398 peri·

137 1448 198 1512 quia
212 1446 252 1495 ed.
267 1445 315 1511 Bp.
338 1445 390 1496 Sed
402 1454 463 1497 tunc
473 1462 528 1497 esse
538 1446 655 1496 deberet:
669 1453 693 1495 et
702 1447 764 1511 quia.
788 1447 861 1498 Nune
873 1444 953 1498 ‘nam'
969 1449 1008 1498 ed.
1020 1447 1067 1515 Bp.
1079 1460 1098 1501 5.

212 1513 233 1582 ¹)
248 1513 543 1586 nrrclrcp(rn)uccatu(uel
557 1515 589 1584 o).
626 1515 672 1567 Sic
686 1518 745 1581 sere
765 1517 791 1567 V
793 1515 813 1550 'i
823 1521 921 1582 partim
936 1535 970 1568 eae
984 1517 1099 1570 Blultmii

134 1596 160 1638 et
185 1587 277 1639 odron.
300 1587 392 1641 Scded.
430 1589 462 1638 In
483 1589 508 1638 0.
529 1596 591 1652 post
613 1596 762 1638 sacramento
786 1591 888 1640 ratione
910 1593 987 1640 etiam
1009 1591 1098 1641 dubita

137 1659 229 1710 Gdsclt.
243 1658 336 1710 Seded.
354 1661 438 1723 fuisse
457 1666 533 1710 anteo
552 1660 614 1709 midi
630 1660 766 1709 uidebatur
780 1660 851 1710 llario
868 1661 872 1724 1
888 1668 1019 1725 reponente
1033 1661 1097 1726 (pro

135 1747 176 1781 reo
190 1730 334 1797 prouocato)
358 1731 428 1796 quod
445 1730 639 1794 interpretabar
657 1731 812 1794 quingenario
827 1730 872 1796 (cf.
888 1744 910 1794 4,
924 1733 960 1794 15)
980 1746 1021 1780 reo
1040 1747 1097 1796 pro·

133 1809 227 1853 uocato.
267 1802 354 1867 Neque
378 1804 444 1852 enim
464 1803 547 1866 facile
565 1809 672 1866 poterut
692 1801 774 1852 Gaius
795 1804 954 1852 sacramenti
977 1817 1098 1852 summam

132 1875 262 1933 omittere,
278 1890 334 1926 cum
348 1875 497 1937 sponsionis
510 1874 644 1936 definirem
663 1873 699 1921 od
712 1874 884 1922 centumuiros
898 1888 958 1924 uero
974 1874 1006 1922 de
1021 1873 1098 1922 rebus

133 1945 275 1995 maioribus
293 1951 392 1994 tantum
409 1951 494 1994 aetum
507 1958 562 1993 esse
579 1950 679 1994 constat
698 1950 723 1992 et
741 1942 864 1992 Valerius
879 1943 982 1993 Probus
1000 1951 1097 1993 tantum

133 2023 321 2066 sacromentum
336 2017 535 2080 quinpenarium
549 2016 627 2065 nouit.
652 2015 704 2063 ium
718 2029 774 2064 eum
788 2013 877 2063 Sidus
891 2021 1011 2072 testetur,
1026 2016 1053 2062 in
1070 2015 1095 2066 0.

133 2087 205 2137 Dario
220 2101 270 2138 non
282 2088 381 2151 fuisse,
400 2086 449 2136 doe
462 2102 479 2136 a
494 2085 605 2136 librario
620 2087 738 2136 omissum
752 2087 845 2143 statui,
861 2085 955 2134 deinde
969 2100 1030 2136 uero
1045 2101 1096 2136 non

133 2159 197 2209 euim
211 2157 347 2225 (notatum)
361 2173 396 2208 eu
409 2157 450 2206 Bl.
464 2155 568 2216 Seded,
582 2157 652 2222 quod
664 2157 764 2214 sensui,
779 2171 827 2206 nec
841 2155 896 2205 inde
912 2154 962 2221 (ed.
977 2154 1010 2220 a),
1029 2157 1098 2220 quod

131 2232 282 2294 scripturae
298 2229 526 2288 decucurrerit,
540 2229 588 2278 sed
600 2243 669 2278 nune
683 2225 777 2293 m(odo)
790 2229 916 2291 scriptum
927 2229 1012 2290 fuisse
1021 2235 1096 2290 puto,

132 2301 181 2352 doe
194 2317 286 2360 sensu,
306 2300 376 2365 qnod
388 2315 449 2349 reus
462 2307 561 2349 tontum
575 2298 785 2362 provocaturum
804 2313 866 2364 erpo
881 2305 935 2348 tota
953 2299 1017 2348 haee
1032 2300 1096 2364 lepis

132 2373 201 2422 aedo
216 2373 290 2422 modo
310 2372 378 2420 dicis
394 2372 485 2436 pratia
499 2373 526 2419 in
542 2385 589 2420 usu
608 2375 709 2419 retenta
725 2376 791 2420 erat.
817 2369 932 2432 fortasse
947 2385 1007 2419 uero
1017 2372 1097 2432 prius

132 2457 159 2491 re
174 2458 209 2491 ex
228 2440 325 2508 (alte)ro
344 2443 477 2491 remansit.
510 2441 553 2490 sed
571 2455 615 2504 per
633 2441 692 2503 legis
710 2441 840 2502 actionem3
861 2448 1010 2490 sacramento
1033 2441 1096 2489 enim

133 2527 204 2562 reum
217 2527 376 2576 prouocemus
390 2513 448 2562 edd.
462 2519 488 2562 et
501 2527 557 2562 meo
571 2525 606 2574 1.,
625 2515 652 2560 in
666 2527 718 2576 qua
731 2525 783 2575 pro
798 2526 867 2560 reum
881 2514 914 2575 ei.
929 2525 1096 2575 possessorem

133 2584 205 2632 nntis
217 2585 348 2646 scriptum.
405 2579 426 2649 ²)
441 2584 467 2632 lit
480 2583 579 2633 scilicet
591 2583 649 2632 edd.
660 2598 730 2632 meae
744 2595 763 2633 1.
774 2593 795 2632 a.
813 2589 838 2632 et
851 2597 885 2631 em
899 2585 931 2645 ej.
942 2598 1011 2632 nune
1021 2581 1095 2632 Stud.

138 2652 214 2714 Quod
227 2655 253 2702 in
270 2653 294 2703 0.
311 2662 381 2705 certo
395 2669 446 2705 non
461 2669 529 2712 esse,
548 2655 600 2703 lieri
615 2653 676 2702 solet
689 2655 814 2717 seriptum
830 2653 915 2716 fuisse
929 2668 1020 2716 posse,
1039 2669 1098 2703 cum

132 2723 223 2775 Sidus
237 2731 356 2785 testetur,
375 2741 444 2775 nunc
462 2724 511 2776 doc
529 2725 608 2774 edidi.
683 2719 704 2788 ⁸)
719 2724 933 2790 legempreperiam
952 2720 1003 2774 W.
1028 2724 1095 2773 unde

132 2796 209 2858 legem
228 2797 332 2861 qnidam
350 2795 501 2860 Crepereiam
521 2797 569 2845 olii
588 2795 705 2860 Papiriam
730 2797 873 2846 uoluerunt.
906 2794 1031 2859 Equidem
1050 2796 1096 2844 otu

131 2867 229 2926 dubito,
245 2867 274 2917 id
287 2867 357 2932 quod
369 2869 396 2917 in
412 2867 438 2918 0.
454 2867 623 2930 conspicitur,
637 2874 760 2930 corrupte
775 2881 829 2916 esse
842 2867 968 2930 scriptum
977 2881 1030 2929 pro
1044 2866 1095 2928 lege

131 2938 173 2987 iul.
189 2939 307 3003 papiriam
322 2959 356 2980 --
371 2939 447 3000 legem
466 2938 549 2986 luliam
563 2938 696 3002 Papiriam,
715 2953 780 3002 quoe
799 2939 844 2986 tea
862 2939 916 2986 lato
935 2953 959 2986 a.
974 2948 1015 2988 stt
1030 2935 1094 3002 (Cic.

130 3009 165 3057 de
178 3025 234 3072 rep.
245 3022 266 3073 a,
281 3020 315 3061 ti.
335 3010 393 3062 Lio.
403 3021 426 3073 4,
436 3007 473 3075 en)
488 3011 564 3058 etiam
577 3009 626 3058 lroc
640 3009 743 3057 uidetur
757 3009 886 3066 sanxisse,
901 3023 933 3056 ne
947 3023 1096 3058 sacramen·

204 3111 228 3184 ξ.
244 3117 286 3166 95.
309 3116 347 3179 Cf.
363 3117 386 3178 ξ.
402 3127 435 3166 at.
455 3130 499 3178 per
517 3115 576 3178 legis
596 3112 725 3182 actionem]
747 3115 832 3164 Antea
851 3116 927 3164 etiem
946 3116 1004 3177 ipso
1022 3114 1095 3164 nere·

129 3186 202 3235 ditas
216 3202 267 3250 per
286 3189 352 3252 lepis
365 3188 491 3237 actionem
505 3186 696 3236 uindicabatur.
723 3186 776 3236 Cic.
796 3185 873 3235 Verr.
888 3198 909 3247 1,
923 3196 957 3238 ti.
982 3186 1013 3234 de
1027 3192 1094 3236 orat.

130 3269 153 3318 1,
167 3268 193 3308 ³8
205 3259 250 3320 fin.
266 3259 336 3322 quod
349 3265 442 3321 posteo
461 3257 597 3314 abolitum·
616 3259 777 3322 nequeenim
796 3257 925 3306 vindicias
943 3257 1096 3305 hereditatis

129 3327 188 3377 dici
193 3330 306 3392 placuit,
320 3329 396 3378 euius
405 3332 502 3378 nullum
512 3329 663 3378 retinendae
669 3329 844 3392 possessionis
854 3327 1018 3376 interdictum
1029 3333 1094 3374 erat.

132 3397 171 3462 Of.
192 3399 281 3449 Vater.
298 3399 377 3450 Proh.
392 3411 412 3451 4.
469 3395 493 3468 ξ.
510 3403 552 3451 97.
574 3400 612 3463 Of.
628 3401 651 3462 §-
667 3411 700 3450 es.
722 3399 765 3448 Fr.
782 3398 898 3448 Vanam.
954 3393 979 3464 ξ.
996 3396 1038 3445 98.
1056 3395 1094 3458 Os.

125 3484 171 3532 pr.
190 3469 214 3518 I.
233 3470 257 3520 d.
278 3478 294 3520 t.
315 3471 347 3520 L.
363 3483 397 3522 att.
417 3473 441 3532 ξ.
457 3484 477 3522 1.
497 3471 529 3523 L.
544 3482 578 3522 ee.
597 3472 621 3532 ἓ.
637 3483 656 3521 1.
681 3470 713 3519 D.
729 3471 761 3520 de
776 3484 852 3532 proc.
867 3466 903 3534 (a,
918 3465 949 3532 a).
971 3466 1013 3515 Fr.
1035 3463 1094 3514 Vot.

129 3549 177 3591 are.
199 3540 312 3592 Censuit.
326 3554 347 3594 s.
367 3542 400 3591 J..
415 3553 449 3592 aa.
470 3543 493 3604 ξ.
508 3553 528 3593 e.
548 3542 580 3590 Ι).
595 3548 679 3591 ratam
699 3555 752 3590 rem
767 3538 818 3606 (m,
832 3538 864 3604 e).
884 3537 916 3586 L.
932 3550 965 3588 11.
981 3539 1003 3600 ξ.
1020 3549 1040 3590 a.
1061 3537 1093 3585 D.

128 3610 162 3660 de
176 3627 235 3662 eac.
249 3615 291 3662 rei
304 3613 359 3666 iud.
374 3612 419 3680 (44,
434 3611 466 3678 2).
