2694 4110
253 205 312 270 794
458 223 556 261 emesa.
574 224 628 261 ma.
647 223 710 260 nou.
729 223 816 260 vasso.
835 210 984 260 att-280.

250 347 453 412 'conlatorum¹
476 369 539 410 mon
553 355 683 426 consequi
704 346 840 409 'minime²
861 369 941 426 posse
958 353 1092 425 uideatur,
1115 361 1209 411 tamen

252 439 467 512 ’perseuerantia
483 430 647 494 uoluntatis³
669 435 702 492 ad
724 439 809 493 instar
830 437 925 492 mortis
947 453 1027 493 causa
1049 438 1208 495 donationis

250 521 436 578 huiuscemodi
457 519 645 577 liberalitatem
666 519 754 594 redigi
777 529 921 594 oportere,
950 529 1024 576 retro
1051 523 1208 594 principum

251 606 392 678 rescriptis
414 606 593 679 cognoscitur
614 619 674 660 esse
695 597 880 661 concessum.⁴
916 603 988 660 unde
1011 605 1096 660 uirum
1111 605 1208 662 claris·

251 691 347 745 simum
370 690 535 762 praelectum
557 687 633 759 urbi,
656 688 769 744 amioum
791 697 932 758 nostrum,
953 689 1030 744 cuius
1052 689 1126 744 notio
1150 697 1207 762 est,

251 772 323 828 adire
345 788 399 828 non
421 771 580 846 prohiberis,
604 773 650 845 qui
666 769 788 826 omnibus
808 773 860 828 rite
882 771 1069 842 consideratis,
1092 789 1161 844 quae
1178 775 1207 829 in
1221 785 1286 834 [roo]

250 871 356 930 precem
380 864 452 912 tuam
473 848 657 911 conferenda⁵
684 853 746 910 ’titi
768 863 835 911 sunt
856 848 945 917 nicol
967 871 1016 928 pro
1038 857 1206 929 experientia

251 958 300 996 sua
321 949 395 995 recte
418 939 596 996 ’sententiam
615 939 673 996 deri
692 931 809 1010 faciet.l
845 937 902 994 liat.
926 937 990 996 idib.
1006 941 1138 1012 Augustis
1152 939 1206 998 Ro-

251 1041 320 1094 mae,
335 1022 511 1079 Constantino
527 1032 554 1079 et
569 1021 670 1079 Licinio
687 1025 776 1096 dugg.
792 1015 897 1078 conss.8

144 1107 256 1146 ΝΟΜ·
319 1101 384 1164 275.
405 1107 464 1163 liiui
478 1107 656 1163 Diocletianus
671 1113 700 1162 et
713 1107 887 1162 Constantius
903 1099 1044 1162 ’Sabinae⁹
1060 1113 1089 1163 et
1099 1107 1206 1164 Diodu·

145 1184 309 1254 [mineum
341 1189 489 1247 Perlectam
504 1184 683 1269 donaltlonem
704 1197 805 1246 mutata
822 1189 962 1246 uoluntate
977 1189 1131 1262 donatoris,
1152 1193 1206 1248 etsi

250 1291 344 1347 parum
359 1283 453 1348 gratus
469 1276 583 1346 existet,
604 1275 647 1330 cui
662 1273 734 1330 dono
750 1290 793 1330 res
808 1273 869 1330 data
883 1280 939 1346 est,
962 1275 1070 1330 minime
1084 1273 1203 1332 'rescin-

251 1353 306 1413 di¹⁰
321 1374 411 1430 posse,
427 1373 507 1431 saepe
522 1360 682 1432 rescriptum
697 1351 778 1414 est.¹¹
807 1356 857 1412 PP.
868 1356 899 1413 V.
913 1373 979 1414 uon.
993 1357 1069 1414 Mart.
1082 1358 1205 1416 Nicome-

250 1441 319 1512 diae,
335 1440 445 1497 llaairno
460 1449 489 1498 ot
503 1442 628 1513 Aquilino
643 1434 760 1498 conss.¹²

313 1519 382 1582 2⁷6.
406 1517 518 1580 ¹³la'dem
534 1567 541 1580 .
560 1567 566 1580 .
583 1567 590 1580 .
608 1527 657 1580 iae.
688 1525 726 1590 Si,
750 1525 789 1580 'ut
809 1518 893 1594 ois,¹⁴
912 1532 1001 1598 poter
1015 1535 1079 1583 tuus
1094 1529 1205 1584 nomine

250 1608 342 1664 matris
357 1617 419 1664 tuae
433 1607 467 1664 de
487 1625 535 1664 sua
555 1610 667 1682 pecunia
687 1605 746 1664 ’ree
765 1611 904 1682 quosdam
925 1603 1024 1666 emit¹⁵
1045 1612 1205 1668 donationis

250 1707 340 1762 causa,
363 1693 441 1766 eique
463 1692 572 1748 tradidit
594 1701 622 1749 ot
643 1691 776 1748 decedens
799 1708 853 1748 non
874 1695 1015 1750 reuocauit
1036 1694 1063 1749 id
1083 1696 1160 1767 quod
1172 1698 1204 1751 in

251 1770 342 1833 eom¹6
364 1776 513 1834 contulisse
538 1777 661 1848 uidetur,
684 1775 836 1850 intellegis,
858 1775 959 1832 frustra
980 1785 1008 1833 te
1031 1777 1100 1834 uelle
1120 1793 1203 1851 expe-

250 1861 306 1924 riri,
330 1875 390 1918 cum
406 1862 528 1918 oratione
543 1859 599 1916 diui
613 1859 708 1916 Seueri
722 1860 879 1916 huiusmodi
890 1861 1050 1918 donationes
1066 1870 1128 1934 post
1142 1861 1202 1918 obi·

250 1952 307 1998 tum
329 1959 432 2010 eorum,
455 1945 502 2017 qui
521 1943 703 2015 donauerunt,
724 1941 928 2002 confirmentur.
963 1943 1015 2002 PP.
1036 1945 1120 2019 pridie
1134 1961 1202 2004 non.

251 2026 327 2084 llari.
344 2028 508 2098 Antiochiae,
525 2031 616 2101 Augg.
630 2027 675 2082 llll
689 2034 717 2084 et
732 2027 773 2082 ΙΙΙ.
789 2021 907 2084 conss.¹⁷

312 2107 378 2169 aii.
403 2105 511 2168 ¹⁸la'dem
526 2112 633 2168 Aurelio
649 2153 655 2164 .
672 2151 679 2166 .
698 2152 705 2166 .
721 2110 780 2166 'Ne
793 2111 894 2182 frater
908 2112 958 2168 titt
978 2115 1094 2186 eripiat,
1117 2131 1202 2188 quom

251 2335 311 2384 licet
324 2335 438 2396 primum
454 2348 490 2384 en
507 2333 569 2382 titius
585 2333 684 2396 foetum
702 2333 745 2382 tilii
760 2335 777 2381 s‘
792 2331 837 2396 (=
852 2331 930 2399 sunt),
950 2333 1043 2383 deinde
1063 2349 1098 2383 ean
1115 2333 1202 2398 degens

251 2405 375 2464 degentes3
391 2405 465 2453 coins
480 2412 576 2452 eertum
590 2405 723 2466 vestigium
737 2404 806 2468 quod
824 2403 882 2454 Vot.
899 2411 991 2467 posteo
1005 2401 1080 2453 dabat
1095 2405 1203 2454 uideatur

251 2474 390 2538 (uideantur
403 2472 481 2537 edd).
500 2474 542 2521 tilii
557 2469 634 2539 [sunt]
650 2475 762 2535 degentes
776 2473 815 2522 ed.
831 2473 924 2523 Hotlw.
992 2471 1009 2538 ¹)
1025 2475 1144 2524 conlatum
1168 2475 1199 2524 V.

250 2544 309 2592 edd.
339 2543 460 2592 Correxit
473 2546 549 2591 etiam
564 2543 677 2592 Montano.
751 2539 773 2608 8)
788 2543 957 2606 Emlindors.
974 2547 1006 2606 ej.
1021 2551 1046 2594 ei
1064 2545 1092 2593 V
1093 2543 1115 2594 ὁ.
1134 2559 1157 2595 m
1173 2581 1201 2594 ..

256 2613 314 2662 Vnt.
330 2609 404 2661 ‘noo’
421 2613 460 2661 ed.
475 2613 568 2662 Hotlso.
642 2609 663 2678 ³)
678 2612 722 2662 Ec
743 2613 848 2666 Wenclc.
864 2617 897 2676 qi.
911 2621 936 2663 et
955 2614 982 2662 V
986 2613 1006 2666 ἢ.
1025 2623 1165 2678 perseuerat
1179 2623 1203 2665 et

252 2720 257 2732 .
274 2720 280 2732 .
296 2719 302 2732 .
318 2719 324 2730 .
339 2683 398 2730 satis
417 2681 475 2731 Vnt.
490 2691 660 2745 perseuerante
675 2685 795 2732 uoluntate
810 2685 848 2733 ed.
867 2684 957 2734 Hollw.
1010 2682 1030 2750 4)
1050 2685 1088 2748 Os.
1103 2687 1142 2747 ἓξ.
1153 2695 1200 2738 eti.

250 2765 297 2805 aro.
312 2764 359 2804 aar.
380 2751 456 2802 Paul.
471 2751 497 2805 S.
510 2752 540 2802 Ii.
556 2765 577 2814 n,
592 2767 625 2805 11.
641 2755 664 2816 ς.
675 2767 695 2806 e.
710 2755 742 2802 L.
753 2765 773 2803 a.
791 2753 835 2804 Gr.
853 2754 878 2803 0.
890 2755 975 2817 famil.
990 2771 1042 2806 ere.
1057 2753 1199 2820 (a,eaeto).

251 2823 283 2872 t.
297 2833 318 2874 2.
343 2821 369 2870 O.
384 2823 415 2872 tie
429 2825 501 2888 inoff.
517 2824 576 2876 don.
593 2824 628 2890 (a,
643 2823 688 2890 eo).
761 2823 782 2890 ὁ)
797 2825 880 2874 Addit
893 2839 916 2873 m
931 2823 969 2889 (in
981 2827 1033 2888 fine
1047 2839 1141 2882 versos,
1156 2823 1200 2874 ubi

250 2921 342 2984 siglam
360 2937 384 2970 m
402 2935 457 2970 esee
474 2919 584 2985 oportet)
609 2921 667 2972 Vot.
741 2916 762 2984 ⁶)
776 2920 820 2970 Ad
842 2921 870 2970 V
870 2921 890 2971 ἃ.
909 2923 1020 2987 vestigio
1036 2921 1145 2971 restitui.
1173 2928 1199 2970 tu

251 2991 338 3040 duxisti
352 2992 391 3040 ed.
407 2991 520 3042 Monimo.
578 2989 598 3056 7)
613 2990 644 3039 Io
664 2991 694 3039 V.
710 2992 785 3040 initio
796 2992 881 3054 fuerit
894 2992 982 3041 sedari.
1003 2993 1109 3042 indicari
1123 3005 1199 3041 coro·

251 3061 288 3111 bit
300 3062 339 3110 ed.
355 3062 468 3113 Momms.
542 3058 562 3126 ⁸)
582 3077 605 3108 a.
620 3070 672 3122 ³15,
691 3069 719 3110 ot
736 3062 853 3119 videtum
872 3063 906 3125 ef.
925 3061 1025 3112 Bucdlt.
1043 3069 1068 3112 et
1088 3061 1198 3112 Momms.

252 3129 273 3198 i)
288 3132 430 3182 Sabinianus
444 3133 484 3182 ed.
499 3131 598 3181 Bocdd.
614 3131 660 3180 Sab
676 3167 682 3180 .
698 3167 704 3178 .
719 3146 748 3180 na
768 3133 826 3182 Vot.
855 3133 940 3182 Antea
956 3133 1099 3184 Constantii
1113 3147 1200 3184 nomen

245 3217 386 3267 perperam
399 3203 515 3252 additum
528 3217 591 3258 esre,
605 3208 677 3251 notat
687 3202 799 3252 Momnts.
806 3219 834 3266 p.
845 3214 892 3254 ton.
941 3200 973 3269 ιο)
984 3203 1029 3252 En
1038 3205 1077 3253 ed.
1088 3203 1200 3256 Momma.

250 3275 362 3323 contendi
386 3273 444 3322 Vnt.
463 3273 503 3322 cd.
522 3271 616 3322 Hollw.
692 3269 724 3338 11)
747 3273 785 3336 Os.
805 3273 837 3323 L.
852 3284 921 3326 a-t.
947 3273 973 3324 0.
988 3275 1020 3324 de
1038 3289 1122 3324 revoc.
1142 3273 1200 3324 don.

251 3341 342 3409 (ooo).
408 3339 481 3410 ¹²)a.
496 3354 542 3394 ase.
609 3338 641 3407 18)
658 3343 696 3405 Cf.
711 3343 743 3392 L.
758 3355 838 3406 nepe.
854 3345 893 3406 ξς.
908 3357 928 3394 1.
943 3355 964 3396 a.
988 3345 1020 3393 Ι).
1036 3345 1141 3396 dadon.
1156 3345 1201 3394 tat.

250 3411 405 3479 nir.(2t,1).
472 3411 503 3475 ιι)
518 3413 562 3462 Ero
582 3411 627 3463 Vl.
644 3414 756 3464 Momms.
771 3415 810 3463 ed.
877 3411 909 3478 ιδ)
923 3413 1025 3464 Similia
1039 3417 1087 3464 alii
1102 3421 1162 3464 rest.

254 3479 286 3547 18)
300 3485 345 3533 Ero
363 3485 390 3533 V
394 3482 413 3533 l.
428 3491 453 3532 et
467 3485 580 3534 Momms.
595 3487 635 3534 ed.
653 3481 776 3550 ‘(eontro)
795 3485 819 3532 id
839 3485 907 3548 quod
925 3487 952 3534 in
971 3481 1036 3534 cam'
1056 3485 1115 3534 edd.
1134 3499 1203 3534 meae

250 3564 271 3602 1.
285 3563 305 3602 2.
320 3555 349 3602 ad
365 3553 427 3618 (pro
442 3554 475 3620 id)
495 3555 553 3604 Vnt.
607 3552 640 3622 Π)
654 3571 678 3604 o.
694 3566 740 3606 too.
795 3552 827 3620 18)
845 3556 883 3618 Cf.
899 3563 949 3606 not.
964 3567 985 3606 4.
