2700 4118
412 212 516 248 noman
533 212 639 248 vnrrsur
656 213 722 249 mer.
740 215 797 249 suu.
1018 194 1078 260 621

194 339 224 399 Ι-2,
247 341 365 416 llepositi
388 357 497 415 qnoque
519 341 662 399 utilitatem
684 344 727 398 ius
749 345 870 416 gentium
892 343 1024 417 prodidit,
1052 352 1083 400 ut

130 419 211 499 quis¹
239 425 442 488 custodiendam
464 441 519 480 rem
542 441 617 482 suam
646 425 783 482 animalem
806 427 850 482 uel
874 418 877 502 )
901 429 1083 484 inanimalem

130 513 224 566 amieo
244 511 316 566 dare
334 513 442 582 possit,
464 513 544 582 isque
559 513 587 566 ei
604 511 718 566 adrem
739 510 812 565 bona
832 511 890 580 fida
910 513 1083 569 reddendam

132 600 275 650 teneatur.

476 737 522 777 ra.
538 736 576 777 111
591 713 681 799 (antea
696 711 739 797 v).

197 829 222 888 1.
257 874 264 889 .
290 875 296 888 .
323 876 328 888 .
351 822 544 908 comlparatum
566 839 607 887 ast
629 829 818 900 interdictum,
847 827 923 886 uelut
946 823 1008 886 cui²
1035 831 1189 952 ici-talliis.
1236 889 1238 896 ,

132 918 201 972 tium
217 921 266 975 est.
283 955 290 970 .
307 957 313 968 .
1112 917 1163 952 ¹¹1¹·

555 1051 603 1091 PR.
619 1049 660 1090 lv.

197 1141 222 1200 1.
248 1184 255 1198 .
273 1185 279 1196 .
297 1185 303 1199 .
323 1136 327 1220 l
344 1145 478 1216 quaedam
493 1146 578 1198 etiarn
592 1141 747 1198 interdieta
763 1148 830 1198 sant
845 1135 923 1197 tami
938 1139 1189 1214 adipiscas-toliis.

131 1227 183 1284 dae
206 1242 285 1298 quam
307 1225 496 1298 reciperandae
518 1225 716 1297 possessionis,
745 1225 833 1297 qualia
855 1233 917 1280 sunt
945 1224 1086 1281 interdicta
1118 1219 1158 1266 fin·

135 1325 220 1374 ovum
234 1324 360 1366 avuuvn
375 1317 402 1363 ct
418 1323 503 1370 ovam
516 1301 765 1388 111111111111111.4
800 1325 861 1364 nam
876 1310 899 1364 si
915 1307 1026 1365 fundum
1040 1309 1084 1366 uel

134 1391 309 1447 hereditatem
326 1390 358 1446 alr
373 1391 462 1465 aliquo
477 1399 581 1465 petam,
604 1409 655 1448 neo
668 1391 710 1447 ’lis
725 1385 910 1464 (1111111111111,5
929 1394 1038 1467 cogitur
1052 1393 1085 1450 ad

135 1491 178 1530 me
194 1475 340 1531 transferre
355 1475 565 1549 possessionem,
581 1477 639 1532 siue
654 1492 798 1550 numquam
813 1477 933 1550 possedi
949 1478 1008 1534 siue
1023 1485 1085 1536 anie

131 1550 264 1638 praecidi,
282 1558 378 1616 deinde
393 1560 468 1615 amisi
482 1561 690 1633 possessionem.

484 1714 569 1756 1111
588 1694 677 1769 (antea
695 1693 732 1772 1).

196 1804 222 1863 1.
250 1807 268 1862 ’.
295 1848 301 1863 .
325 1811 502 1864 restitutoria
525 1815 552 1864 at
574 1808 746 1864 candidatorio
768 1800 936 1864 interdietal
958 1812 1010 1863 aui
1030 1817 1179 1880 pertarith

130 1883 462 1968 formulamlarbitrariam
478 1891 660 1962 explicantur,
683 1897 729 1943 aut
744 1905 791 1962 per
809 1891 999 1962 sponsionem
1022 1907 1085 1962 pro·
1119 1889 1159 1936 fin.

135 1971 260 2028 hiblioria
275 1990 341 2029 uero
357 1965 477 2046 semper⁷
500 1989 548 2045 per
568 1973 741 2045 sponsionem
764 1972 938 2045 explicantur.
983 1970 1012 2030 2.
1035 1973 1085 2029 lle·

151 2172 155 2180 .
209 2133 228 2203 ¹)
249 2138 325 2186 Vind.
340 2139 418 2202 quiuis
433 2137 552 2190 1111111.
601 2135 621 2202 ²)
642 2138 669 2186 V
667 2138 718 2186 ind.
734 2139 801 2186 cuius
811 2140 868 2188 edd.
880 2151 900 2188 1.
910 2150 930 2188 11.
951 2138 1086 2202 Spectasse

134 2208 198 2258 llaec
217 2208 337 2257 ridentur
355 2209 391 2256 ad
409 2208 549 2258 interdicta
566 2209 750 2270 adipiscendae
764 2211 950 2271 possessionis,
965 2225 982 2257 a
996 2209 1086 2273 quibus

133 2281 210 2328 etiam
225 2277 359 2342 Ulpianum
368 2280 395 2326 in
405 2279 454 2326 bac
464 2279 658 2328 interdictorum
668 2279 794 2328 divisione
809 2281 910 2328 initium
921 2280 1025 2342 fecisse,
1039 2281 1086 2328 du-

135 2349 215 2398 bitari
229 2363 279 2398 nan
290 2355 382 2411 potest.
413 2348 502 2412 Itaque
517 2350 551 2397 iis
564 2349 688 2398 absolutis
702 2364 861 2414 propressus
875 2357 913 2398 est
926 2352 999 2400 eirca
1010 2351 1086 2413 fineen

135 2419 247 2468 eiusdem
257 2420 372 2483 papinae
386 2419 421 2468 ad
434 2419 574 2468 interdieta
583 2435 633 2468 non
644 2427 740 2468 tantum
749 2420 934 2484 adipiscendae
947 2422 1085 2483 possessio·

136 2491 189 2547 nis,
209 2504 257 2552 quo
272 2491 387 2552 pertinet
403 2504 510 2553 sequens
525 2490 704 2554 fragmentum.
761 2486 1086 2556 8)81ὀ111111111111111111111

136 2561 246 2617 restitui,
258 2558 390 2624 Kruepera'
399 2562 507 2608 lectione
518 2561 612 2623 fretas.
637 2555 694 2609 ‘aut
707 2561 894 2624 reciperandae
905 2564 1085 2624 possessionis,

135 2645 186 2694 quo
203 2635 208 2689 1
224 2631 247 2678 in
262 2644 363 2680 nurnero
377 2637 415 2678 est
428 2631 593 2680 interdictam
612 2637 689 2678 VNDE
706 2638 741 2694 VI,
756 2639 801 2680 aut
815 2629 877 2680 tam'
888 2632 945 2681 edd.
957 2644 976 2682 1.
987 2643 1008 2681 a.
1031 2632 1085 2681 Da-

133 2701 216 2763 plicia
235 2715 296 2750 aero
315 2701 379 2750 llaec
397 2701 536 2750 interdieta
555 2701 604 2750 lino
622 2703 724 2750 ratione
738 2701 809 2751 dicia
823 2717 890 2760 esse,
910 2717 956 2752 nec
970 2717 1004 2751 eac
1018 2703 1050 2751 L.
1065 2713 1084 2752 a.
1152 2761 1154 2768 Ι

135 2772 160 2832 §.
175 2773 219 2820 ult.
234 2770 266 2818 Il.
281 2771 313 2819 de
328 2771 421 2820 interd.
436 2770 480 2832 (aa,
495 2769 518 2836 1)
534 2772 654 2834 efficitur.
706 2769 727 2837 ⁴)
744 2771 781 2835 Cf.
799 2772 842 2821 Fr.
863 2773 920 2822 Vat.
936 2785 969 2824 91.
1022 2770 1042 2839 ⁶)
1056 2773 1085 2822 lis

135 2841 246 2890 defendat
271 2840 348 2890 Vind.
368 2842 389 2890 is
409 2841 518 2890 delcndat
536 2843 592 2890 edd.
608 2855 628 2892 1.
643 2854 663 2892 11.
685 2844 746 2906 qnia
766 2842 869 2892 dubium
890 2843 1036 2905 dicebatur,
1058 2846 1086 2893 in

138 2911 197 2961 Ood.
212 2919 310 2962 essetne
323 2927 364 2962 ms
380 2927 413 2960 an
427 2927 484 2970 ms,
500 2919 524 2962 et
537 2914 638 2978 siparum
652 2913 720 2976 quod
732 2912 808 2962 babet
816 2921 877 2976 post
890 2915 990 2976 cogitur,
1004 2916 1085 2980 sipri-

131 2983 256 3044 ficaretne
268 2983 382 3045 fortasse
397 2982 556 3032 aduersarius.
579 2981 632 3031 Sed
644 2985 742 3031 rectius
756 2984 804 3032 boe
819 2983 939 3050 Krueper
953 2985 1037 3048 refert
1051 2987 1087 3034 ad

134 3054 245 3116 piossam
262 3054 430 3117 marpinalem
448 3069 517 3102 nrrnc
535 3053 681 3102 abscissam.
714 3052 749 3102 Et
766 3055 799 3102 iis
818 3055 923 3118 defendi
941 3062 999 3104 ante
1019 3057 1086 3104 litem

135 3129 309 3181 contestatum,
319 3137 462 3186 quanquam
472 3125 554 3172 minus
560 3126 677 3186 proprie,
687 3124 785 3173 dicitur
795 3131 877 3174 tamea
888 3127 962 3174 etiam
970 3125 1001 3174 L.
1010 3137 1035 3176 18
1042 3141 1084 3188 pr.

136 3192 168 3244 D.
183 3193 214 3242 de
229 3207 337 3256 procur.
354 3193 389 3256 (a,
408 3191 440 3256 a).
504 3191 526 3259 ⁶)
541 3195 585 3242 Ad
602 3209 702 3243 sensum
720 3197 842 3258 suppleat.
871 3196 909 3258 Cf.
928 3195 1085 3256 Gai.4,141.

137 3262 257 3312 Fortasse
268 3263 455 3326 praecedebat:
470 3259 558 3324 ε’(211οά
571 3271 652 3314 autem
666 3265 702 3314 ad
715 3266 786 3314 iilam
799 3266 972 3328 differentiam
987 3266 1086 3324 attinet,

136 3333 205 3396 quod
214 3371 219 3382 .
232 3371 237 3383 .
249 3330 267 3384 .'
289 3341 317 3382 ut
334 3341 412 3384 tetum
430 3333 478 3384 boe
494 3335 665 3398 frapmentum
684 3351 736 3384 una
751 3337 861 3398 periodo
881 3335 1086 3397 comprehensum

133 3404 224 3465 fuerit,
239 3407 312 3454 cuius
326 3405 452 3468 apodost'n
466 3407 488 3466 ᾗ.
500 3416 519 3454 a.
536 3407 671 3454 contineat.
725 3403 745 3471 ⁷)
760 3405 804 3454 Era
815 3405 934 3467 liudorfii
944 3407 976 3467 ej.
991 3418 1086 3467 sempor

136 3473 291 3535 prohibitoria
310 3489 367 3524 uero
388 3475 431 3526 Cd.
451 3476 508 3524 edd.
536 3473 650 3540 Sequens
667 3490 710 3538 per
724 3478 751 3524 in
770 3490 850 3525 eausa
865 3475 931 3538 fuit,
951 3481 979 3523 nt
992 3489 1086 3538 semper

137 3545 302 3603 omitteretur,
316 3546 409 3594 deinde
423 3547 459 3594 ad
472 3548 611 3610 marpinem
624 3548 766 3609 suppletum
781 3553 999 3609 transponeretur.
