2696 4120
247 207 314 272 328
524 223 581 260 om
599 225 690 260 rnsmr.
709 207 755 260 III.
777 211 923 262 tos-172.

247 357 282 426 ei,
299 356 345 428 qui
358 354 481 424 iusserit,
497 354 548 410 soli
564 355 668 426 adquiri
683 355 853 424 existimant,
870 362 950 427 atque
965 355 988 409 si
1003 355 1158 411 nominatim
1174 357 1200 412 ei

247 438 300 495 soli
317 437 462 512 stipulatus
484 446 555 493 esset
571 454 684 507 seruus,
705 439 873 510 mancipioue
888 439 1052 510 accepissem
1076 439 1199 496 diuersae

248 521 359 578 scholae
375 530 499 578 auctores
515 521 628 594 proinde
645 521 768 593 utrisque
784 521 888 594 adquiri
899 529 1005 595 putant,
1021 537 1051 578 ac
1062 523 1085 577 si
1097 522 1198 579 nullius

248 607 351 662 iussum
368 606 567 661 interuenisset.
1192 619 1196 626 ·

311 684 377 746 168.
404 683 537 744 ¹'lollitur
551 695 640 744 autem
662 687 793 762 obligatio
813 689 957 761 praecipue
978 687 1115 746 solutione
1131 690 1199 760 eius,

248 773 321 846 quod
336 765 483 829 debetur:²
498 771 569 826 unde
584 773 734 846 quaeritur,
750 774 772 826 si
787 773 848 844 quis
864 773 1049 828 consentiente
1066 772 1200 830 creditore

148 908 150 916 ,
248 856 322 912 aliud
335 873 385 930 pro
400 855 452 912 alio
468 855 593 924 soluerit,
608 862 699 910 utrum
714 857 773 928 ipso
789 857 847 918 iure
860 853 999 926 liberetur,
1012 856 1085 928 quod
1096 858 1199 912 uostris

249 939 471 1012 praeceptoribus
493 939 597 1012 placet,
627 955 660 994 an
686 941 747 1011 ipso
770 940 828 994 iure
851 946 955 994 maneat
977 937 1129 1014 obligatus,
1157 948 1200 997 set

247 1021 378 1078 aduersus
400 1031 536 1096 petentem
553 1023 711 1092 exceptione
726 1021 782 1078 doli
797 1021 859 1078 mali
877 1021 985 1078 defendi
1000 1022 1109 1094 debeat,
1125 1023 1199 1096 quod

247 1106 370 1163 diuersae
385 1105 492 1162 scholae
508 1105 662 1162 auctoribus
680 1106 768 1160 uisum
784 1114 835 1162 est.

310 1185 375 1246 169.
399 1190 464 1246 ltem
479 1205 528 1262 per
542 1188 773 1261 acceptilationem
795 1189 900 1244 tollitur
921 1187 1063 1262 obligatio:
1083 1191 1198 1261 accepti·

248 1273 314 1330 latio
330 1281 420 1330 autem
436 1280 477 1328 est
494 1272 579 1328 ueluti
594 1274 749 1346 imaginaria
772 1271 887 1328 solutio:
911 1273 983 1358 quod
1004 1275 1074 1328 enim
1089 1289 1121 1328 er
1136 1288 1197 1328 uer·

249 1356 344 1412 borum
368 1355 533 1428 obligatione
561 1355 607 1410 tibi
633 1355 759 1427 debeam,
782 1355 808 1411 id
830 1357 853 1412 si
875 1356 944 1412 uelis
966 1357 1030 1412 mihi
1052 1357 1200 1427 remittere,

180 1449 239 1496 113.
250 1441 352 1514 poterit
366 1441 404 1496 sic
420 1437 488 1512 iieri,
505 1446 535 1494 ut
550 1440 660 1512 patiaris
676 1439 741 1496 baec
752 1439 833 1495 uerba
848 1432 899 1516 mle
914 1439 1019 1496 dicere:
1036 1455 1120 1504 ovoo
1135 1455 1201 1498 eoo

250 1539 315 1580 mer
346 1537 488 1592 enotares,
522 1537 662 1580 usnasnu
693 1523 874 1581 roonervui
906 1533 934 1580 et
962 1532 993 1579 tu
1020 1523 1199 1596 respondeas:

249 1598 380 1664 usuuo.³
423 1601 489 1666 170.
513 1604 571 1672 Quo
594 1621 704 1679 genere,
727 1614 758 1662 ut
777 1606 901 1678 diximus,
924 1605 1045 1677 (tantum
1060 1609 1116 1664 bae
1132 1607 1199 1664 obli·

220 1742 222 1747 .
247 1694 378 1762 potiones
392 1692 560 1760 solarentur,
577 1705 651 1762 qnae
667 1690 818 1746 carneriis
834 1689 1018 1766 consistunt,)
1042 1707 1097 1746 non
1120 1692 1200 1747 etiarn

248 1783 369 1836 ceteram
390 1782 600 1830 consentaneum
615 1775 685 1829 enim
701 1775 788 1828 uisum
804 1781 862 1842 est,
878 1773 969 1829 uerbis
985 1774 1080 1831 iactam
1097 1773 1200 1848 obliga·

250 1858 348 1913 tionem
365 1873 446 1930 posse
468 1857 526 1912 aliis
551 1855 639 1913 uerbis
655 1856 781 1913 dissolui:
804 1865 846 1912 set
860 1857 895 1928 id,
920 1857 993 1932 quod
1009 1875 1041 1913 eu
1057 1857 1106 1913 alia
1122 1874 1200 1914 causa

249 1939 387 2012 debeatur,
403 1949 494 2016 potest
506 1943 531 1996 in
547 1939 748 2013 stipulationem
764 1939 859 1996 deduci
870 1949 896 1994 ct
911 1957 960 2014 per
970 1941 1199 2014 acceptilationem
1210 1963 1272 2012 [ecs]

249 2021 412 2097 'idissolni
437 2021 495 2082 1⁷1.
520 2023 656 2091 Quamuis
678 2039 749 2080 nero
766 2026 932 2095 dixerimur,
951 2027 1060 2096 perfici
1073 2029 1200 2098 accepti·

249 2102 414 2184 lationeml⁴
439 2109 593 2182 imaginaria
620 2107 772 2179 solutione,
795 2115 882 2162 tamen
905 2108 1001 2164 mulier
1022 2111 1080 2164 siue
1103 2111 1200 2165 tutoris

249 2195 410 2258 auctoritate
426 2199 563 2264 acceptum
580 2190 668 2246 lacere
684 2207 738 2246 non
755 2198 861 2263 potest,
880 2208 939 2248 cum
956 2192 1074 2266 alioquin
1090 2193 1161 2248 solui
1175 2195 1200 2248 ei

249 2275 307 2331 sine
323 2277 422 2331 tutoris
439 2276 598 2331 auctoritate
613 2276 709 2348 possit.
753 2269 813 2346 1⁷2.
838 2273 903 2330 ltem
919 2275 993 2350 quod
1008 2276 1134 2349 debetur,
1150 2293 1199 2351 pro

321 2455 341 2524 ²)
361 2458 415 2508 Vra
428 2465 478 2517 est,
497 2466 524 2508 ut
538 2466 589 2508 tum
603 2459 711 2523 abrupte
729 2459 766 2508 ad
782 2459 848 2509 banc
863 2455 996 2510 materiam
1016 2454 1096 2512 Gaius
1114 2471 1200 2512 truns-

248 2529 315 2577 ierit.
344 2528 382 2592 Cf.
398 2541 423 2587 1,
438 2541 484 2580 121.
508 2528 617 2592 Tbeopb.
632 2541 658 2587 s,
674 2541 699 2580 ts
710 2545 752 2592 pr.
782 2529 820 2578 De
838 2538 958 2594 sequente
973 2538 1051 2581 autern
1066 2534 1100 2596 cf.
1115 2545 1136 2590 t,
1152 2543 1203 2584 115.

248 2609 295 2650 116.
325 2598 392 2648 Puta
411 2601 492 2663 ipirnr
508 2600 567 2662 fere
585 2600 728 2649 caecidisse:
748 2596 902 2650 ‘Videamus
921 2617 990 2651 nnnc
1010 2603 1201 2666 quibusmodis

248 2668 371 2733 oblinatio
386 2666 511 2718 tollatur.’
542 2668 667 2719 Alaricus
681 2676 705 2718 et
718 2668 880 2720 lastinianus
894 2685 981 2722 eorum
1002 2675 1058 2722 loco
1073 2675 1153 2734 ipsam
1166 2674 1198 2720 ti·
1260 2669 1267 2678 “

248 2740 297 2787 tuli
315 2740 509 2802 inscriptionem
526 2746 679 2802 posuerunt.
712 2739 853 2790 Librarius
871 2756 931 2791 uero
950 2742 992 2790 dic
1008 2742 1066 2804 fere
1085 2741 1198 2790 rubricis

250 2807 422 2858 inscribendas
435 2811 546 2872 spatium
559 2825 667 2860 uacuum
681 2824 731 2858 non
745 2812 891 2875 relinquere
906 2813 997 2874 coepit.
1026 2810 1063 2874 Cf.
1078 2817 1128 2860 not.
1144 2825 1196 2875 seq.

251 2873 595 2943 1)111111ηειί1.1ε11ε111110.
648 2876 668 2944 ⁶)
687 2877 760 2939 Quod
772 2883 888 2945 seqnitur
902 2880 1091 2931 inInst.Inst..·
1106 2877 1198 2930 ‘sedet

251 2947 350 2998 Graece
360 2955 445 3011 potest
458 2957 590 3013 acceptum
600 2951 669 3011 fieri,
684 2950 816 3000 dunrmodo
830 2953 869 3001 sic
880 2954 936 3014 fiat,
951 2958 978 3000 ut
993 2951 1096 3001 Latinis
1111 2949 1199 3000 uerbis

248 3019 327 3067 solet:
342 3013 414 3083 ἔχεις
432 3013 525 3087 λαβὼν
541 3012 661 3084 δηνάρια
675 3012 762 3083 τόσας
775 3013 849 3086 ”Exn
864 3015 978 3090 latinia?
999 3021 1023 3070 b.
1039 3025 1055 3071 1.
1070 3022 1200 3072 excidisse

250 3088 365 3144 videtum,-
385 3089 419 3151 cf.
434 3100 454 3145 s,
469 3101 502 3140 ss.
533 3089 669 3152 Complura
683 3089 808 3139 librarius
822 3093 849 3139 in
863 3091 913 3140 dac
923 3094 1024 3156 popina
1038 3090 1128 3142 omisit.

249 3155 271 3222 ⁴)
286 3157 408 3221 Suppleoi
424 3155 529 3208 ‘Gaius'
546 3174 574 3222 p.
589 3170 622 3210 sa.
652 3158 721 3210 Mire
735 3161 790 3210 ulia
803 3159 866 3226 Bpii
883 3164 998 3224 suspicio
1018 3163 1141 3212 admiscet
1150 3178 1201 3226 pu·

244 3229 307 3292 pilli
326 3228 486 3278 debitoris
500 3231 656 3280 mentionem.
685 3227 819 3294 (Correxit
832 3246 948 3282 errorem
962 3233 1001 3280 ed.
1016 3231 1048 3298 5.)
1068 3247 1111 3295 per
1132 3247 1201 3282 ecce·
1301 3261 1305 3269 ·
1338 3251 1340 3308 p

248 3299 396 3362 ptilationem
411 3299 547 3362 imaginaria
563 3299 679 3348 solutione
694 3298 813 3366 (dissolui
822 3337 936 3355 .......
938 3298 950 3368 ]
966 3309 1043 3350 tamen
1057 3303 1097 3352 ed.
1112 3301 1160 3368 Bp.
1339 3309 1340 3312 ’

248 3405 460 3416 α--.--.

319 3461 345 3532 ξ.
361 3469 420 3517 168.
442 3465 480 3528 Gf.
491 3481 535 3528 pr.
551 3465 573 3514 I.
588 3465 655 3530 quib.
670 3467 735 3518 mod.
751 3466 798 3518 obl.
815 3469 867 3519 tall.
883 3467 913 3534 (s,
929 3467 973 3533 ss).
1000 3467 1070 3531 Epit.
1085 3481 1105 3526 a,
1120 3479 1146 3518 to
1156 3483 1200 3531 pr.

247 3530 548 3602 §.tee.=§.1.l.it›.
599 3532 625 3604 §-
642 3539 700 3587 171.
722 3535 844 3600 Cinea.
891 3534 1202 3606 §.tincfiindcit
