2694 4110
268 167 325 204 vnn.
341 165 443 202 cvrvsn.
459 165 592 202 unaccoue.
608 165 795 202 contractam.
811 149 831 201 Ι.
847 153 926 204 4-9.
1008 148 1071 214 839

121 296 298 371 proposuisti,
314 291 419 368 capite¹
435 295 513 349 inuiti
536 295 623 366 pactio
645 301 673 350 et
692 303 765 350 metu
787 297 871 354 coacti
887 297 952 369 ipsis
968 293 1073 368 legibus

60 379 156 438 tealdo
178 380 263 452 pactis
285 378 459 434 clamantibus
475 378 641 450 apertissime
663 375 824 434 infirmatur:
847 395 908 434 nam
930 378 1073 436 manifeste

122 464 300 519 constitutum
315 469 366 533 est,
383 478 417 518 ne
432 462 562 534 quispiam
578 461 675 534 pacisci
690 469 805 534 cogatur
823 463 934 519 inuitus.
964 460 993 521 4.
1009 462 1073 520 Dein
1137 515 1139 522 ,

123 553 211 602 tentus
228 537 571 618 ’memoratarum21egum
587 537 639 599 ’si³
656 545 788 600 continet:

61 651 70 664 ·
164 645 231 702 quas
247 627 331 685 libero
347 627 457 684 arbitrio
474 636 502 684 et
517 627 658 684 uoluntate
674 626 804 684 confecit:

122 713 183 785 quis
198 713 250 768 erit
265 721 318 767 tam
330 711 476 768 destitutus
490 713 617 785 sapientia
628 719 655 768 et
666 726 767 768 uacuus
779 710 931 782 intellectu,
950 711 1074 782 mdical,

122 795 194 850 illam
215 797 366 868 pactionem
387 795 486 852 iontem
507 804 535 852 et
555 794 657 851 firmam
678 811 738 850 csse
753 793 860 861 debere,
883 811 961 868 quam
979 795 1075 852 mulier

123 886 197 934 metu
212 887 304 935 coacta
324 879 412 936 mariti
432 878 593 951 subscripsit
613 879 742 952 irnperio,
764 895 794 934 ao
814 879 837 933 sl
852 877 962 934 liberam
977 878 1075 934 uolun-

123 969 207 1020 tatem
237 971 264 1018 et
292 963 432 1037 proprium
462 961 600 1018 arbitrium
637 977 692 1018 non
724 961 885 1036 intelligitur
912 955 1075 1018 habuissel⁴

122 1041 150 1101 5.
171 1047 210 1102 Ac
223 1061 272 1119 per
287 1047 340 1103 lnoc
354 1047 414 1120 ipso
429 1045 519 1119 legunt
536 1047 632 1118 capite,
653 1047 723 1102 sicut
743 1046 795 1100 iam
810 1061 891 1118 supra
906 1043 1007 1102 dictum
1022 1053 1075 1118 est,

72 1147 76 1156 ’
124 1128 177 1184 tale
199 1137 306 1202 pactum
329 1129 429 1185 nullius
451 1129 584 1185 ludicatur
611 1144 671 1184 esse
693 1129 832 1200 momenti,
855 1136 986 1201 quantum
1001 1128 1075 1202 leges

123 1211 219 1268 subter
237 1227 355 1268 annexae
370 1220 512 1268 testantur.
548 1207 576 1268 6.
594 1210 629 1266 lix
646 1227 761 1286 corpore
777 1211 936 1286 Gregoriani
951 1211 997 1268 lib.
1008 1212 1053 1269 tt:
1047 1208 1075 1246 ’ὓ

143 1295 232 1368 Imp.
248 1295 411 1352 SeuerusA.
427 1295 492 1352 lulio
513 1294 716 1351 Conserturino.
746 1294 795 1366 Ea,
819 1311 889 1368 qnae
910 1311 958 1368 per
978 1297 1032 1352 uim
1047 1304 1075 1352 et

167 1385 267 1434 metum
282 1387 358 1452 gesta
374 1387 447 1449 sunt,
464 1381 543 1434 etlam
555 1380 622 1436 citra
634 1379 779 1452 principale
791 1379 935 1436 auxilium
928 1381 1004 1436 irrita
1016 1395 1077 1436 esse

166 1461 301 1532 debere,
293 1477 345 1517 ram
356 1461 458 1536 pridem
470 1463 649 1519 constitutum
661 1470 712 1518 est.
729 1463 843 1536 Accepta
856 1462 908 1518 kal.
921 1462 1076 1522 lul.llentro

166 1545 196 1602 ll.
212 1553 240 1602 et
254 1538 380 1602 ’Prisoo⁶
394 1562 464 1602 coss.

208 1623 234 1685 7.
257 1628 323 1686 ltem
339 1629 389 1686 alia
404 1646 436 1686 ex
452 1647 566 1704 corpore
582 1639 609 1686 et
624 1629 692 1686 libro
708 1629 875 1703 supradicto:

166 1705 251 1786 ⁷lmp.
267 1713 419 1770 Antoninus
433 1717 464 1769 A.
480 1713 562 1770 luliao
577 1713 697 1772 basiliae.
729 1712 817 1782 Pacta,
833 1728 903 1785 quae
918 1711 950 1768 ab
970 1707 1077 1768 inuitis8

165 1804 261 1854 contra
282 1797 358 1870 leges
373 1798 637 1869 constitutionesque
659 1795 743 1865 irunt,
765 1795 866 1850 nullam
889 1796 944 1850 uim
967 1795 1077 1866 habere,

167 1877 309 1934 indubitati
324 1879 390 1934 luris
412 1887 462 1934 est.
486 1887 519 1934 et
534 1887 596 1934 cet.
631 1877 681 1934 ΡΙ).
692 1879 721 1934 V.
738 1877 788 1934 kal.
806 1880 875 1950 Aug.
892 1879 1029 1935 Antonino
1045 1880 1077 1934 A.

166 1955 236 2017 ’lvd
252 1970 279 2016 et
294 1960 390 2017 Albino
406 1978 477 2024 coss,

209 2041 238 2100 8.
257 2035 352 2116 1ilmp.
368 2043 520 2100 Alexander
534 2045 565 2098 A.
581 2045 719 2116 Dionysio.
748 2043 793 2100 Ad
813 2043 940 2100 locum:
956 2043 1076 2116 Pactum,

166 2127 241 2201 quod
257 2125 323 2182 mala
339 2125 391 2182 lide
406 2127 506 2184 iactum
522 2135 572 2198 est,
585 2127 691 2182 irritum
708 2143 777 2199 esse,
794 2135 827 2183 ct
842 2135 964 2184 cetera.
987 2127 1077 2186 PP.ll.
1143 2185 1154 2208 .·

167 2209 204 2268 id.
221 2209 296 2284 Sept.
312 2209 463 2267 Alexandro
478 2212 547 2285 Aug.
564 2227 639 2272 cons.

210 2290 240 2351 9.
262 2293 327 2350 Item
343 2294 395 2350 alia
411 2293 471 2351 eod.
489 2293 557 2352 libro
573 2303 600 2350 et
615 2310 743 2368 corpore:

168 2377 253 2452 lmpp.
269 2377 447 2434 Diocletianus
462 2387 490 2434 et
505 2378 677 2436 Maximianus
688 2379 742 2434 AA.
760 2378 871 2434 Aurelio
887 2377 1027 2434 Heraclidi.
1049 2377 1078 2434 Si

168 2477 223 2517 non
239 2479 271 2518 ex
286 2460 410 2516 mandato
426 2463 517 2518 uxoris
537 2471 600 2518 tuae
620 2462 774 2518 aduersario
796 2463 852 2518 eius
867 2463 1019 2520 cautionem
1035 2479 1078 2520 re·

169 2546 281 2616 misisti,
308 2544 390 2616 idque
416 2545 586 2604 euidentibus
614 2545 785 2602 documentis
808 2545 952 2602 monstrari
974 2555 1077 2620 potest,

136 2631 150 2644 “
168 2628 241 2702 quod
256 2629 322 2684 citra
335 2629 523 2684 conscientiam
543 2629 635 2684 uxoris
650 2637 712 2684 tuae
728 2637 798 2685 elea
813 2631 896 2686 inuita
908 2629 1009 2686 lactum
1025 2637 1078 2702 est,

200 2854 220 2924 ¹)
234 2858 258 2908 t.
273 2873 295 2907 e.
310 2873 344 2908 ex
354 2859 441 2921 prima
456 2872 544 2915 eausa,
555 2857 675 2920 primum.
728 2852 748 2922 ²)
764 2857 819 2906 Iam
833 2858 861 2905 in
875 2858 933 2920 ipso
948 2861 1078 2909 consulta·

125 2929 209 2983 tione,·
223 2943 282 2977 nam
295 2929 464 2978 aduersarius
477 2928 544 2978 bano
559 2928 763 2977 constitutionem
777 2925 819 2992 (L.
830 2939 850 2978 a.
870 2927 913 2976 Tit.
927 2926 951 2976 0.
963 2929 995 2978 de
1005 2936 1077 2992 pact.

125 3004 151 3046 el
164 3004 288 3047 troncoot.
304 3009 324 3056 a,
339 2996 371 3063 a.)
386 2999 488 3048 uidetur
502 3013 554 3061 pro
568 3013 595 3048 ee
608 2997 757 3062 adlapsus&
776 2999 810 3060 os.
826 3013 848 3047 o.
863 2999 932 3060 1fin.
1006 2995 1027 3063 8)
1043 3001 1078 3049 sic

126 3067 194 3125 edd„
208 3074 236 3114 ut
249 3081 310 3118 voce
325 3068 382 3124 Quis
396 3083 463 3120 nova
473 3069 599 3131 periodus
608 3069 739 3130 incipiat..
773 3065 794 3132 ⁴)
809 3067 876 3116 Edd.
887 3070 987 3132 siparum
997 3071 1078 3118 inter·

126 3151 183 3202 rep.
198 3143 259 3199 post
272 3137 386 3200 imperio,
400 3138 443 3188 bio
456 3140 592 3190 semicolon
608 3145 715 3201 ponunt.
790 3134 810 3202 ⁶)
825 3137 857 3186 L.
873 3149 892 3188 1.
913 3138 971 3186 Lib.
986 3138 1024 3187 II.
1039 3141 1078 3191 tte.

125 3207 158 3256 de
172 3207 213 3256 itis
228 3221 292 3270 qaue
306 3209 333 3255 oi
346 3214 393 3257 eto.
409 3209 436 3256 in
450 3208 573 3257 Haenelt'i
589 3207 665 3274 Grep.
682 3208 707 3259 0.
724 3223 751 3270 p.
766 3219 785 3258 o.
815 3205 863 3255 Est
881 3209 945 3256 anni
958 3219 1005 3258 too.

128 3273 149 3342 θ)
164 3275 274 3340 Crispino
288 3277 361 3333 edd:
375 3277 426 3328 vid.
442 3277 549 3327 Haenel.
603 3275 623 3344 ⁷)
638 3278 669 3326 L.
684 3289 704 3328 2.
720 3277 753 3328 ib.
769 3276 853 3326 Haec.
868 3298 901 3319 =
916 3274 948 3326 L.
964 3289 984 3328 e.
1006 3277 1031 3327 0.
1046 3279 1080 3328 de

123 3354 194 3409 pact.
209 3346 240 3412 (a,
255 3347 286 3412 a).
301 3363 325 3396 a.
341 3357 388 3398 21³.
466 3345 488 3412 ⁸)
503 3347 642 3398 Excidisee
656 3349 757 3398 uidetur
772 3353 811 3396 aut
825 3349 864 3396 uel
878 3347 924 3396 uel.
997 3345 1019 3414 ⁹)
1034 3347 1079 3397 Eu

125 3416 196 3553 (laec)
208 3417 250 3475 0.,·
264 3432 311 3469 om.
328 3417 390 3466 Par.
406 3429 454 3474 aaa
469 3418 506 3467 Vl.
522 3418 586 3468 Par.
601 3430 634 3469 aa.
688 3414 720 3483 ¹⁰)
737 3417 774 3480 Of.
790 3418 822 3466 L.
833 3429 845 3468 a
856 3413 901 3484 [a].
923 3417 948 3468 0.
964 3418 995 3467 de
1005 3425 1078 3482 pact.

137 3497 157 3544 6,
172 3499 204 3538 6.
220 3503 244 3536 a.
259 3499 306 3540 226.
