2680 4112
195 202 199 207 ’
248 195 312 260 160
683 212 769 247 alins,

245 353 297 390 nec
316 336 428 390 omnino
446 333 646 399 dubitandum,
665 333 735 386 Gaio
752 332 879 400 inprimis
897 331 995 384 deberi
1012 347 1076 384 eum
1094 331 1199 385 studio·

245 421 307 456 rum
320 402 456 466 ordinem,
469 416 553 469 quem
565 399 735 453 Iustinianus
751 400 841 454 tradit
850 399 1012 468 primusque
1024 415 1118 451 rursus
1136 414 1200 452 cum

245 470 306 537 ipso
321 469 412 524 edicto
427 471 565 537 perpetuo
578 467 747 520 immutavit.
770 465 806 519 Et
819 483 885 520 sane
899 467 1118 520 consentaneum
1131 467 1199 532 erat,

246 537 318 590 sicut
334 537 363 589 in
381 537 472 604 prima
498 535 591 588 aetate
612 535 710 602 populi
731 535 851 587 Romani
868 533 1015 586 duodecim
1037 533 1200 586 tabularum
1227 553 1229 556 ·

245 604 365 666 libellus,
384 604 433 671 qui
451 618 514 654 cum
531 601 681 670 pubertate
700 601 759 654 eius
775 601 928 668 prodierat,
947 601 1067 653 exeunte
1086 599 1200 652 demum

245 671 412 750 liberarep.
433 669 524 746 edicto
541 669 678 746 praetoris
696 669 831 732 cesserat,
850 668 936 745 etiam
953 667 1089 744 inistis?
1105 668 1200 744 aetate

246 732 1201 882 salatratatus,tatltttlbafflatla,attattl

247 885 326 940 perro
339 871 486 924 Iustiniani
499 885 590 922 novae
608 871 805 937 compositroni
817 869 924 921 cedere.
953 868 998 932 At,
1016 880 1116 935 inquis,
1131 867 1201 920 haec

249 937 344 992 omnia
356 937 440 990 certis
452 936 619 990 testimoniis
630 951 687 988 non
698 937 834 988 nituntur.
864 935 969 997 Audio;
987 934 1037 987 sed
1049 935 1201 987 maximam

248 1021 282 1059 ea
298 1005 403 1058 habere
420 1003 652 1072 probabilitatem
670 1019 726 1056 non
743 1001 826 1056 facile
843 1001 968 1070 negabit,
987 1001 1036 1068 qui
1053 1001 1127 1068 ipsas
1145 1017 1201 1066 res,

248 1089 282 1126 ex
300 1073 402 1143 quibus
420 1072 588 1139 argumenta
605 1070 742 1136 duximus,
760 1071 837 1122 recto
855 1068 958 1122 iudicio
974 1069 1166 1146 perpenderit.

315 1139 374 1192 lam
386 1139 410 1191 si
426 1139 479 1191 hoo
493 1136 557 1190 Gaii
567 1137 720 1206 ingenium,
740 1137 762 1190 si
781 1137 838 1189 tale
856 1136 941 1188 totius
953 1137 1028 1188 virae
1040 1135 1202 1188 institutum

249 1207 323 1269 erat,
342 1207 375 1258 ut
392 1207 478 1258 etiam
496 1204 661 1257 discriminis
680 1203 757 1272 origo
776 1219 884 1266 eorum,
904 1203 953 1270 qui
969 1203 1012 1254 ius
1029 1202 1141 1269 publice
1159 1217 1202 1254 re-

249 1273 423 1392 tillidi?
431 1270 819 1404 ,03,q52,323{,¹¹,¹3„13123?f}2l
835 1269 1065 1389 &sphippe
1076 1268 1202 1399 illle

249 1407 284 1458 de
309 1421 399 1458 exous.
424 1410 470 1469 27,
495 1411 517 1460 1.
542 1405 572 1457 L.
591 1412 613 1460 1.
636 1411 660 1470 §-
679 1410 702 1458 5.
721 1379 755 1456 DT
778 1405 813 1456 de
837 1402 1201 1469 extraord.cogn.50,18)

249 1473 284 1525 ab
304 1487 337 1526 eo
349 1471 525 1540 potissimum
538 1471 694 1538 repetenda
705 1471 842 1536 videatur,
860 1471 927 1538 quid
939 1471 1040 1522 mirum
1054 1471 1106 1536 est,
1125 1469 1202 1536 quod

165 1599 171 1612 ·
248 1537 839 1669 ¹²{stablalstllltlatllabab,
854 1537 967 1657 altr
991 1535 1255 1657 satiaruut*

248 1623 385 1726 inmanes
408 1672 505 1732 datum
528 1673 601 1725 esset
623 1671 739 1736 sentire,
764 1622 974 1738 aequcqanimo'
991 1671 1103 1740 poterat
1119 1669 1201 1724 ferre.

248 1739 322 1816 Nam
340 1739 517 1858 quotcunipue
541 1739 608 1792 iuris
632 1740 759 1792 auctores
781 1739 882 1805 postea
903 1738 988 1791 etiam
1006 1737 1203 1814 institutiones

249 1807 429 1876 scripserunt,
441 1822 474 1859 ve
488 1807 519 1859 ut
531 1806 716 1871 Callistratus,
734 1805 898 1870 Martianus,
915 1804 1100 1869 Florentmus,
1119 1804 1203 1856 Paul-

250 1874 303 1939 lus,
321 1873 467 1942 Ulpianus,
485 1889 568 1926 nemo
587 1889 682 1926 eorum
701 1873 736 1926 ad
749 1871 919 1926 Gaianarum
936 1872 1049 1925 laudem
1066 1870 1203 1938 aspiravit

249 1941 360 2006 locove,
383 1957 467 2008 quem
484 1941 514 1993 in
531 1939 631 1994 scholis
649 1940 844 2005 obtinuerunt,
867 1938 1018 1992 deturbare
1041 1954 1087 1992 eas
1103 1937 1202 1990 valuit.

249 2009 288 2062 At
310 2007 396 2062 Gaius
417 2009 482 2084 post
500 2007 608 2075 aliquot
625 2007 736 2060 saecula
753 2007 896 2060 assecutus
914 2007 969 2072 est,
992 2007 1026 2058 ut
1048 2005 1107 2058 eius
1128 2004 1203 2068 libri,

249 2075 372 2142 primum
383 2075 432 2134 illi,
452 2075 502 2141 qui
513 2075 541 2126 in
560 2074 661 2128 scholis
678 2073 879 2137 tractabantur,
896 2071 1041 2124 hominum
1059 2071 1156 2126 favore
1175 2073 1205 2124 et

250 2141 465 2208 consuetudine,
484 2141 586 2194 deinde
605 2141 691 2194 etiam
709 2139 796 2192 ceteri
814 2155 910 2192 omnes
926 2139 989 2206 lege
1006 2139 1066 2193 lata
1083 2137 1204 2192 eandem

248 2210 278 2262 in
295 2209 405 2262 iudiciis
423 2209 620 2262 auctoritatem
638 2207 805 2270 obtinerent,
823 2222 895 2273 quae
912 2205 1076 2274 Papiniano,
1094 2205 1204 2273 Paullo,

249 2277 370 2344 Ulpiano
393 2275 451 2327 iam
474 2275 556 2327 antea
574 2275 766 2342 competierat.
802 2273 875 2327 Nam
899 2271 1113 2326 Valentinianus
1130 2273 1161 2325 L.
1179 2279 1203 2327 3.

250 2341 300 2398 Th.
320 2341 349 2397 O.
368 2341 402 2393 de
420 2355 492 2408 resp.
511 2339 591 2408 prud.
610 2343 645 2406 (1,
662 2342 692 2406 4)
712 2356 774 2392 cum
793 2341 845 2406 ait,
870 2355 898 2392 se
918 2339 1079 2408 Papiniani,
1101 2337 1202 2404 Paulli,

250 2407 322 2470 Gaii,
340 2407 453 2474 Ulpiani
470 2407 554 2525 Q&
571 2405 723 2460 Modestini
741 2406 844 2476 scripta
861 2407 993 2460 universa
1010 2405 1131 2468 firmare,
1152 2405 1204 2459 ‘ita

249 2475 282 2526 ut
299 2472 407 2539 Gaium,
425 2489 498 2540 quae
539 2473 645 2526 aullum
663 2475 692 2526 et
710 2473 859 2550 Ulpianum
877 2477 906 2527 et
923 2475 1037 2527 cunctos
1056 2474 1205 2528 comitetur

249 2540 400 2595 auotoritas
416 2539 608 2608 lectionesque
627 2556 661 2594 ex
679 2555 755 2592 omni
777 2541 836 2594 eius
855 2555 939 2608 opere
957 2541 1130 2606 recitentur',
1148 2555 1204 2594 non

250 2608 366 2662 obscure
385 2605 533 2675 significat,
556 2607 695 2674 quaedam
713 2606 778 2660 Gaii
800 2607 905 2676 scripta
927 2609 984 2662 iam
1006 2610 1073 2662 tunc
1095 2623 1204 2661 summo

249 2673 341 2728 studio
365 2675 394 2727 et
410 2673 570 2728 indubitata
588 2674 754 2728 auctoritate
776 2675 890 2728 recitari
912 2675 995 2728 solita
1018 2690 1089 2740 esse,
1113 2689 1204 2742 eaque

249 2740 310 2808 quis
328 2740 440 2794 dubitat
455 2743 569 2810 praeter
590 2757 634 2795 res
658 2741 848 2809 quotidianas,
872 2758 945 2809 quae
967 2745 1047 2796 tanto
1064 2741 1093 2794 in
1109 2740 1204 2809 pretio

248 2807 437 2872 habebantur,
461 2809 494 2860 ut
517 2823 663 2862 aureorum
686 2823 788 2861 nomen
811 2811 965 2876 mererent,
995 2809 1081 2863 fuisse
1111 2807 1206 2862 omnia

249 2873 432 2950 scholastica?
456 2876 531 2942 quod
554 2875 637 2928 etiam
656 2874 774 2928 Uollatio
792 2875 945 2942 confirmat,
963 2876 1059 2953 paullo
1077 2877 1152 2940 ante,
1172 2875 1207 2929 ut

249 2941 373 3006 videtur,
401 2941 568 3010 composita,
595 2942 673 2995 cuius
699 2943 797 2996 auctor
826 2943 901 2996 inter
927 2959 1051 3011 qumque
1081 2943 1205 2996 illustres

248 3006 450 3084 iureconsultos
468 3010 555 3063 etiam
573 3008 636 3062 Gaii
653 3008 778 3078 scriptis,
802 3009 852 3063 sed
873 3011 970 3063 tamen
991 3011 1104 3063 tantum
1122 3010 1205 3064 Insti-

248 3075 403 3128 tutionibus
421 3091 480 3128 erus
497 3093 563 3128 usus
581 3084 630 3129 est.
1133 3092 1135 3100 ¹

316 3140 372 3194 Sed
390 3141 419 3196 in
439 3141 483 3195 his
500 3143 575 3212 ipsis,
593 3157 663 3210 quas
680 3141 801 3207 edimus,
820 3144 853 3196 ut
868 3159 943 3196 nunc
959 3143 1056 3212 paullo
1074 3145 1206 3198 immore-

249 3335 262 3370 a
281 3335 339 3369 voce
357 3320 469 3381 magistra
489 3319 589 3368 studiosi
607 3319 755 3382 accipiebant
769 3317 854 3383 (ceteri
869 3319 931 3369 enlm
950 3320 1053 3384 quinque
1068 3321 1124 3370 libri
1139 3328 1208 3370 erant

248 3391 333 3454 prima,
348 3391 460 3452 sectanda,
476 3390 544 3439 tertia
559 3405 614 3453 pars
625 3389 705 3450 edicti,
720 3403 835 3451 responsa
846 3389 966 3452 Papiniani
978 3398 1001 3440 et
1009 3389 1102 3457 Paulli).
1130 3391 1208 3441 Mani-

249 3462 309 3510 lestc
326 3475 406 3510 errore
421 3475 482 3510 nnnc
496 3461 603 3524 plerique
618 3475 658 3510 sex
673 3461 747 3508 libros
758 3459 810 3508 illos
821 3461 954 3523 intelligunt
964 3461 1023 3510 dnos
1035 3461 1074 3528 (ex
1084 3461 1207 3528 quattuor)

250 3530 303 3579 Gaii
317 3531 492 3580 Institutionum
507 3537 530 3580 ct
544 3537 654 3594 quattuor
668 3531 741 3579 libros
756 3529 895 3591 singulares
