2680 4118
488 164 523 198 nn
542 163 702 202 nsvnnvcnv.
1007 148 1067 214 739

115 292 150 350 ad
167 309 246 350 usum
261 309 340 349 snurn
357 298 384 350 et
399 295 486 350 uillae
496 285 597 364 posse¹
611 292 711 364 serre·
730 284 785 350 nec
799 300 923 353 materia
939 312 1070 370 cumpro

114 380 192 450 liqna
208 391 338 447 usurum,
354 378 379 434 si
384 376 497 451 babeat,
513 376 584 432 unde
599 385 690 432 utatur
705 376 794 450 liquo:
817 381 945 452 idemque
960 395 1024 438 esse
1040 385 1070 438 in

116 460 281 524 'arboribus
302 463 332 516 ui
353 467 505 516 uentorum
528 462 645 530 euulsis,
668 455 729 516 nel²
752 461 831 516 etiarn
847 461 966 524 deiectis.
1000 463 1069 521 Puto

14 561 18 572 ¹
115 553 221 615 tannen,
243 542 280 601 ’et
294 547 325 599 in
345 545 419 600 silua
434 543 488 599 boc
507 544 705 616 probandum,
727 535 778 621 ne³
800 549 826 600 si
846 552 921 603 lotus
943 564 1013 621 uper
1035 550 1071 608 sit

115 628 195 684 bunc
217 641 308 683 casnm
330 641 439 698 passus,
463 641 558 683 omncs
580 627 701 685 arbores
722 625 853 700 'auferre
872 629 1070 701 fructuarium

61 759 62 763 ,
111 725 203 781 posse
217 711 366 766 dicendum
380 703 442 770 sil.⁴
477 711 614 767 materiam
630 719 718 767 tannen
734 711 792 784 ipse
804 714 962 784 succidere,
979 732 1070 788 quan-

116 801 177 851 tum
192 795 232 850 od
244 795 332 850 uillne
347 793 541 866 resectionem,
555 798 669 864 poterit,
686 802 717 850 ul
730 802 815 866 putot
827 796 954 853 Neratius
967 797 1012 854 lib.
1026 797 1068 854 iii.

116 877 362 944 Membronorum;
376 879 617 952 quemadmodum,
633 880 735 950 inquil,
752 881 859 936 calcem
874 895 1007 956 coquere,
1024 884 1071 940 uel

117 961 374 1033 areuomfodere,
397 963 513 1026 aliudue
529 961 593 1034 quid
608 960 727 1017 aedificio
743 967 932 1022 necessarium
947 981 1068 1022 sumere.

117 1085 247 1101 ......
264 1045 333 1118 apud
348 1044 497 1101 Labeonem
513 1039 644 1118 'agitat⁵.
660 1087 667 1102 .
684 1087 692 1102 .
709 1086 716 1103 .
733 1087 740 1102 .
760 1087 767 1102 .
783 1049 931 1120 pertinere,
948 1052 1069 1122 quamuis

114 1128 247 1186 Proculus
262 1144 316 1184 non
329 1167 439 1186 ......
460 1123 525 1200 ⁶(2.)
546 1128 622 1184 Nunc
636 1127 797 1201 uidendum,
820 1133 843 1187 si
855 1132 976 1203 fructus
989 1137 1072 1190 serui

115 1217 153 1271 sil
167 1217 288 1286 leqatus,
305 1213 373 1283 quid
382 1216 564 1268 contineatur
578 1211 677 1286 legato.
693 1213 824 1288 quidquid
839 1216 861 1270 is
874 1232 906 1272 ex
918 1232 1000 1289 opera
1015 1231 1069 1273 sno

115 1299 255 1368 adquirit,
270 1297 317 1350 uel
333 1311 372 1352 eac
387 1310 419 1350 re
431 1295 602 1367 fructuarii,
620 1300 680 1353 siue
696 1291 857 1370 ’municipio⁷
873 1301 991 1373 accipiat,
1011 1301 1075 1356 siue.

115 1381 277 1452 stipuletur,
293 1381 355 1434 siue
369 1382 468 1434 emerit
483 1385 510 1435 el
525 1383 552 1434 ei
563 1383 705 1450 possessio
718 1380 811 1452 fuerit
826 1384 942 1454 tradito,
964 1386 1069 1458 leqata·

115 1465 158 1519 rio
167 1462 293 1534 adquirit.
316 1455 373 1517 ’At⁸
384 1463 407 1518 si
418 1461 498 1519 heres
507 1465 654 1520 institutus
665 1467 710 1536 sit,
720 1469 768 1522 uel
778 1467 901 1539 leqatnm
910 1472 1069 1540 occeperit,

36 1558 104 1609 [aaa]
113 1549 238 1619 placuit,
252 1546 306 1603 ltoc
320 1547 430 1604 domino
445 1549 553 1619 qnaeri3
569 1549 692 1621 quamuis
707 1547 795 1605 Labeo
811 1549 971 1624 distinquot,
988 1556 1070 1610 euius

114 1633 211 1704 qratia
226 1632 274 1686 uel
288 1629 373 1687 iteres
386 1633 533 1688 institutus
547 1634 598 1700 sit,
613 1633 659 1688 uel
673 1633 797 1704 icqotum
812 1627 982 1705 acceperit.9
1000 1629 1003 1712 )

177 1708 222 1773 72.
247 1706 323 1788 10(1.)
348 1713 406 1772 Sed
418 1717 504 1772 siculi
518 1717 699 1786 stipulatione
714 1715 862 1772 fructuario
877 1716 1001 1787 adquirit,
1017 1714 1174 1786 ito[1a]os.b.

116 1802 202 1854 eliam
220 1799 397 1871 paciscendo
418 1814 481 1854 eum
503 1801 658 1870 adquirere
680 1801 877 1870 exceptionem
897 1797 1069 1870 fructuario,
1088 1789 1161 1855 biv·

115 1881 231 1938 lulianus
245 1875 352 1952 ’(iilr.)¹¹
364 1880 461 1938 XXXV.
472 1881 535 1953 Diq.
547 1881 662 1937 scribit:
679 1873 837 1953 ’itemque¹²
846 1887 874 1937 el
883 1885 909 1937 si
919 1889 1070 1952 occeptum

117 1967 273 2036 roqouerit,
290 1964 482 2020 liberationem
497 1965 522 2018 ei
535 1979 641 2034 parere.
665 1955 725 2040 (2.)
737 1961 876 2029 Quoniam
889 1971 983 2021 autem
995 1968 1068 2024 dioci-

116 2063 193 2114 mus,
215 2048 291 2119 quod
304 2061 343 2102 eac
358 2047 454 2116 operis
468 2047 641 2118 adquiritur,
663 2049 703 2102 ad
718 2046 906 2118 fructuarium
922 2051 1069 2120 pertinere,

14 2163 15 2166 =
116 2129 253 2187 sciendam
265 2137 317 2198 est,
334 2132 418 2185 etiam
430 2131 585 2202 copendnm
597 2145 659 2186 eum
671 2134 791 2201 operari
796 2155 803 2192 ‚·
819 2135 920 2188 etenim
931 2133 1069 2190 modicam

190 2294 209 2362 ¹)
224 2297 283 2362 Diq.
299 2303 323 2346 et
336 2297 393 2346 edd.
408 2296 432 2346 b.
448 2299 464 2346 l.
479 2299 596 2347 inserunt
617 2293 872 2360 ‘usufructuarium',
891 2301 961 2364 quad
979 2309 1069 2350 uersus

13 2425 14 2432 ἶ
117 2371 162 2418 aloc
176 2369 253 2430 cupit.
306 2363 325 2432 ²)
343 2365 492 2417 ‘arboribus
505 2369 602 2417 euulsis
612 2371 653 2418 uel
663 2370 691 2417 ui
701 2365 844 2419 uentorum’
861 2370 921 2435 Diq.
932 2385 976 2434 pr.
991 2370 1023 2421 L.
1034 2382 1067 2421 12.

13 2441 15 2496 ᾗ
117 2439 232 2488 citedd.
284 2431 438 2503 ⁸)Restitul.
465 2437 495 2487 In
510 2438 570 2502 Diq.
581 2446 632 2488 est:
648 2436 757 2503 ‘alioqui
770 2441 794 2488 si
807 2437 885 2490 totus'
902 2447 958 2499 etc,
972 2441 1019 2490 sed
1032 2442 1066 2504 cf.

13 2561 14 2564 ,
116 2509 192 2560 L.10.
207 2508 239 2556 1).
251 2507 284 2558 ib.
335 2503 356 2572 ⁴¹)
371 2507 403 2557 In
412 2508 472 2573 Diq.
483 2516 580 2558 tantum
594 2516 645 2558 est:
661 2506 791 2573 ‘auferret
801 2508 988 2572 fructuarius’,
999 2513 1069 2576 quod

13 2629 14 2636 ,
116 2594 216 2629 uersum
230 2593 281 2628 non
295 2579 387 2642 cupiet.
447 2575 468 2644 5)
482 2580 530 2641 agit
544 2594 557 2628 a
571 2579 628 2630 edd.
657 2579 696 2628 De
711 2582 857 2643 quaestione
871 2584 970 2646 aqitato
984 2597 1067 2632 sermo

13 2645 15 2692 Ῐ
117 2657 160 2699 est.
194 2648 292 2698 Versus
306 2649 459 2699 antecedens
477 2656 502 2698 et
516 2651 550 2708 is,
570 2652 615 2714 qni
628 2657 690 2712 post
703 2652 811 2699 alterum
824 2653 952 2715 sequitur,
972 2654 999 2700 in
1018 2652 1045 2701 V
1045 2653 1065 2701 i.

117 2721 191 2770 initio
205 2734 309 2770 uacuus.
333 2717 443 2784 Simquia
457 2726 555 2769 tantum
568 2719 645 2769 uerba
658 2723 775 2782 suppleta
786 2728 917 2785 utrumqne
928 2737 1068 2785 occupasse

116 2791 250 2841 uidentur:
263 2796 287 2839 et
296 2797 361 2853 puto
375 2791 500 2854 epitetum
510 2805 564 2840 esse
573 2791 604 2839 de
615 2793 758 2854 tepularuru
766 2792 935 2856 similiumque
945 2793 1065 2852 dominio,

116 2877 179 2925 quoe
193 2867 283 2911 uentus
296 2861 427 2920 deiecerit,
451 2859 515 2910 Nam
529 2861 561 2910 de
575 2875 700 2911 marmore
712 2859 757 2926 (cf.
768 2860 799 2909 L.
811 2873 836 2912 18
842 2877 885 2924 pr.
901 2863 933 2912 D.
944 2862 975 2912 de
982 2864 1067 2927 fundo
1110 2905 1115 2916 .

116 2933 165 2980 dot.
186 2943 224 2990 22,
242 2930 265 2995 5)
292 2930 416 2993 Ulpianus
435 2931 487 2981 alio
507 2933 563 2982 loco
582 2933 648 2996 epit:
665 2930 697 2980 L.
717 2943 736 2982 9.
761 2932 800 2992 ἓξ.
820 2943 839 2981 2.
860 2943 879 2984 t.
900 2932 931 2982 L.
952 2945 984 2984 13.
1006 2935 1030 2996 ἕ.
1045 2945 1065 2985 5.

13 3021 14 3058 1
116 3000 147 3049 D.
163 3001 187 3048 lt.
202 3009 218 3049 t.
271 2997 291 3064 8)
306 3001 354 3050 Est
367 3000 399 3048 L.
415 3011 448 3051 21.
468 3001 500 3051 D.
516 3003 548 3050 de
563 3001 645 3064 usufr.
662 3002 692 3066 (a,
708 2999 739 3066 1),
753 3002 800 3050 sed
813 3009 916 3052 mutata.
946 3002 1065 3063 Restitui,

13 3085 15 3102 ³
112 3071 210 3132 partim
219 3068 437 3120 Baebiusecutus.
490 3069 510 3135 7)
527 3072 626 3135 ..pinna
641 3071 698 3120 Vnt.
719 3073 868 3135 mancipium
879 3074 935 3123 edd.
947 3072 1066 3137 (praeter

13 3187 15 3200 ,
117 3137 249 3204 Mantus).
322 3137 342 3203 8)
358 3147 381 3188 ei
401 3140 458 3190 Vat.
474 3141 530 3190 edd.
603 3139 623 3204 9)
641 3141 761 3192 Fortasse
780 3143 933 3206 sequebatur
951 3145 1067 3206 sequenti

13 3253 15 3270 ,
117 3225 204 3260 versu:
226 3207 306 3274 ‘quod
325 3209 401 3259 babet
421 3207 566 3260 rationem'.
604 3211 641 3274 Cf.
661 3212 693 3260 L.
713 3223 745 3262 22.
772 3212 804 3260 D.
824 3213 855 3260 de
877 3213 960 3274 ususr.
981 3211 1015 3277 (a,
1035 3213 1064 3275 1).

119 3281 189 3330 Certe
199 3280 361 3330 lastinianus
371 3280 502 3330 Labeonis
510 3283 659 3331 sententiam
669 3281 798 3344 probauit.
824 3281 937 3331 Ceterum
948 3282 981 3343 cf.
991 3280 1022 3330 L.
1031 3294 1066 3332 10.

117 3352 138 3412 ξ.
153 3363 172 3402 3.
187 3351 218 3400 L.
234 3363 267 3402 47.
283 3352 315 3401 D.
331 3352 362 3400 de
377 3367 432 3415 aeq.
448 3366 500 3400 rer.
515 3352 579 3402 dom.
595 3349 639 3416 (41,
655 3345 684 3415 i).
708 3351 736 3400 L.
751 3361 785 3402 45.
801 3353 822 3412 ἓ.
838 3363 858 3402 3.
879 3351 910 3400 Ι).
926 3351 957 3400 de
971 3366 1026 3415 aeq.
1042 3368 1064 3400 u.

117 3435 160 3469 orn.
175 3421 229 3470 lter.
246 3421 290 3486 (29,
305 3419 336 3485 2).
411 3418 443 3487 10)
459 3422 540 3471 Prior
550 3437 617 3484 pars
631 3423 666 3470 ad
679 3419 712 3486 (2)
727 3422 789 3470 med.
805 3428 877 3470 cantat
892 3423 917 3470 in
932 3420 963 3470 L.
978 3432 1012 3472 23.
1033 3423 1064 3470 Ι).

118 3490 147 3539 de
162 3492 244 3553 usufr.
262 3490 292 3556 (a,
308 3491 337 3556 1).
391 3488 696 3558 ¹¹)Eaeuiq.soppteoi.
751 3487 782 3554 12)
797 3491 906 3554 idemque
921 3491 979 3556 qu.

798 3582 853 3638 47*
