2680 4118
332 275 337 281 .
425 223 523 260 sareu.
542 225 595 264 rvr.
613 226 675 262 son.
694 225 781 262 varro.
1017 214 1076 280 7οἹ

790 293 799 323 Ι

131 345 252 400 numeris
270 361 333 400 cum
352 345 414 412 VI.,
433 345 507 410 XV.,
525 345 636 400 XXVII.
656 349 686 400 et
702 347 798 401 XXIX.
817 350 919 402 servati
937 349 1005 414 sint,
1027 347 1081 402 hoc

130 413 252 466 maxime
270 413 440 466 adminiculo
458 413 549 466 Maius
567 413 595 466 in
613 414 774 467 ordinandis
793 418 821 468 et
832 417 980 484 iungendis
992 431 1080 470 mem·

47 488 120 535 [611]
130 479 226 533 branis
243 497 308 533 usus
327 482 382 543 est,
407 496 458 533 nec
481 480 572 533 adhuc
596 481 715 546 exstitit,
742 482 790 549 qui
812 483 948 536 rationem
972 483 1030 536 eius
1052 485 1082 536 et

132 547 258 600 ordinem
276 547 311 599 ab
331 562 364 600 eo
381 547 542 600 institutum
559 548 738 615 improbaret.
770 547 842 601 Nam
860 551 890 602 et
907 550 1021 602 titulum
1034 549 1080 604 ‘de

132 613 323 692 cognitoribus
349 615 379 667 et
403 615 644 681 procuratoribus‘
671 614 747 682 quod
769 615 869 668 ultimo
892 616 952 669 loco
978 617 1081 685 posuit,

132 697 200 748 qma
216 680 294 733 nullo
312 681 422 734 numeri
439 681 516 749 signo
535 682 612 734 certo
629 681 690 735 loco
709 682 874 750 assignatur,
893 697 949 736 non
968 684 1080 736 estsine

131 748 251 811 ratione,
271 763 430 814 quanquam
449 763 512 800 eum
530 749 638 801 ceteros
656 763 751 802 omnes
768 749 949 816 praecessisse
969 765 1002 803 ex
1019 750 1082 818 ipsa

132 814 252 868 materia
274 813 405 882 colligere
427 813 502 868 licet.
538 815 694 868 Verisimile
713 815 787 868 enim
810 816 864 880 est,
888 816 940 870 hcc
964 832 1033 885 opus
1050 818 1083 869 ut

133 883 241 936 ceteros
263 896 358 936 omnes
379 881 540 949 posterioris
564 883 627 934 aevi
654 881 761 935 codices
787 883 822 935 ad
846 882 972 937 ordinem
997 883 1082 937 edicti

131 948 264 1025 perpetui
281 948 464 1026 compositum
478 964 549 1025 esse:
569 964 653 1015 quem
672 949 759 1026 etiarn
771 949 949 1069 alithuatenus
961 949 1081 1018 assequi·

131 1032 208 1159 ἓξὲξ
222 1016 484 1161 titillanti&
498 1015 1081 1161 tttttdatttfftttttttttt

131 1150 230 1213 fursse,
248 1150 298 1202 ubr
314 1166 343 1201 ιιι
361 1149 440 1201 lrbrrs
458 1149 493 1202 ad
512 1149 636 1202 edictum
654 1151 689 1202 de
707 1165 748 1202 rer
766 1151 956 1204 vindicatione
975 1152 1081 1219 arritum

132 1215 207 1284 quod
220 1231 286 1268 sane
319 1215 454 1269 aullulum
467 1214 592 1269 deflectit
603 1217 638 1268 ab
651 1215 747 1270 ordine
760 1217 853 1282 edicti,
865 1219 977 1286 poterat
986 1224 1082 1272 tamen

133 1298 247 1359 cumleo
264 1232 481 1358 deiendtcuod
499 1283 548 1360 qui
559 1283 691 1360 vindicet,
709 1283 853 1361 dominum
872 1300 930 1339 esse
943 1286 1081 1354 oporteat,

133 1349 311 1416 dominisque
324 1363 445 1401 maxime
458 1350 645 1416 cmptrombue
657 1353 846 1418 acqurrantur,
858 1353 918 1405 tum
928 1352 1081 1421 Hermoge-

132 1415 211 1468 niani
228 1415 350 1477 ratione,
374 1415 467 1482 quiin
485 1417 614 1482 epitomis
631 1417 699 1469 iuris
717 1419 819 1486 ‘primo
841 1418 876 1472 de
899 1435 1082 1488 personarum

133 1487 208 1536 statu
226 1497 259 1536 ac
276 1483 341 1602 post
358 1481 394 1534 de
411 1483 511 1537 ceteris
524 1483 649 1536 ordinem
662 1485 747 1538 edicti
760 1488 871 1539 secutus
890 1487 988 1540 ethis
1006 1502 1082 1555 pro·

132 1549 276 1602 ximosa
299 1565 362 1616 que
385 1548 585 1604 coniunctos
603 1567 638 1618 ap
659 1551 747 1605 licens
764 1552 875 1617 titulos,
899 1554 993 1608 utres
1011 1553 1082 1620 pati·

133 1618 198 1681 tur’,
218 1616 327 1670 dixerat
344 1613 383 1681 (L.
402 1622 426 1670 2.
450 1622 484 1674 D.
503 1618 538 1670 de
556 1619 631 1670 statu
640 1568 721 1671 Iirom.
742 1621 777 1687 [1,
796 1621 855 1686 5])¹.
891 1619 983 1683 Quid?
1007 1620 1083 1687 quod

132 1683 312 1752 persimiliter
328 1683 384 1736 iam
403 1684 431 1738 in
451 1683 622 1752 Gregoriano
641 1684 755 1749 Codice,
774 1687 847 1738 teste
865 1685 1005 1738 breviario
1017 1686 1081 1738 Ala·

132 1750 192 1815 rici,
211 1751 256 1804 cui
273 1749 358 1805 fidem
376 1768 439 1805 cum
456 1751 593 1806 Haonelio
611 1752 658 1817 (ad
671 1751 717 1804 Gr.
730 1751 758 1804 0.
776 1769 803 1819 p.
816 1758 857 1805 23.
876 1753 933 1808 not,
952 1754 983 1817 n)
1002 1751 1082 1804 dero·

131 1833 200 1938 {are
217 1818 313 1882 nolim,
331 1819 430 1871 titulus
448 1821 481 1871 ‘si
498 1819 549 1871 sub
569 1818 682 1870 alterius
694 1817 806 1870 nomine
819 1833 863 1871 res
876 1819 972 1884 empta
984 1816 1079 1870 fuerit²

147 1885 216 1938 'tulo
227 1884 273 1938 ‘dc
283 1885 324 1939 rei
335 1885 532 1939 vindicatione'
542 1885 652 1937 vicinus
658 1883 885 1950 deprehenditur.
903 1883 964 1947 Qua
972 1884 1085 1937 ratione

133 1953 158 2005 si
175 1951 261 2003 etiam
277 1952 338 2004 tote
350 1951 469 2004 materia
481 1951 515 2003 de
528 1949 698 2016 acquirendo
713 1965 807 2002 rerum
819 1949 942 2004 dominio
955 1949 1007 2003 hoc
1020 1950 1081 2004 loco

132 2017 314 2076 tractabatur,
328 2016 424 2068 mirari
436 2033 491 2070 non
504 2016 578 2080 licet,
592 2016 666 2081 quod
675 2031 778 2070 novem
788 2017 985 2084 quaterniones
995 2033 1026 2070 us
1048 2033 1082 2070 ue

134 2083 169 2136 ad
182 2081 251 2145 XV.,
265 2082 313 2135 ubi
325 2083 368 2136 tit.
382 2083 417 2135 de
434 2084 581 2136 usufructu
598 2083 731 2150 seqnitur,
745 2099 779 2136 ea
790 2083 1004 2150 occupabantur.
1028 2033 1082 2137 cge-

134 2151 183 2218 qui
201 2148 302 2202 deinde
319 2149 346 2200 in
361 2149 447 2202 edicti
458 2150 537 2202 libris
555 2150 701 2202 materiam
714 2150 749 2204 de
762 2167 792 2203 re
810 2150 908 2202 uxoria
925 2152 954 2204 et
970 2152 1036 2219 post
1048 2151 1082 2204 de

133 2216 240 2280 tutelis,
260 2230 315 2281 quo
333 2218 443 2283 spectat
459 2217 503 2270 tit.
522 2216 556 2270 de
570 2218 756 2280 excusatione,
776 2218 966 2285 etpostremo,
985 2233 1083 2285 quam·

134 2298 219 2351 quam
237 2282 325 2336 multo
343 2284 416 2350 post,
434 2283 468 2337 de
487 2283 704 2348 donationibus‚²
721 2285 787 2337 satis
804 2285 902 2338 notum
921 2287 970 2338 est.

201 2349 234 2402 ln
251 2349 336 2403 libros
353 2349 482 2418 syllogen
499 2351 676 2404 distributam
694 2351 788 2416 fuisse,
807 2351 914 2404 nullum
933 2352 1082 2430 vestigium

133 2416 237 2470 indicio
259 2417 314 2477 est;
337 2416 449 2469 videtur
469 2417 568 2486 igitur,
595 2421 629 2470 ut
650 2417 769 2472 collatio
792 2420 821 2472 et
842 2417 1084 2486 Hermogenianus

135 2482 238 2548 Codex,
255 2482 352 2559 titulos
369 2484 478 2560 tanturn
496 2485 634 2550 habuisse,
652 2485 702 2552 qui
713 2487 797 2538 etiam
810 2501 862 2552 per
872 2486 990 2604 ρειῒςίιιαε
1002 2502 1081 2555 repe-

133 2554 244 2614 tuntur,
262 2551 304 2602 rte.
320 2550 353 2602 ut
368 2567 398 2602 m
416 2566 497 2604 versa
514 2567 625 2618 quaque
648 2552 742 2605 media
763 2553 840 2620 prior
857 2553 934 2604 trtur
950 2569 1028 2620 pars,
1052 2554 1082 2606 in

134 2618 212 2670 recta
227 2617 338 2684 reliqua
356 2633 475 2685 superne
493 2619 597 2696 scripta
614 2617 657 2683 sit,
676 2618 754 2671 nullo
766 2622 861 2672 tamen
873 2634 989 2672 numero
1002 2636 1082 2688 prae·

134 2683 196 2740 fixo,
218 2682 278 2737 Nec
289 2699 468 2737 numerorum
481 2685 566 2753 sigms
577 2686 626 2738 sed
637 2687 748 2738 tantum
760 2701 833 2740 novo
842 2701 932 2751 versu,
941 2685 1081 2740 interdum

135 2750 220 2804 etiam
242 2751 333 2818 spatio
355 2752 465 2804 tantum
487 2751 599 2818 relicto,
623 2752 749 2819 singulae
773 2752 907 2821 species
933 2752 1082 2808 distinctae

121 2820 209 2882 sunt,
234 2817 272 2870 sic
290 2819 364 2871 enim
383 2821 426 2884 (ut
442 2818 601 2886 Byzantinis
619 2817 747 2896 θέματα)
766 2819 876 2889 singula
899 2823 1031 2889 excerpta
1048 2837 1082 2875 ex

133 2885 205 2938 ICtis
223 2883 340 2951 perinde
357 2884 387 2938 in
399 2885 452 2938 hoc
464 2901 548 2955 opere
561 2888 645 2954 atque
658 2904 686 2939 ιιι
700 2885 798 2942 (tollat.
814 2893 845 2940 14
857 2885 904 2938 fin.
918 2889 948 2941 et
959 2885 988 2940 L.
1002 2887 1081 2941 Rom.
1157 2957 1161 2966 ¹

207 3057 226 3126 ¹)
241 3061 342 3109 Possunt
356 3076 413 3110 sane
427 3063 485 3111 haec
500 3063 571 3112 verba
588 3065 657 3112 etiam
673 3065 704 3112 ita
720 3063 826 3126 intelligi,
845 3070 870 3112 ut
884 3064 914 3114 ad
928 3065 1008 3114 titulos
1024 3067 1081 3114 iuris

133 3131 312 3180 extraordinarii
332 3138 386 3193 post
404 3132 524 3182 absolutas
544 3147 625 3182 omnes
644 3135 756 3182 materias
776 3134 847 3183 edicti
865 3136 973 3198 perpetui
993 3136 1016 3183 in
1036 3137 1081 3185 tine

133 3203 226 3250 additos
240 3201 380 3250 referantur.
409 3200 509 3250 Omnino
524 3210 602 3252 tamon
617 3205 724 3252 cedentis
739 3205 937 3266 iurisprudentias
953 3205 1022 3252 etiam
1035 3206 1081 3253 hcc

133 3273 246 3320 indicium
261 3278 305 3332 est,
320 3272 383 3334 quod
397 3273 483 3321 tradita
497 3274 556 3322 iuris
570 3282 697 3335 systemata
711 3275 807 3323 misceri
822 3281 845 3322 et
859 3288 901 3337 pro
912 3273 986 3322 lubitu
996 3275 1081 3322 mutari

134 3350 217 3405 coepta
232 3348 297 3390 sunt:
313 3357 444 3406 quanquam
459 3343 521 3392 idem
536 3345 667 3394 modestius
682 3352 705 3394 et
719 3359 772 3394 cum
782 3345 873 3392 ratione
884 3344 930 3392 ism
944 3344 1081 3406 superiores

134 3411 180 3460 lCti
195 3413 315 3461 factitasse
330 3413 545 3475 deprehenduntur,
560 3415 622 3463 velut
637 3415 730 3464 Paullus
746 3416 769 3463 in
784 3414 920 3462 Sententiis.
951 3412 984 3462 Ci.
1001 3414 1080 3463 Helm·

133 3482 200 3530 bach.
216 3484 240 3532 in
250 3483 344 3545 Repert.
356 3483 421 3545 Lips.
433 3495 492 3534 184³.
508 3484 546 3532 lll.
562 3500 585 3548 p.
596 3496 642 3534 144.
694 3481 715 3548 ²)
730 3485 841 3532 Fortasse
855 3483 947 3532 titulum
963 3484 991 3533 de
1007 3484 1080 3534 dona-

133 3553 236 3602 tionibus
250 3553 376 3602 Vaticanus
390 3554 492 3616 syllogas
506 3561 588 3602 auctor
602 3555 669 3602 titulo
685 3554 713 3602 de
728 3555 811 3615 legetis
826 3554 978 3617 applicuerat.

816 3652 870 3702 45*
