2680 4118
476 186 511 222 ns
529 155 715 224 morasmoras.
1007 171 1066 236 767

119 330 192 386 eum,
214 314 272 372 'cui
285 316 354 372 data
370 322 414 372 est
429 330 443 370 a
457 308 592 388 principe¹
608 317 780 389 negotiorum
794 320 937 389 fiscalium
953 321 1070 375 admini-

118 403 231 469 stratio,
247 400 382 472 quomdiu
393 399 584 470 administrat,
599 415 680 454 onera
692 400 836 456 tutelarum
851 406 1000 474 suscipere
1013 420 1071 459 non

118 484 255 622 {algmana
277 485 323 540 uet
343 486 494 554 priuatum
514 498 587 539 onus
604 484 721 554 publico
742 487 787 540 uel
808 488 930 542 inuicem
949 487 1071 542 iniuriam

182 646 263 706 183⁸.
296 641 390 709 ²Item.
425 648 471 720 le,
494 653 545 722 qui
565 654 739 722 temporario
760 652 858 708 morbo
878 653 1007 720 laboret,
1028 657 1070 708 in-

119 736 200 789 terim
220 750 239 788 o
261 735 344 789 tutela
360 733 546 801 excusabitum
570 735 610 803 hi,
633 750 703 806 quos
715 737 843 792 ualetudo
861 742 1006 806 perpetua
1022 753 1071 806 op-

115 815 241 887 pressit,
263 819 304 872 ita
320 813 513 886 excusantur,
538 825 568 873 ut
584 833 635 873 eas
649 833 763 891 quoque
780 817 895 890 tutelas,
916 835 990 891 quas
1004 827 1073 876 oute

118 907 320 971 susceperant,
334 901 487 972 deponant.

181 980 247 1040 184.
276 976 369 1040 8Item.
407 983 444 1041 In
456 983 589 1054 furorem
604 999 716 1057 quoque
731 988 781 1058 qui
786 987 900 1054 incidit,
921 985 1071 1042 excusabi-

119 1076 164 1124 tur
175 1069 253 1124 etiam
266 1065 298 1123 ab
308 1083 347 1137 ea,
364 1083 443 1140 quam
454 1076 531 1124 antea
546 1075 725 1139 susceperat,
741 1071 830 1125 tutela
838 1093 848 1132 ,·
862 1084 917 1126 nee
933 1076 1026 1125 tomen
1041 1073 1072 1126 in

119 1157 222 1225 totum,
247 1152 299 1207 sed
319 1157 350 1206 ut
371 1154 401 1206 in
423 1152 516 1208 locum
534 1150 640 1222 furiosi
662 1151 695 1206 ad
718 1159 825 1225 tempus
846 1161 956 1209 curator
977 1155 1072 1224 detur,

119 1236 209 1292 donec
225 1237 390 1304 resipuerit.

182 1314 246 1372 185.
269 1310 363 1374 ⁴ltem.
388 1317 452 1374 lllon
464 1317 635 1390 infrequens
648 1325 700 1388 est,
716 1323 801 1376 etiam
814 1335 886 1395 eum,
902 1322 953 1392 qui
962 1323 1071 1377 nimiam

119 1415 169 1474 per
190 1399 367 1456 rusticitatem
389 1416 418 1456 se
436 1399 532 1458 alienis
553 1405 672 1475 repotiis
692 1405 826 1476 perendie
846 1407 986 1477 imparem
1008 1419 1078 1478 esse·

115 1484 234 1556 probat,
257 1487 473 1542 excusationem
487 1487 593 1542 mereri.
630 1484 782 1558 Paupertas
797 1488 877 1560 plane
892 1495 1025 1553 excusat,
1047 1491 1075 1544 si

119 1571 215 1640 impar
230 1574 273 1625 est
288 1571 370 1624 oneri
380 1568 511 1640 ferendo.

183 1647 248 1709 186.
285 1645 380 1709 ⁶Item.
427 1653 495 1710 Tria
511 1669 600 1710 onera
623 1655 776 1710 tutelarum
792 1658 1010 1711 excusationem
1026 1657 1072 1710 tri·

119 1735 215 1795 buunt.
245 1735 305 1791 'iria
317 1744 406 1792 autem
422 1753 513 1794 onero
528 1741 570 1793 sic
584 1745 650 1793 sunt
662 1739 845 1807 accipienda,
860 1745 891 1792 ut
906 1755 962 1793 non
977 1753 1072 1793 nume-

119 1837 172 1876 rus
188 1819 359 1892 pupillorum
375 1820 466 1893 plures
481 1820 580 1875 tutelas
596 1820 690 1889 iaciat,
712 1821 763 1876 sed
776 1823 1015 1891 patrimoniorum
1029 1835 1073 1875 se·

118 1907 244 1974 paratio.
288 1910 316 1958 et
336 1905 400 1958 idco
415 1907 464 1974 qui
484 1903 575 1959 tribus
597 1901 723 1957 iratribus
744 1910 820 1958 tutor
840 1901 918 1958 datus
934 1898 1007 1979 est„l
1025 1897 1176 1975 qutiesleek·

119 1985 263 2041 indiuisum
285 1985 474 2057 patrimonium
489 1985 596 2056 habent,
619 1985 663 2040 uel
679 1984 837 2058 quibusdam
853 1993 938 2056 tutor,
962 1985 1072 2057 quibus·

120 2068 180 2124 dam
195 2075 314 2138 curator,
330 2083 410 2123 unam
426 2069 538 2124 tutelam
554 2070 705 2142 suscepisse
720 2069 853 2126 creditur:
892 2063 984 2144 [ma]
1008 2070 1072 2125 item

121 2145 187 2226 qui⁶
214 2166 304 2208 euram
331 2150 478 2207 kalendarii
500 2152 689 2208 Gaditanorum
717 2169 731 2208 a
757 2153 880 2226 principe
909 2144 1072 2208 'inductam⁷

120 2237 189 2292 etin
204 2235 326 2308 equestri
340 2233 434 2291 ordine
450 2244 603 2309 susceptam
619 2229 817 2293 'administrat⁸

120 2413 176 2447 oum
194 2395 302 2458 Tkeopk.
317 2395 349 2443 L⁴
364 2405 397 2444 21.
413 2396 435 2457 ς.
451 2407 471 2446 1.
486 2395 518 2443 L.
532 2407 559 2446 11
569 2411 612 2458 pr.
628 2395 660 2444 D.
675 2395 699 2444 k.
715 2402 733 2444 1.
748 2394 780 2444 L.
791 2407 824 2446 to.
842 2395 868 2445 C.
883 2395 906 2444 k.
923 2402 940 2444 1.
994 2389 1013 2460 ¹)
1028 2394 1073 2444 Ecc

125 2467 152 2516 V
153 2469 171 2515 ⁰¹.
194 2467 233 2516 ed.
256 2465 370 2515 Momms.
393 2472 437 2513 ..1
456 2480 470 2514 a
491 2466 609 2528 principio
636 2465 693 2514 Vat.
750 2462 789 2529 ’1)
812 2464 922 2515 destitui
943 2462 1072 2530 (similiter

120 2535 251 2601 Mamas).
273 2535 311 2598 Cf.
327 2537 350 2597 5.
366 2545 412 2586 aas.
427 2534 459 2584 t.
474 2547 500 2585 10
511 2537 556 2598 fin.
571 2535 603 2584 L.
618 2547 652 2586 11.
667 2546 747 2598 repr.
767 2536 799 2584 D.
815 2536 838 2585 k.
854 2541 871 2584 1.
923 2531 944 2600 ⁸)
960 2535 1072 2584 Restitui

118 2608 245 2657 sententio
263 2605 295 2655 ab
314 2607 375 2656 aliis
394 2612 543 2655 monstrato.
581 2605 665 2668 (11.8.
682 2617 714 2656 10.
734 2608 759 2668 ὅ.
772 2618 792 2657 e.
815 2607 847 2655 L.
863 2616 888 2657 11
901 2620 942 2669 pr.
966 2606 998 2654 D.
1014 2606 1037 2654 k.
1054 2612 1070 2654 t.

120 2675 140 2743 ⁴)
155 2676 280 2726 Similiter
297 2677 409 2726 restitui.
440 2675 478 2738 Cf.
498 2678 555 2736 §.e
577 2675 672 2724 111.
693 2676 725 2724 L.
745 2688 765 2728 e.
787 2677 810 2738 §-
827 2689 859 2727 19.
879 2676 911 2724 L.
926 2687 947 2726 1.
966 2675 998 2724 D.
1014 2675 1038 2724 k.
1054 2682 1070 2724 1.

119 2749 246 2811 11111αὲ8.
261 2758 308 2799 eto.
323 2759 370 2798 stt.
444 2743 464 2810 ⁵)
480 2745 528 2795 Est
541 2745 573 2794 lr.
587 2759 608 2797 e.
632 2745 664 2794 D.
679 2746 704 2795 k.
719 2753 736 2794 1.
756 2761 790 2795 ea
813 2745 868 2809 Uip.
888 2745 930 2795 lib.
950 2747 1017 2810 einp.
1040 2745 1072 2794 de

118 2820 283 2883 oldepraet.
298 2824 344 2868 tut.
374 2817 412 2880 Of.
427 2818 450 2880 g.
464 2827 511 2868 111.
581 2812 682 2882 ⁶)ltem.
710 2816 754 2873 Qui
768 2816 825 2866 edd.
855 2815 992 2878 018113.

121 2887 141 2955 ⁷)
155 2891 284 2939 iniunctam
299 2891 330 2951 ej.
346 2886 445 2937 Buckk.
469 2886 522 2937 Sed
535 2886 584 2937 koc
598 2888 637 2936 ait
650 2886 714 2950 Ulp,
730 2901 786 2935 cum
799 2885 913 2935 Gadibus
927 2893 999 2936 uetus
1007 2892 1073 2936 esset

119 2975 184 3009 cura
197 2960 354 3016 kalendarii,
366 2959 511 3021 prinoipem
526 2958 653 3021 quondam
668 2959 767 3006 ciuitati
777 2958 915 3021 larpitione
925 2956 1072 3006 subvenisse

119 3032 165 3087 ita,
175 3036 202 3077 ut
211 3029 287 3078 simul
296 3030 430 3078 induceret
439 3045 455 3078 a
460 3029 583 3091 principe
591 3029 754 3078 constitutum
761 3027 909 3076 kalendarii
916 3034 1070 3076 curatorem.

121 3095 142 3163 8)
157 3097 337 3147 administrabat
356 3097 414 3147 Vat.
425 3099 482 3148 edd.
506 3097 578 3147 Nibit
592 3099 695 3148 uidetur
704 3098 806 3155 deesse,·
819 3098 866 3147 sed
875 3098 1071 3162 intellepcndum

119 3175 156 3218 cst
177 3183 211 3217 ex
231 3169 254 3230 §-
274 3178 326 3218 tee:
350 3182 406 3216 curn
423 3169 499 3217 etiarn
520 3183 585 3217 cura
605 3168 754 3218 kalendarii
771 3169 806 3217 sit
827 3169 895 3216 iuter
917 3168 971 3214 trio
991 3181 1073 3215 onera

120 3236 223 3304 (8118),
238 3253 301 3294 eum,
316 3238 361 3300 qui
373 3235 485 3286 Gadibus
494 3244 635 3300 equestrem
644 3253 733 3288 curam
742 3237 892 3286 kalendarii
901 3236 1072 3295 administret,

119 3311 179 3359 licet
192 3324 224 3358 ea
237 3315 263 3358 et
278 3307 463 3358 Gaditanorum
474 3309 600 3369 pecunias
619 3315 644 3357 et
657 3324 673 3357 a
688 3308 811 3370 principe
829 3307 939 3355 donatas
958 3318 1073 3366 compre·

119 3379 222 3437 bendat,
232 3386 315 3427 tamen
326 3378 404 3426 unius
413 3384 509 3426 tantum
519 3393 598 3426 curae
609 3391 673 3428 onus
683 3377 826 3438 suscepisse
841 3374 921 3423 credi.
944 3373 984 3435 Cf.
995 3373 1027 3421 L.
1037 3383 1071 3422 eo.

119 3451 142 3509 §-
153 3460 174 3498 1.
186 3449 218 3496 D.
233 3449 257 3497 b.
273 3455 290 3498 t.
306 3474 339 3484 -
354 3446 407 3496 Sed
419 3455 502 3497 tamen
516 3462 569 3496 rem
583 3446 708 3510 Ulpianus
722 3448 794 3495 clare
808 3445 984 3493 demonstrare
998 3442 1072 3492 debe·

120 3517 169 3567 bot.
194 3517 284 3581 Itaque
299 3519 421 3580 lampasi
434 3517 553 3566 inductam
567 3517 660 3566 addidi
672 3524 703 3576 et,
719 3515 788 3580 quod
797 3529 846 3566 non
857 3513 945 3564 dubita
955 3515 1072 3564 amissum
