2692 4114
320 239 426 276 nonnus
445 239 551 276 susiana
568 237 665 276 ennon.
684 221 731 276 111.
751 205 845 282 ie-is·
864 229 889 278 2.
1014 223 1079 288 575

54 375 114 425 [4⁷⁹1
126 378 167 428 est
182 369 214 426 ab
230 386 281 440 eo,
297 371 375 426 culus
392 384 423 424 cx
438 369 500 426 iure
515 367 657 436 Quiritium
672 385 767 426 seruus
783 369 843 426 tuit.
874 369 922 426 sed
937 370 1000 426 huic
1014 385 1078 428 con·

125 471 232 512 cessum
256 463 298 510 est
321 469 353 509 ex
374 461 486 508 senatus
508 453 648 522 consulto,
671 455 751 509 etiam
773 452 866 510 liberis
880 455 923 509 ius
938 453 1079 521 Quiritium
1116 495 1118 502 ·

128 532 283 611 consequi.¹
327 533 356 593 ὅ.
380 529 723 604 ²ttiiitiaiu10uiritium
750 539 846 610 accipit
869 535 993 608 Latinus,
1016 531 1078 616 ’(si)

127 623 198 679 intes
213 621 312 695 uigiles
327 619 426 676 Romae
441 635 489 676 sea
503 614 609 676 ’annis³
623 620 796 692 militauerit,
817 637 849 676 ex
870 621 931 695 lege
946 615 1080 679 Visellia.⁴

124 705 167 763 ’at
182 699 299 779 postea⁵
314 719 345 760 ex
361 711 470 760 senatus
486 704 612 762 consulto
627 719 784 762 coiicessum
800 714 843 760 est
857 706 892 776 ei,
907 712 947 774 ut,
962 707 986 761 si
998 708 1080 762 trien·

125 791 171 845 nio
204 790 276 846 inter
308 787 406 862 uigiles
435 787 606 858 militauerit,
640 789 682 844 ius
710 788 853 855 Quiritium
886 797 1078 862 consequatur.

122 867 154 932 6.
178 864 272 930 ⁶Naue
287 871 397 928 Latinus
412 873 548 928 ciuitatem
560 870 703 928 Romanam
719 873 825 945 accipit,
840 875 863 928 si
879 887 934 930 non
949 875 1079 928 minorem

124 973 203 1030 qnam
219 956 311 1014 decem
326 955 429 1012 milium
443 955 595 1012 modiorum
612 971 707 1011 nauem
721 955 907 1028 fabricanerit,
927 965 956 1012 et
969 957 1080 1013 Romam

123 1057 170 1098 sen
186 1043 263 1098 annis
279 1040 444 1098 trumentum
459 1041 624 1114 pontauerit,
650 1039 787 1096 caedicio
802 1039 859 1096 diui
873 1039 984 1096 Claudii.
999 1057 1017 1098 s
1031 1057 1080 1098 s*

295 1193 359 1234 mn.
374 1167 434 1235 1v.⁷
462 1194 504 1234 ns.
521 1192 572 1234 ms
588 1191 643 1242 ovs
659 1191 807 1235 sv11vn1s
825 1192 914 1236 svnn.

187 1275 212 1336 1.
241 1271 308 1333 8Sui
329 1279 396 1333 iuris
417 1286 482 1334 sunt
504 1277 662 1333 familiarum
685 1293 792 1334 suarum
815 1281 968 1352 principes,
990 1259 1025 1336 iol¹
1039 1287 1080 1336 est

123 1368 202 1436 pater
217 1360 343 1431 familiae,
358 1361 477 1433 itemque
491 1367 576 1416 mater
591 1360 715 1423 familiae.

165 1483 167 1488 .
188 1439 217 1500 2.
240 1437 310 1509 tout
326 1435 420 1520 mettre
443 1444 549 1517 quidem
567 1439 696 1521 (certa),
711 1453 787 1519 patre
803 1455 890 1504 autem
905 1449 1010 1504 incerto
1025 1449 1080 1504 nati
1092 1451 1186 1520 itinn

123 1535 200 1601 sunt,
216 1529 302 1602 spurii
315 1526 492 1602 adpellantur.

267 1663 329 1704 ars.
346 1661 376 1704 V.
405 1663 448 1704 DE
463 1661 516 1704 ms
536 1662 589 1710 Qvi
603 1661 637 1704 IN
651 1661 832 1705 Ponmsnaun
850 1664 937 1710 SVNT.

187 1747 211 1806 1.
242 1741 302 1804 10Ιιι
324 1755 462 1822 potestate
484 1756 549 1804 sunt
570 1747 646 1804 liberi
669 1757 811 1822 parentum
830 1767 869 1806 ex
890 1751 963 1806 iusto
990 1751 1080 1806 matri·

124 1836 214 1891 monio
230 1834 294 1890 nati.

187 1915 217 1974 2.
242 1909 376 1972 ¹¹lustum
390 1915 591 1971 matrimonium
607 1924 664 1986 est,
687 1917 711 1971 si
725 1916 797 1971 inter
818 1931 876 1986 eos,
900 1917 947 1990 qui
969 1918 1078 1990 nuptias

125 2001 304 2068 contrahunt,
327 1998 471 2056 conubium
494 2001 545 2072 sit,
569 2008 672 2056 ettam
695 1998 828 2054 masculus
844 1997 931 2072 pubes
947 2015 1026 2072 quam
1042 2000 1080 2056 ie·

125 2085 197 2140 mina
218 2075 342 2159 ’(ιιίνί)12
353 2091 450 2156 potens
472 2083 524 2154 sii,
547 2091 575 2139 et
590 2085 698 2156 utrique
713 2083 897 2154 consentiant,
919 2085 942 2138 si
957 2085 998 2138 sui
1013 2083 1080 2138 iuris

125 2241 192 2293 enat,
206 2233 325 2290 sensisse,
339 2233 448 2281 manime
462 2248 496 2282 eac
509 2235 551 2296 iis,
566 2234 668 2298 quaein
679 2235 731 2295 fine
742 2233 831 2294 adicit,
843 2240 984 2296 appaream·
998 2239 1079 2282 tamen

125 2321 178 2356 non
193 2305 231 2352 ita
245 2303 331 2352 oratio
345 2303 401 2350 eins
414 2303 619 2369 inierpnnpendo
633 2305 777 2353 coercenda
791 2310 837 2366 est,
852 2311 880 2352 nt
893 2305 1015 2353 minorem
1028 2319 1079 2352 ma·

126 2376 266 2425 ammissum
285 2379 309 2422 et
322 2371 444 2422 Latinam
459 2375 558 2438 factam
578 2377 715 2424 iteratione
734 2375 861 2424 civitatem
881 2373 951 2426 Rom.
971 2390 1080 2439 unquam

125 2445 241 2509 adipisci
250 2457 328 2506 posse
341 2458 436 2508 neqare
451 2447 578 2494 uideatur.
607 2445 696 2495 Potest
709 2447 783 2503 enim,
799 2446 823 2494 si
833 2445 916 2494 minor
926 2461 1006 2495 cansa
1016 2461 1079 2509 pro·

126 2517 188 2566 bata
199 2517 266 2564 inter
280 2516 375 2564 amicos
385 2514 509 2566 liberatos
519 2523 611 2578 pastea
620 2518 702 2566 maior
714 2518 803 2580 foetas
815 2517 906 2566 iterum
916 2517 981 2565 inste
992 2532 1079 2566 nnana·

125 2586 245 2636 mittitur.
268 2583 323 2634 itai.
339 2597 360 2643 1,
375 2595 409 2636 st.
485 2583 507 2650 ¹)
523 2586 561 2648 Of.
579 2585 635 2635 Gai.
651 2599 671 2647 1,
686 2598 719 2637 ³1.
785 2583 860 2653 ⁹)Cf.
878 2585 935 2635 (ἰαί.
950 2599 972 2652 1,
986 2582 1034 2638 tib.

127 2654 149 2722 8)
170 2669 244 2706 annos
265 2654 313 2720 Bp.
335 2655 375 2706 eat.
402 2655 474 2706 Idem
491 2664 583 2719 postea
604 2657 739 2706 trienninm.
814 2654 835 2722 ⁴)
856 2672 880 2706 a.
902 2669 950 2718 aa,
974 2672 1025 2707 non
1045 2672 1080 2705 eac

126 2726 277 2776 Mommseni
290 2728 418 2776 sententia
432 2725 533 2791 (Jahrb.
546 2727 640 2791 fiqem.
653 2727 734 2777 Recitt
748 2727 784 2776 II.
796 2742 824 2790 p.
835 2739 882 2778 aso.
898 2729 954 2777 ecit.
971 2727 1078 2778 Ititsclii.

120 2797 210 2862 praefi
225 2797 261 2846 ad
274 2797 353 2847 indic.
369 2797 449 2847 schot.
464 2795 547 2848 Bonn.
561 2796 612 2848 itt.
628 2808 687 2849 1860.
703 2814 731 2860 p.
751 2797 793 2862 V.)
808 2813 831 2846 a.
847 2814 871 2846 a.
886 2809 942 2858 sus,
958 2803 1006 2861 q'no
1021 2805 1079 2847 teni-

120 2883 188 2932 pare
202 2869 272 2917 servi
287 2869 315 2916 in
330 2868 379 2918 hoc
393 2869 537 2917 ministerio
551 2874 634 2928 erant,
649 2869 693 2932 qni
707 2869 818 2916 mititare
832 2868 887 2916 dici
901 2883 951 2918 non
962 2875 1079 2929 possunt.

126 2938 181 2989 Nec
196 2939 231 2987 ad
244 2940 406 3002 antiquiores
421 2941 489 3002 tepeo
502 2937 569 2986 scta
581 2939 642 3000 fieri
654 2940 739 2988 salita.
808 2934 829 3001 6)
845 2937 890 2986 Eae
905 2937 935 2990 P.
952 2937 1032 2987 Fabri
1047 2940 1078 3000 qi.

125 3016 235 3073 preterea
255 3009 313 3058 Vat.
329 3007 374 3074 (em
388 3015 442 3071 pisa
454 3007 572 3070 factam).
591 3014 714 3071 praeterea
728 3009 785 3058 edd.
801 3017 840 3070 at,
855 3023 904 3073 qno
919 3009 965 3058 ciac
979 3023 1080 3069 careas,

124 3079 176 3129 ltac
191 3080 313 3129 revocavi
332 3094 367 3128 en
385 3080 408 3140 §-
422 3091 458 3138 4.,
477 3078 521 3127 nbi
539 3079 597 3128 Vat.
613 3081 731 3128 interest
750 3086 774 3128 et
792 3093 820 3130 ex
839 3087 935 3128 senatus
953 3079 1028 3128 habet
1046 3086 1079 3137 ut,

125 3149 195 3214 qnod
208 3150 266 3198 edd.
282 3149 374 3200 delent.
435 3145 459 3214 ο)
473 3149 510 3212 Cf.
529 3148 586 3198 Gai.
600 3161 621 3208 1,
635 3153 680 3201 32⁰.
742 3146 902 3214 ⁷)Appanet,
917 3149 1079 3198 enhaema-

125 3221 194 3270 teria
209 3227 306 3269 tantam
322 3220 440 3283 frustata
459 3221 583 3283 quaedam
600 3227 704 3272 servata
718 3235 779 3270 esse.
845 3216 866 3284 8)
882 3220 919 3282 Cf.
938 3218 994 3268 Gai.
1010 3231 1030 3274 1,
1044 3230 1079 3268 48.

124 3301 159 3343 5ο.
175 3289 207 3339 L.
222 3302 243 3342 t..
263 3290 295 3338 D.
310 3291 342 3340 de
356 3290 397 3340 iis
411 3292 455 3356 qni
468 3292 510 3340 sai
524 3290 556 3356 (1,
569 3289 601 3355 s).
621 3290 652 3340 L.
663 3301 709 3342 195.
725 3293 763 3352 ἐξ.
774 3302 794 3340 ιι.
805 3301 825 3342 5.
844 3290 876 3337 D.
888 3291 919 3338 de
933 3287 1078 3351 uerisipn.

125 3359 171 3426 (5ο,
186 3360 231 3426 16).
283 3357 305 3426 ⁰)
321 3361 360 3425 Cf.
376 3362 449 3424 infra
463 3369 484 3422 t,
499 3372 519 3412 t.
544 3361 665 3411 Fortasse
683 3362 726 3412 iiic
745 3361 858 3410 caecidit:
878 3356 937 3408 ‘Sui
955 3359 1022 3430 ioris
1035 3363 1081 3404 ant

120 3434 197 3496 fiant,
213 3433 283 3480 uetat
297 3433 509 3494 emancipatione,
520 3439 566 3480 aut
575 3439 726 3490 nascuntur,
737 3434 806 3480 uelat
816 3431 844 3487 ii,
854 3431 898 3492 qni
908 3433 1080 3491 postmortem

118 3503 211 3566 patris
225 3504 267 3552 ael
277 3509 355 3566 patre
370 3504 469 3553 incerto
483 3505 539 3552 noti
552 3499 630 3552 sant.’
685 3499 717 3567 10)
734 3502 772 3564 Cf.
789 3501 845 3550 Gai.
865 3511 886 3558 1,
899 3509 933 3550 55.
990 3493 1024 3561 ¹¹)
1040 3496 1078 3559 Cf-

126 3573 185 3622 Gai.
202 3583 222 3634 1,
237 3583 270 3625 nc.
282 3588 326 3636 pr.
342 3572 364 3621 I.
380 3574 411 3622 de
427 3581 496 3637 nupt.
512 3572 543 3638 (1,
558 3571 602 3638 ιο).
655 3568 687 3637 1²)
701 3571 775 3636 SipIa
789 3572 814 3620 ni
829 3569 994 3636 (==ui1·i)iic
1008 3569 1080 3618 enei·
