2692 4114
415 271 481 308 svau
498 269 594 307 ravam
612 271 683 306 saur.
702 251 748 305 iv.
770 258 811 306 11.
1024 249 1085 315 521

62 407 127 458 [⁴²⁵1
137 402 259 476 legitima
274 401 367 456 matris
382 400 526 456 intestatae
540 399 675 470 hereditas
690 401 826 474 pertinere
840 415 895 456 non
905 408 1013 474 potest;
1028 401 1090 474 quio

138 501 227 560 neque
242 484 316 541 serui
330 499 420 556 neque
434 482 523 539 liberti
538 492 650 540 matrem
665 483 771 540 ciuilem
782 482 880 539 hahere
891 484 1089 558 intelliguntur.

138 565 168 628 8.
191 568 231 624 hd
246 568 392 642 legitimam
413 567 555 624 intestatae
575 569 667 624 matris
688 567 862 623 hereditatem
883 565 930 623 lilli
950 569 1024 624 ciues
1039 567 1091 623 lio·

139 655 224 723 mani,
246 665 301 707 non
317 653 397 708 etiam
411 644 528 722 latini,¹
551 651 742 719 admittentem
764 651 837 707 ciues
853 659 941 706 autem
956 651 1090 707 Romanos

139 744 174 792 e'o
190 745 313 809 tempore
329 751 389 791 esse
404 743 529 808 oportet,
545 751 599 808 quo
620 733 663 791 'iis
678 731 800 790 defertur
814 743 842 790 et
856 734 889 790 ab
904 728 955 790 ἱίε2
971 734 1091 807 legitima

141 818 277 876 hereditas
292 818 368 874 'adiri
382 812 506 892 potest‚³
520 818 643 892 ’prolude
659 815 732 892 (eum
747 815 792 892 de)
808 811 914 874 morte⁴
929 820 1019 872 matris
1034 833 1092 874 eer-

141 905 226 960 tiores
235 901 284 960 lilii
296 901 375 973 liunt,
390 918 446 958 uon
457 905 553 958 nuntio
566 911 687 976 accepto,
702 901 749 958 sed
765 918 815 976 pro
827 901 929 974 liquido
941 909 1090 974 comperto,

141 985 215 1060 quod
229 984 359 1043 intestata
373 980 546 1042 decesserit.⁶
586 983 617 1043 4.
640 979 741 1042 ⁶lilius
756 994 900 1042 maternam
916 984 1091 1041 hereditatem

141 1069 315 1145 eamdemque
330 1069 478 1144 legitimam
493 1071 545 1126 nisl
560 1069 683 1126 adeundo
700 1085 830 1144 quaerere
845 1085 900 1125 uon
915 1076 1016 1143 potest.

428 1231 491 1274 utu.
506 1231 549 1272 11.
578 1231 620 1272 nu
636 1229 803 1272 omnisve.

296 1317 342 1400 [L.
359 1323 389 1381 9.
411 1323 446 1381 D·
463 1326 497 1380 de
511 1326 591 1398 prud.
608 1332 636 1381 st
650 1323 735 1397 affin.
752 1322 815 1397 (38,
833 1315 939 1401 10).]*

145 1506 246 1543 serrum
256 1505 291 1540 era
300 1498 379 1554 pacto
389 1507 487 1555 parere
495 1500 592 1556 posset,
601 1495 709 1543 alterum
719 1494 850 1550 remansit,
861 1499 888 1542 ut
897 1499 921 1542 et
930 1507 958 1541 se
967 1499 991 1542 et
1001 1491 1095 1542 liberos

141 1569 222 1627 pacto
237 1563 264 1610 in
279 1561 424 1612 libertinam
439 1564 608 1613 conditionem
627 1564 692 1612 dare
706 1565 808 1620 liceret,
830 1577 908 1627 eoque
921 1570 1009 1612 noster
1023 1565 1096 1613 loeus

145 1639 244 1697 spectat
257 1637 282 1681 et
295 1631 326 1680 L.
341 1642 361 1682 2.
381 1635 403 1694 ἕ.
418 1643 438 1683 t.
458 1633 489 1682 D.
505 1634 529 1682 h.
544 1641 562 1683 t.
577 1633 621 1697 (ss,
636 1633 680 1698 lt),
755 1630 775 1699 ¹)
790 1632 858 1682 Parta
872 1649 907 1682 ear
920 1633 1017 1682 Latina
1030 1635 1094 1691 nati,

146 1718 211 1768 puae
225 1717 280 1753 ouri
294 1709 348 1752 tres
359 1704 430 1765 illios
439 1706 592 1767 peperisset,
607 1705 671 1753 ciuis
681 1703 752 1754 liom.
764 1703 839 1766 faeta
853 1704 903 1752 iam
913 1703 1030 1752 decessit.
1056 1703 1094 1766 Cf.

144 1785 165 1833 t,
180 1785 200 1826 s.
220 1775 259 1836 ἓξ.
270 1784 290 1824 t.
300 1784 321 1824 8.
345 1773 454 1823 Multum
468 1775 551 1839 ipitur
564 1775 591 1822 in
605 1773 655 1823 hae
668 1789 749 1824 eausa
763 1775 942 1831 intertrator
955 1775 1009 1837 lepe
1019 1772 1095 1822 Aelia

144 1843 234 1894 Sentio
248 1845 288 1893 uei
301 1846 403 1894 erroris
417 1859 521 1894 causam
531 1843 650 1906 probari.
673 1844 730 1894 Gai.
746 1857 766 1902 1,
776 1855 862 1907 seseq.
914 1839 934 1908 ¹)
949 1842 991 1891 Ita
1005 1842 1094 1891 Klenz.

144 1931 179 1964 ear
194 1915 266 1972 Odd„
281 1915 334 1962 nisi
347 1914 416 1977 quod
429 1915 521 1976 iispro
535 1914 573 1962 his
587 1917 691 1978 scripsi.
720 1915 749 1963 ah
765 1914 850 1962 iisdem
864 1911 921 1962 edd.
981 1909 1003 1976 ³)
1018 1914 1096 1962 aditur

145 1984 209 2050 (pro
224 1983 310 2048 adirip,
325 1991 352 2032 ut
363 1983 438 2046 puto)
454 1983 516 2032 Odd.
531 1983 575 2032 Kl.
585 1985 643 2033 edd.
689 1981 711 2049 ⁴)
725 1984 824 2048 perinde
839 1990 917 2032 autem
929 1981 990 2032 Cald.
1002 1982 1045 2032 Ki.
1055 1983 1095 2032 ed.

145 2055 220 2104 Haeo
234 2061 258 2102 et
272 2068 337 2118 quae
351 2061 492 2117 sequuntur
507 2068 585 2117 usque
599 2055 635 2104 ad
645 2056 720 2117 finem
735 2056 762 2116 §i
776 2056 802 2103 in
816 2054 874 2103 edd.
889 2068 939 2103 non
953 2060 1051 2102 extant.
1079 2111 1081 2118 s

146 2123 389 2190 plolomaeus
409 2123 594 2186 cauponum
611 2126 745 2174 comestis.
777 2123 816 2174 De
834 2139 863 2173 re
882 2123 916 2186 es.
936 2123 968 2172 L.
983 2135 1016 2174 1³.
1036 2125 1060 2184 ξ.
1075 2137 1095 2174 1.

145 2195 178 2244 L.
193 2205 227 2246 19.
242 2203 269 2244 ou
278 2209 322 2256 pr.
346 2193 379 2241 D.
393 2192 425 2242 de
439 2208 496 2257 aeq.
511 2209 534 2242 u.
549 2208 596 2244 om.
610 2193 663 2243 her.
678 2193 723 2260 (so,
737 2193 768 2260 a).
842 2191 863 2260 ⁶)
880 2193 918 2256 Cf.
933 2192 964 2242 L.
980 2203 1000 2244 a.
1022 2193 1047 2242 G.
1062 2194 1098 2242 ad

145 2264 193 2314 So.
211 2261 311 2327 Orphae.
325 2261 357 2328 (a,
370 2260 416 2328 ar).

219 2331 245 2399 *)
262 2331 411 2393 Quaeritur,
424 2348 459 2382 an
468 2332 517 2384 hoe
527 2335 583 2383 loeo
594 2333 756 2384 inserendum
763 2335 797 2384 sit
806 2341 908 2384 stemma
918 2335 1097 2399 aequationem

147 2404 179 2454 ab
193 2405 250 2467 ipso
266 2403 359 2452 Paullo
373 2403 434 2452 huia
448 2404 522 2453 titulo
537 2403 670 2453 adiectum.
695 2403 734 2454 De
743 2419 792 2469 quo
807 2405 906 2468 quidem
916 2407 1002 2454 nullus
1013 2405 1098 2455 adhue

147 2475 234 2524 editor
247 2489 280 2523 ne
294 2474 416 2538 capitanii
430 2473 538 2536 quidem,
553 2490 609 2524 cum
623 2475 709 2523 nullus
723 2476 750 2523 in
764 2477 946 2524 sententiarum
958 2475 1019 2524 Cdd.
1031 2478 1097 2525 eius·

147 2545 217 2596 orodi
230 2551 333 2593 stemma
346 2545 482 2607 repererit.
506 2542 559 2593 Sed
567 2543 634 2593 Lud.
648 2544 799 2594 Charondae
813 2547 840 2593 in
855 2545 914 2594 edit.
928 2561 977 2595 suu
991 2545 1097 2595 Institu-

149 2617 245 2666 tionum
254 2611 367 2679 (adieeta
377 2614 541 2679 Dipestorum
552 2615 622 2676 edit,
632 2630 697 2679 puae
707 2615 810 2678 prodiit
824 2614 946 2678 Antoerp.
958 2615 1021 2681 toto)
1027 2631 1054 2679 p.
1063 2627 1097 2668 uo.

144 2685 291 2748 praefatus,
304 2685 413 2747 soranam
426 2684 554 2749 produum
568 2686 595 2734 in
606 2686 659 2748 fine
669 2685 730 2735 ora.
740 2684 897 2747 Dionysiani
906 2685 1099 2736 Institutionum

148 2757 275 2804 iuuentam
295 2754 480 2804 subiiciendom
501 2769 603 2804 essese
628 2756 789 2805 existimasse
810 2753 895 2819 (quarn
916 2756 1027 2818 formam
1047 2755 1097 2805 Eu,

147 2824 280 2876 Schrader
293 2825 330 2874 ad
342 2825 427 2874 Instit.
438 2840 466 2888 p.
480 2835 529 2876 tue.
549 2827 634 2875 alieno
649 2827 705 2874 loeo
718 2826 849 2888 quaesisse
867 2825 993 2890 uidetur),
1011 2827 1099 2875 addit:

150 2893 281 2960 ‘illamque
294 2895 489 2952 adiiciendum,¹
499 2911 574 2958 quarn
592 2910 627 2944 em
645 2894 712 2944 libro
726 2901 818 2958 quarto
831 2893 1021 2945 Sententiarum
1035 2896 1100 2946 Iulii

149 2965 238 3015 Paulli
252 2967 326 3015 titulo
340 2966 372 3014 de
379 2964 507 3030 prodibus
516 2965 599 3014 edidit
609 2961 735 3014 mutius?
759 2964 850 3029 Itaque
860 2981 887 3029 p.
898 2977 932 3018 uo.
952 2967 1019 3016 duae
1031 2969 1098 3016 eius·

148 3035 217 3086 modi
228 3036 329 3098 formas
343 3034 526 3094 subiiciuntur,
541 3036 675 3084 interiecto
689 3035 737 3084 hoo
751 3037 826 3099 quasi
839 3037 914 3086 titulo
926 3032 1098 3086 ‘ardutium

147 3105 193 3154 Ida
202 3105 268 3155 libro
277 3111 369 3170 quarto
378 3107 562 3154 sententiarum
568 3104 633 3153 Iulii
641 3105 729 3154 Paulli
738 3106 776 3155 tit.
787 3105 819 3155 de
826 3106 960 3171 pradibns,
970 3123 1098 3172 nunquam

147 3176 273 3226 haelenae
285 3177 312 3224 in
327 3177 407 3224 lueem
421 3173 510 3224 edita?
540 3175 677 3238 Superiori
688 3176 789 3238 formae
804 3179 892 3227 notula
906 3177 1017 3239 adiecta,
1031 3179 1098 3234 inse·

148 3247 217 3296 riori
230 3246 278 3296 hoa
295 3243 342 3294 sub
360 3245 449 3294 tituta:
466 3251 612 3292 anaonuus
623 3251 744 3293 aourrus
756 3253 877 3293 sacroru
895 3248 953 3295 irem
971 3247 1007 3296 ad
1025 3249 1097 3296 intet-

148 3317 239 3366 teatum
252 3321 407 3365 stemmatum
418 3317 552 3378 pertinens
566 3315 705 3365 admonitio
719 3315 842 3365 subiecta.
866 3315 941 3365 Haec
950 3317 1043 3374 omitia,
1057 3331 1098 3364 re·

144 3387 227 3450 petita
245 3401 262 3434 a
280 3384 485 3450 Senelaenberpio
504 3387 530 3434 in
550 3385 589 3434 ed.
608 3384 769 3450 Brachylopi
786 3396 845 3436 1ttu.
861 3385 897 3434 ad
911 3385 1098 3447 p.1os.,unde

150 3456 302 3505 Charondae
319 3456 439 3518 petierit,
465 3455 510 3504 diu
534 3462 558 3504 et
576 3457 603 3504 in
624 3455 776 3506 lectionibus
796 3453 936 3503 subsecivis
957 3455 1098 3519 ceterisque

150 3525 235 3574 Gontii
252 3525 373 3589 operibus
391 3531 416 3575 et
434 3526 461 3574 in
480 3525 635 3575 editionibus
653 3527 772 3589 eorporis
790 3525 858 3573 iuris
872 3525 969 3587 civilis,
984 3531 1044 3590 quot
1058 3527 1099 3574 in-

147 3596 249 3658 apieere
258 3597 346 3658 potui,
363 3595 508 3655 Germanis,
521 3595 568 3645 sed
582 3595 686 3660 frustra
705 3596 827 3660 quaesiui.
854 3593 981 3659 Suspicor
993 3601 1098 3656 tantum,
