2680 4118
277 206 337 273 ’142
506 227 604 264 runnu.
623 227 677 263 1vn.
695 226 758 262 nou.
777 225 863 263 varan.
884 213 996 264 itt-82.

276 361 412 411 momento
428 356 564 432 recipere:
586 373 666 430 quam
688 357 848 412 sententiam
870 357 927 428 ipsc
943 363 974 412 ut
995 355 1121 412 stolidam
1137 373 1234 431 repre-

276 438 382 496 hendit:
405 439 505 498 etenim
519 457 579 498 esse
594 437 783 515 incogitabile,
807 439 919 496 eandem
934 455 994 496 csse
1009 456 1117 496 causam
1132 443 1236 516 cuique

276 531 304 578 et
318 521 457 578 amittendi
472 535 500 582 et
515 518 682 598 recipiendi.¹

337 600 384 663 76.
408 599 544 666 ²1ulianus
567 607 672 677 scribit,
700 609 722 663 si
745 622 826 663 seruo
848 609 984 663 communi
1006 616 1034 663 et
1056 607 1126 664 Titio
1149 625 1234 665 usus·

275 689 380 747 tructus
402 689 520 764 legetur,
546 700 575 749 ct
595 707 666 748 unus
688 707 720 746 en
742 690 857 746 dominis
879 692 998 747 amiserit
1020 691 1233 763 usumfructum,

275 789 331 830 non
346 772 502 833 adcrescere
517 776 598 847 titio,
614 775 661 832 sed
676 775 728 832 soli
743 775 832 830 socio:
856 775 1081 848 quemadmodum
1097 774 1183 847 fieret,
1209 779 1234 832 si

275 855 382 914 duobus
397 861 560 918 coniunctim
575 868 603 916 et
617 858 694 915 alteri
708 860 850 932 separatim
865 865 938 914 esset
957 858 1076 920 relictus.
1114 859 1166 915 Sed
1183 864 1233 934 qui

276 941 409 998 diuersam
424 945 583 1002 sententiam
598 941 723 1018 probant,
746 940 809 1015 quid
831 941 969 999 dicerent?
992 951 1083 1000 utrum
1099 951 1230 1002 extraneo
1319 985 1321 992 .

276 1024 337 1090 soii,
361 1041 394 1082 an
415 1030 497 1087 etiarn
519 1027 594 1084 socio
618 1026 792 1082 adcrescere?
827 1023 918 1099 thui
933 1026 1065 1083 lulianum
1081 1027 1230 1100 consuluit,

275 1112 311 1166 ita
326 1109 473 1186 consuluit,
490 1129 524 1170 an
539 1110 571 1167 ad
587 1119 677 1168 utrum
692 1111 835 1184 pertineat,
851 1111 926 1183 quasi
941 1112 1028 1182 possit
1044 1120 1071 1167 et
1086 1113 1138 1185 ipsi
1153 1114 1230 1169 socio

275 1191 439 1256 adcrescere.
484 1197 582 1269 Atquin
605 1193 676 1268 quod
701 1195 760 1268 quis
783 1194 896 1267 amittit,
919 1194 1066 1250 secundum
1087 1195 1233 1270 Pomponii

275 1279 436 1334 sententiam
450 1282 502 1355 ipsi
518 1295 573 1336 nou
588 1271 715 1336 accedit³
1319 1271 1321 1286 ²

336 1354 381 1419 tt.
406 1355 555 1420 ⁴interdurn
573 1372 669 1428 tamen,
686 1363 802 1418 etsinon
817 1363 871 1418 sint
882 1362 1027 1432 coniuncti,
1043 1371 1133 1420 tamen
1150 1380 1229 1420 usus·

275 1441 380 1498 iructus
395 1444 501 1520 legatus
517 1446 594 1503 alteri
615 1445 758 1503 adcrescit:
782 1452 812 1500 ut
834 1455 899 1520 puta
920 1447 943 1501 si
965 1446 1029 1502 mihi
1052 1446 1128 1504 tundi
1150 1464 1229 1504 usus·

275 1526 381 1582 fructus
405 1532 549 1603 separatim
572 1523 682 1602 'totus,⁵
704 1537 732 1584 et
749 1527 796 1583 tibi
811 1529 935 1586 similiter
951 1529 1033 1585 iucrit
1056 1530 1229 1588 ususfructus

274 1608 395 1669 relictus.
419 1613 492 1686 Nam,
508 1623 539 1670 ut
555 1614 648 1670 Celsus
664 1612 708 1669 tib.
721 1611 807 1668 ttvttt.
821 1613 879 1686 big.
895 1622 923 1669 et
937 1611 1055 1670 lulianus
1070 1613 1115 1671 ttb.
1127 1613 1228 1672 XXXV.

274 1693 378 1768 scribit,
394 1713 528 1756 concursu
542 1706 632 1772 partes
647 1695 784 1753 habemus.
812 1694 889 1763 Quod
900 1705 928 1754 et
943 1698 970 1752 in
985 1700 1151 1772 proprietate
1162 1713 1230 1754 con·

275 1779 406 1851 tingeret:
429 1799 489 1840 nam
505 1781 590 1838 altero
605 1781 774 1854 repudiante,
792 1779 860 1836 aiter
874 1789 961 1837 tntum
977 1781 1091 1838 fundum
1106 1779 1228 1840 baberet.

275 1861 322 1918 sed
336 1864 365 1918 in
380 1867 524 1924 usufructu
539 1866 591 1922 hoc
605 1865 666 1939 plus
678 1873 720 1920 est
735 1857 932 1938 (contraquam
944 1864 1099 1923 Atilicinum
1113 1881 1228 1939 respon·
1321 1855 1322 1902 3

274 1945 356 2018 disse,
378 1943 529 2007 ’Auiidius⁰
551 1949 631 2006 Chius
647 1943 753 2022 refert),
777 1947 850 2021 quod
866 1957 892 2004 et
915 1949 1080 2006 constitutus
1102 1949 1227 2006 ’amissus

274 2027 461 2090 nitriiominus⁷
481 2036 524 2090 ius
544 2031 714 2092 adcrescendi
735 2029 861 2089 admittit.
906 2048 999 2088 omues
1014 2036 1084 2090 enim
1100 2042 1227 2091 auctores
1239 2041 1292 2090 [6411

261 2115 345 2187 ‚apud
360 2115 492 2174 Plautium
513 2117 546 2174 de
568 2118 621 2174 boc
642 2124 849 2186 consenserunt,
870 2108 908 2172 'et
930 2109 973 2173 ιιι8
994 2115 1087 2174 Celsus
1108 2126 1134 2174 ct
1150 2117 1228 2174 iulia·

273 2214 325 2254 nus
340 2199 481 2276 eleganter
495 2206 578 2270 aiunt,
597 2200 769 2256 ususiructus
784 2198 907 2272 quotidie
918 2203 1095 2257 constituitur
1110 2211 1137 2258 et
1152 2200 1225 2275 iega-

274 2289 330 2354 tur,
345 2299 411 2358 nen,
426 2295 456 2342 ut
471 2287 631 2360 proprietas,
648 2300 680 2340 co
692 2283 752 2340 scio
764 2292 895 2356 tempore,
910 2301 965 2356 quo
978 2285 1136 2346 uindicatur.
1161 2284 1227 2341 Cum

273 2365 388 2438 primum
405 2372 497 2442 itaque
516 2385 570 2424 non
587 2369 708 2424 inueniet
730 2359 843 2444 '(alter)
859 2360 996 2441 alterum,9
1020 2371 1066 2442 qui
1087 2368 1138 2425 sibi
1161 2385 1227 2425 con·

273 2458 374 2518 currat,
389 2452 464 2507 scius
481 2460 573 2507 utetur
589 2444 685 2525 ’(in)¹⁰
701 2459 798 2508 totum.
842 2449 951 2506 Vindius
967 2460 1065 2519 tamen,
1081 2452 1145 2508 dum
1161 2469 1226 2510 cnu-

272 2530 339 2586 sulit
353 2533 493 2604 lulianum,
512 2536 539 2590 in
555 2549 586 2590 ea
602 2535 729 2607 opinione
744 2544 797 2606 est,
818 2542 848 2590 ut
863 2542 950 2607 putet,
973 2551 1027 2590 non
1043 2536 1105 2592 alias
1121 2537 1163 2592 ius
1180 2537 1226 2592 ad·

272 2616 408 2672 crescendi
425 2633 499 2686 esse,
523 2633 602 2690 quam
617 2619 644 2674 iu
660 2619 826 2686 coniunctis;
850 2619 896 2691 qui
913 2634 1044 2692 responso
1059 2621 1112 2677 ait:
1137 2617 1225 2676 ε1111111

272 2696 366 2768 refert,
383 2702 545 2758 coniunctim
561 2717 594 2758 au
609 2703 752 2775 separatim
766 2700 956 2775 relinquatur)
976 2694 979 2778 1

167 2773 276 2845 831116]
342 2778 390 2840 78.
415 2777 557 2842 ¹¹lulianus
574 2783 619 2845 tib.
637 2784 734 2840 XXXV.
749 2785 852 2856 scribit,
868 2787 891 2840 si
906 2784 1011 2841 duobus
1027 2786 1169 2843 heredibus
1185 2789 1226 2844 iu·

273 2865 376 2923 stitutis
392 2867 508 2927 deducto
525 2869 668 2926 usufructu
683 2870 833 2944 proprietas
855 2868 973 2944 legetur,
994 2871 1036 2925 ius
1052 2870 1226 2928 adcrescendi

346 3060 366 3129 ¹)
382 3063 420 3128 Of.
435 3064 498 3116 Iao.
514 3065 537 3125 ξ.
548 3074 561 3112 a
572 3064 617 3126 fin.
637 3063 669 3111 D.
680 3061 748 3127 quib.
758 3063 823 3112 mod.
835 3062 933 3125 ususfr.
943 3078 990 3112 am.
1001 3061 1032 3128 (t,
1042 3061 1075 3128 t).
1123 3059 1227 3128 ¹)Hinc

273 3135 386 3184 manavit
399 3134 430 3183 L.
446 3148 466 3186 ι.
481 3136 505 3196 ξ.
520 3135 588 3196 afin.
609 3133 640 3182 D.
656 3135 699 3183 cit.
715 3131 746 3198 (t,
761 3133 792 3196 2).
844 3129 864 3197 ο)
879 3131 952 3197 Erpa
968 3132 1123 3196 Pomponius
1137 3134 1227 3184 dicere

272 3205 386 3263 debebat,
400 3207 450 3254 soli
463 3211 588 3254 cortranco
602 3219 761 3254 accrescere.
817 3199 839 3267 4)
854 3201 903 3252 Eat
916 3202 947 3250 L.
964 3216 983 3252 1.
999 3205 1022 3264 ξ.
1037 3216 1057 3254 a.
1079 3204 1111 3252 D.
1127 3206 1169 3253 cit.

274 3273 295 3342 6)
310 3277 382 3326 totius
402 3275 459 3325 Vnt.
474 3275 532 3325 edd.
601 3270 622 3340 θ)
637 3274 741 3323 Fufidius
756 3276 789 3337 ci.
804 3272 917 3323 Momma.
933 3276 1045 3338 olicpnta
1059 3273 1090 3323 L.
1106 3284 1127 3325 n.
1146 3273 1178 3322 Ι).
1194 3275 1228 3324 de

272 3362 338 3398 aare
353 3349 401 3410 lep.
417 3344 461 3410 (at,
476 3343 507 3412 a).
574 3340 761 3408 ⁷)nihiiominus
777 3344 878 3392 amissus
898 3343 956 3392 Vnt.
972 3345 1029 3393 edd.
1045 3344 1188 3393 constitutus
1204 3352 1229 3393 et

272 3421 356 3480 postea
370 3416 472 3464 amissus
486 3415 638 3464 nihilominus
652 3414 712 3479 Dip.
768 3411 789 3480 8)
805 3412 864 3478 Dip.
880 3420 905 3462 ut
920 3419 943 3462 et
962 3414 1020 3464 Vot.
1035 3415 1093 3464 edd.
1143 3412 1165 3478 ⁹)
1181 3414 1229 3464 Ere

271 3486 371 3536 Bcedb.
386 3489 417 3548 cj.
434 3486 533 3534 alterurn
552 3484 610 3534 Vnt.
630 3484 689 3534 aiter
703 3498 756 3534 eum
770 3484 830 3549 Dip.
896 3479 930 3548 10)
945 3483 989 3532 ue
1002 3485 1063 3550 Dip.
1129 3480 1161 3550 ¹¹)
1178 3483 1229 3534 Est

272 3555 304 3602 L.
319 3568 339 3605 1.
355 3557 377 3616 5.
392 3568 413 3606 t.
429 3555 460 3604 D.
476 3557 518 3604 cit.
