2696 4120
441 249 499 286 sm
517 251 608 292 ausser.
627 234 661 288 Il.
681 241 830 292 rte-283.
1043 237 1108 304 283

155 379 288 448 extiterit,
308 378 388 436 alium
404 379 432 436 irr
446 379 536 438 locum
552 383 609 438 eius
625 382 751 440 heredem
770 385 922 456 instituere,
938 391 1027 440 tamen
1044 401 1108 458 pos-

155 479 249 519 sumus
272 479 334 519 eum
350 479 458 534 rogare,
481 472 522 536 ut,
544 481 605 522 cum
627 469 768 540 morietur,
791 467 836 524 alii
858 484 915 524 eam
931 467 1108 526 hereditatem

156 555 241 602 totam
264 546 309 602 uel
332 562 364 602 ex
386 555 463 621 parte
485 551 627 620 restituat3
651 558 678 606 et
700 553 762 624 quia
784 559 848 625 post
868 559 984 609 mortem
999 568 1109 626 quoque

153 630 262 686 heredis
284 628 520 692 fideicommissum
542 632 598 690 dari
621 640 728 707 potest,
750 635 821 692 idem
844 633 950 692 allicere
963 651 1108 709 possumus

155 722 184 770 et
199 716 221 770 si
236 715 274 770 ita
297 715 501 788 scripserimus:
525 730 588 774 orno
610 735 714 776 arrivs
735 734 837 777 mnus
859 734 941 778 acuns
963 735 1109 780 monrvrs

153 813 246 868 metr,
273 812 357 856 voco
376 803 603 856 aerumnarum
629 815 725 856 muru
743 815 786 858 nn
812 817 948 858 evnmvn
969 817 1111 860 nenvrvas

153 897 350 940 rnsrrnnsen:
365 889 483 955 utroque
497 889 585 940 auteur
601 882 692 953 modo,
708 892 761 942 tam
776 884 830 942 hoc
844 900 922 956 quam
938 884 996 954 illo,
1008 885 1107 946 'litium

155 965 282 1023 heredem
305 981 383 1022 suum
407 964 555 1039 obligatum
578 966 705 1040 relinquit
733 967 766 1024 de
795 965 1004 1024 fideicommissa
1029 971 1108 1026 resti·

156 1049 266 1106 tuendo.
321 1044 386 1108 2⁷8.
412 1049 554 1108 Praeterea
578 1049 667 1124 legata
695 1046 774 1124 (per)
805 1050 948 1106 formulam
975 1053 1108 1123 petimus:

99 1159 107 1164 —
154 1131 360 1190 fideicommissa
382 1148 448 1190 uero
471 1133 570 1190 homae
593 1133 702 1207 quidem
724 1135 797 1208 apud
818 1132 958 1192 consulem
978 1134 1023 1192 uel
1038 1137 1110 1208 apud

154 1224 407 1290 compraetorem,
434 1218 481 1289 qui
502 1218 645 1292 praecipue
673 1217 706 1274 de
733 1216 947 1274 fideicommissis
969 1219 1011 1274 lus
1033 1217 1108 1291 dicit,

154 1302 356 1374 persequimur3
381 1302 408 1356 in
430 1303 577 1373 prouinciis
599 1317 667 1358 uero
683 1303 756 1375 apud
768 1301 919 1376 praesidem
941 1302 1107 1376 prouinciae.

154 1379 222 1440 279.
245 1383 311 1440 ltem
327 1383 361 1440 de
376 1381 590 1458 fideicommissis
605 1401 712 1458 semper
732 1383 736 1456 Ι
755 1388 782 1442 in
797 1385 866 1443 urbe
880 1387 922 1442 ius
937 1385 1050 1461 dicitur3
1073 1386 1178 1447 de125.

156 1467 255 1539 legatis
269 1483 345 1539 uero,
360 1483 421 1524 cunr
434 1483 479 1524 res
493 1475 622 1542 aguntur.
664 1465 735 1527 280.
759 1469 825 1526 ltem
840 1467 1109 1528 fideicommissorum

157 1567 257 1606 usurae
272 1559 298 1608 et
313 1551 419 1608 fructus
435 1549 577 1623 debentur,
592 1554 615 1610 si
630 1553 710 1610 modo
727 1569 828 1610 moram
843 1553 989 1610 solutionis
1001 1554 1108 1624 lecerit,

79 1650 142 1700 [noe]
156 1637 203 1708 qui
219 1633 454 1692 fideicommissum
469 1635 592 1704 debebit;
615 1636 767 1710 legatorum
790 1653 856 1692 nero
871 1653 969 1694 usurae
991 1655 1046 1696 nou
1061 1638 1108 1696 de·

153 1719 270 1776 bantur:
285 1718 366 1792 idque
378 1720 518 1792 rescripto.
528 1718 584 1776 diui
596 1719 721 1779 Hadriani
735 1714 918 1794 sigr'rilicatur:
935 1723 991 1778 scio
1010 1731 1107 1793 tamen,

153 1803 256 1860 luliano
272 1803 416 1876 placuisse,
431 1804 459 1858 ln
475 1818 507 1859 eo
523 1802 624 1876 legato,
641 1803 714 1876 quod
726 1805 831 1860 sinendi
843 1805 923 1860 modo
935 1803 1109 1877 relinquitur,

153 1887 223 1946 idem
239 1887 305 1942 iuris
321 1901 398 1958 esse,
415 1885 488 1959 quod
503 1887 530 1942 in
546 1885 776 1955 fideicommissis3
797 1903 875 1960 quam
898 1889 1059 1943 seutentiam
1073 1878 1109 1943 ¹et

153 1971 202 2026 his
214 1968 380 2042 temporibus
392 1972 479 2044 magis
490 1972 614 2043 optinere
625 1969 715 2032 uideo.
749 1966 813 2028 281.
828 1970 894 2026 ltem
907 1971 993 2044 legata
1006 1971 1108 2028 Graece

154 2053 257 2126 scripta
272 2068 327 2109 non
341 2053 449 2123 ualent;
471 2051 675 2110 fideicommissa
690 2069 756 2110 nero
773 2052 873 2109 ualent.
911 2050 981 2112 282.
1004 2055 1071 2110 lteur
1086 2056 1108 2110 si

117 2195 118 2200 ,
155 2135 274 2210 legatum
290 2151 339 2210 per
354 2135 549 2194 damnationem
564 2137 687 2194 relictum
699 2139 779 2194 heres
795 2136 938 2210 infitietur,
954 2139 982 2194 in
997 2137 1108 2210 duplum

154 2236 216 2278 cum
231 2237 265 2278 eo
280 2221 386 2296 agitur3
400 2220 599 2279 fideicommissi
614 2237 680 2278 uero
695 2223 804 2279 nomine
819 2237 926 2295 semper
940 2223 967 2278 in
983 2219 1108 2295 simplum

154 2307 308 2378 persecutio
331 2312 381 2361 est.
427 2301 495 2363 28³.
518 2303 583 2361 ltem
605 2303 700 2380 (qood)
722 2307 836 2379 quisque
851 2321 883 2362 ex
897 2303 1104 2362 fideicommisso

152 2388 216 2462 plus
232 2387 325 2444 debito
340 2404 390 2462 per
404 2403 524 2444 errorem
539 2387 664 2459 soluerit,
680 2397 804 2463 repetere
819 2397 926 2462 potest:
943 2395 971 2446 at
985 2389 1023 2462 id,
1035 2389 1109 2463 quod

154 2487 188 2527 er
208 2487 288 2530 causa
307 2471 373 2527 lalsa
393 2487 444 2546 per
462 2471 657 2528 damnationem
678 2472 763 2548 legati
777 2472 851 2546 'plus
877 2473 967 2531 debito
989 2473 1108 2532 solutum

153 2587 368 2596 ————-

225 2654 252 2725 ξ.
267 2660 327 2709 ate.
349 2657 387 2720 Os.
407 2657 463 2720 tltp.
477 2668 511 2716 29,
527 2669 560 2708 12.
581 2658 656 2708 Paul.
670 2670 692 2716 n,
706 2671 727 2710 1.
746 2661 769 2722 ς.
785 2670 819 2712 rs.
842 2660 874 2709 L.
890 2672 936 2712 aas.
952 2663 975 2722 §-
990 2671 1010 2709 2.
1030 2660 1062 2708 l).
1078 2659 1109 2710 de

153 2727 224 2778 verb.
239 2729 306 2792 supa.
321 2726 367 2792 (so,
381 2725 426 2794 ro).
441 2728 473 2777 L.
488 2739 509 2778 2.
525 2730 548 2789 5.
563 2739 589 2780 99
601 2731 646 2792 fin.
670 2729 702 2777 1).
722 2729 754 2780 de
773 2731 839 2794 arip.
859 2732 910 2780 iar.
931 2730 969 2796 (1,
984 2729 1014 2796 2).
1037 2729 1107 2780 Suet.

156 2797 247 2848 Otoud.
262 2809 296 2848 29.
323 2797 465 2857 Quintus.
484 2797 511 2847 0.
526 2810 546 2856 9,
560 2810 581 2850 o.
600 2801 623 2860 §-
639 2810 672 2850 se.
691 2800 714 2860 ὅ.
729 2811 749 2849 1.
768 2798 790 2848 I.
810 2801 842 2850 de
857 2801 922 2862 fers.
941 2801 995 2848 her.
1016 2797 1051 2864 (2,
1072 2798 1109 2865 29)

155 2867 242 2932 ibique
255 2867 397 2918 Schrader.
438 2865 464 2936 ξ
475 2871 535 2919 279.
553 2868 591 2932 Cf.
602 2869 726 2918 Zimmern
738 2869 874 2934 Oioitproc.
890 2872 913 2932 ξ.
924 2882 970 2922 122.
1010 2866 1036 2938 ξ.
1048 2873 1108 2922 280.

157 2938 196 3001 Of.
211 2937 282 3001 Epir.
297 2949 318 2998 2,
334 2949 353 2990 t.
368 2940 392 3000 §-
406 2949 427 2990 8.
447 2938 523 2988 Paul.
537 2950 559 2998 s,
573 2950 593 2990 8.
609 2941 631 3000 §-
641 2951 662 2989 t.
682 2938 714 2987 L.
730 2951 762 2989 tt.
777 2941 800 3002 ξ.
811 2951 831 2990 9.
847 2939 879 2992 b.
889 2951 923 2992 84.
943 2940 975 2988 D.
990 2941 1022 2990 de
1036 2954 1107 2990 usur.

155 3006 201 3074 (22,
217 3007 248 3074 1).
267 3008 299 3069 L.
314 3011 386 3070 Μ.
401 3021 422 3060 1.
448 3009 480 3059 Ι).
495 3010 527 3059 de
541 3012 589 3074 lep.
609 3021 629 3064 2.
648 3009 680 3058 L.
695 3019 720 3060 92
729 3011 777 3072 fin.
797 3009 829 3058 D.
844 3010 876 3059 de
889 3011 990 3060 condic.
1006 3018 1032 3060 et
1044 3011 1108 3060 dem.

155 3077 201 3144 (29,
216 3077 247 3145 1).
266 3078 298 3128 L.
309 3090 343 3131 99.
358 3081 380 3140 5.
392 3091 411 3129 1.
430 3079 462 3128 D.
478 3081 509 3130 de
524 3081 572 3145 lep.
588 3092 607 3130 1.
625 3073 736 3142 LoprL
755 3079 788 3128 D.
799 3079 830 3130 de
844 3095 914 3142 oper.
925 3081 996 3145 publ.
1008 3079 1052 3146 (tu,
1063 3080 1108 3148 10).

154 3149 188 3198 L.
204 3161 223 3199 1.
239 3150 262 3210 §-
278 3161 312 3200 19.
332 3149 365 3198 D.
385 3156 413 3198 ut
427 3153 502 3215 lepat.
522 3167 544 3200 o.
556 3150 639 3213 fdcss.
653 3165 720 3199 sero.
735 3147 779 3215 (96,
794 3149 825 3215 9).
848 3151 896 3200 itt.
914 3151 939 3200 0.
954 3153 985 3201 de
999 3167 1070 3200 usur.
1085 3159 1110 3201 et

151 3219 191 3282 fr.
207 3221 256 3284 lep.
271 3218 302 3286 (9,
316 3218 362 3286 et).
430 3217 456 3289 ᾖ.
472 3215 532 3272 281.
559 3220 596 3284 Of.
617 3219 760 3285 [119229.
784 3220 817 3270 L.
832 3231 858 3272 11
867 3236 912 3284 pr.
931 3222 963 3270 D.
978 3223 1010 3272 de
1025 3224 1073 3286 lep.
1088 3233 1108 3274 9.

154 3289 188 3338 L.
203 3295 237 3340 st.
253 3291 277 3352 §-
293 3292 337 3339 ult.
357 3291 390 3339 D.
405 3291 437 3340 de
451 3293 499 3355 lep.
515 3302 535 3341 2.
554 3290 586 3340 L.
601 3303 635 3342 et.
651 3293 674 3353 ξ.
689 3301 710 3343 5.
729 3290 761 3340 L.
779 3302 817 3342 101
828 3307 872 3354 pr.
892 3291 924 3340 Ι).
940 3292 971 3340 de
985 3294 1033 3356 lep.
1048 3303 1068 3341 s.

154 3355 181 3427 ξ.
197 3361 257 3411 282.
279 3360 317 3424 Cf.
333 3359 404 3424 Epir.
419 3373 440 3421 2,
455 3373 475 3412 a.
490 3363 513 3422 §-
528 3372 548 3412 s.
571 3362 775 3424 defruemur.
796 3361 872 3411 Paul.
888 3373 909 3422 t,
923 3373 956 3412 19.
966 3362 994 3422 2.
1010 3372 1031 3410 1.
1050 3361 1072 3420 ξ.
1089 3371 1108 3411 a.

153 3430 177 3478 Ι.
192 3431 224 3480 de
238 3431 286 3482 obl.
302 3446 367 3494 quoe
381 3447 404 3496 q.
420 3447 454 3482 ex
468 3438 550 3482 contr.
567 3429 597 3496 (9,
612 3431 657 3498 st).
707 3427 732 3500 ἕ
747 3434 806 3484 283.
828 3431 866 3495 Of.
886 3430 940 3494 Uip.
957 3440 991 3488 24,
1005 3440 1039 3480 99.
1055 3431 1077 3490 ἓ.
1089 3441 1108 3479 t.

154 3499 176 3550 I.
193 3503 236 3550 eit.
252 3503 275 3563 §-
290 3513 324 3554 29.
347 3501 370 3551 I.
385 3503 417 3551 de
432 3505 508 3566 tepor.
523 3500 558 3568 (2,
573 3500 617 3567 29).
642 3501 716 3550 Paul.
732 3513 753 3562 9,
768 3514 788 3553 o.
803 3504 826 3564 5.
841 3512 874 3552 92.
902 3501 958 3550 Gai.
975 3499 1006 3550 L.
1022 3510 1055 3550 29.
1075 3498 1108 3548 D.

154 3571 185 3619 de
201 3571 260 3621 dolo
274 3569 306 3637 (4,
320 3569 344 3638 9)
357 3574 501 3636 scripserat
515 3587 557 3636 per
572 3572 746 3621 damnationem
761 3572 862 3634 legatum
877 3579 921 3620 est.
