2700 4118
355 196 415 232 uos.
434 197 468 232 aa·
485 195 547 232 nort.
566 195 656 232 naevis
673 195 782 232 contar.
802 177 834 230 X.
854 183 878 231 2.
1032 176 1092 243 677

144 329 274 385 hominis:
298 328 322 383 sl
344 328 493 397 inuenitur,
519 327 565 399 qul
587 325 691 382 iuratus
713 333 766 396 est,
788 325 882 381 reddat
903 324 1022 398 duplum.
1066 324 1097 383 2.

145 411 245 480 Quodsi
261 426 317 466 non
332 409 413 466 fuerit
428 411 556 466 inuentus
571 409 625 479 iar,
641 409 749 465 accedet
763 410 800 479 is,
824 410 869 482 qui
884 409 1098 465 commendatum

144 502 315 570 susceperat:
339 493 420 550 stabit
435 501 497 549 ante
514 493 661 564 bominum,
678 501 705 549 et
719 491 828 563 iurabit,
848 493 913 548 nibil
928 509 957 549 se
973 495 1099 567 nequiter

145 581 235 655 egisse
250 578 284 635 de
299 578 373 634 omni
387 594 417 634 re
433 576 615 634 commendata
630 577 743 650 proximi
758 577 809 644 sul,
827 583 854 631 ct
869 575 1033 634 liberabitur.

208 662 273 737 llap.
296 661 327 717 11.
372 661 588 718 Modestinus
616 659 707 716 libro
736 659 1016 716 differentiarum
1044 677 1097 718 se·

145 747 255 805 cundo
284 741 359 820 (aab
388 741 506 820 titulo)
533 744 572 800 de
593 745 753 818 deposito
783 751 816 799 et
841 738 1098 801 ’commodato.¹

146 828 173 889 1.
195 829 361 886 commodati
375 829 474 885 iudicio
489 837 641 885 conuentus
656 829 734 883 etiam
750 827 855 900 culpam
869 836 1007 900 praestare
1022 829 1097 902 cogi·

147 921 204 970 tur:
227 915 273 987 qai
297 929 363 970 uero
386 913 502 986 depositi
524 913 700 980 conuertitur,
723 910 757 966 de
780 911 860 982 dolo,
886 927 941 966 non
963 913 1041 968 etlam
1064 911 1098 968 de

145 997 224 1071 culpa
246 997 463 1053 condemnandus
479 1004 530 1052 est.
575 994 742 1050 commodati
758 996 828 1051 enim
850 989 924 1070 ’(ιή)2
947 1002 1098 1065 contractu,

145 1083 207 1155 quia
228 1080 387 1153 ’utriusque
410 1072 615 1137 contrabentis³
637 1078 738 1134 utilitas
761 1080 923 1148 interuenit,
955 1086 1098 1152 utrumque

144 1171 311 1238 praestatur:
339 1165 367 1218 ia
388 1161 505 1236 depositi
534 1177 600 1218 uero
621 1178 700 1218 causa
722 1162 780 1218 sola
807 1161 969 1234 deponentis
997 1163 1098 1218 utilitas

145 1250 272 1316 uertitur,
294 1254 322 1302 et
344 1245 379 1300 ibi
401 1245 480 1302 dolus
502 1253 606 1302 tantum
628 1253 789 1318 praestatur.
834 1243 863 1304 a.
886 1245 939 1302 Sed
954 1248 982 1303 in
1000 1248 1097 1302 ceteris

145 1346 254 1402 quoque
276 1328 398 1402 partibus
419 1331 486 1384 iuris
507 1331 558 1384 ista
579 1329 674 1402 regula
696 1330 863 1386 custoditur:
885 1332 925 1386 sio
942 1330 1012 1386 enirn
1028 1339 1056 1388 et
1070 1332 1098 1386 in

145 1411 262 1470 fiduciae.
279 1406 442 1484 ’iudicium,4
464 1420 492 1468 et
512 1414 539 1468 in
561 1407 724 1470 'actionem⁵
746 1415 785 1469 rei
807 1407 946 1471 ’uxoriae6
969 1414 1047 1472 dolus
1071 1421 1100 1470 et

145 1497 223 1571 culpa
235 1495 385 1559 deducitur,
402 1498 464 1569 quia
477 1498 618 1570 utriusque
631 1497 814 1554 contrahentis
831 1498 930 1554 utilitas
942 1499 1097 1555 interuenit.

144 1577 173 1638 3.
196 1581 226 1637 la
248 1579 363 1636 mandati
385 1597 451 1637 uero
473 1574 624 1637 'iudicium4
646 1581 735 1651 dolus,
759 1597 813 1637 non
828 1585 907 1639 etlam
923 1583 1001 1654 culpa
1016 1582 1099 1638 dedu·

144 1657 250 1722 citurr⁷
273 1666 395 1737 quamuis
411 1665 584 1740 singulariter
599 1665 727 1721 denotare
744 1664 835 1734 liceat,
857 1667 883 1720 in
900 1665 1000 1720 tutelae
1021 1665 1098 1720 ’iudi-

144 1742 229 1806 cium⁴
244 1757 389 1821 utrumque
404 1749 507 1812 deduci,
529 1765 589 1805 cum
604 1748 689 1804 solius
703 1747 810 1820 pupilli,
831 1763 886 1804 non
902 1749 983 1802 etiam
999 1749 1097 1803 tuturis

145 1833 246 1889 utilitas
269 1834 297 1888 in
318 1832 550 1890 administratione
579 1840 713 1887 uersatur.
756 1827 787 1887 4.
810 1831 930 1903 bepositi
957 1830 1098 1886 damnatus

144 1916 249 1971 inlamis
268 1922 326 1982 est3
349 1917 394 1987 qui
418 1931 484 1970 uero
507 1913 668 1970 commodati
683 1913 834 1983 damnatur,
858 1929 913 1968 non
928 1911 958 1968 fit
974 1912 1097 1969 infamisz

145 1997 214 2054 alter
229 1998 300 2052 enim
315 2003 427 2070 propter
442 1997 548 2067 dolum,
564 1996 632 2052 alter
646 2004 759 2069 propter
773 1997 879 2070 culpam
894 1997 1098 2056 condemnatur.

73 2073 326 2138 tos1td.⁸acttone
353 2078 485 2153 'depositi
506 2075 599 2136 serui⁹
626 2086 777 2136 conuentus
806 2079 968 2138 cibariorum
990 2082 1099 2137 nomine

145 2163 217 2240 apud
239 2162 354 2220 eundem
374 2163 490 2219 iudicem
512 2163 615 2219 utiliter
637 2165 789 2236 experitur:
819 2172 845 2220 at
866 2166 906 2234 is,
928 2165 970 2220 cui
992 2163 1099 2220 'seruus

145 2247 331 2308 commodatus
353 2239 434 2318 est,¹⁰
455 2245 577 2319 improbe
599 2247 759 2304 cibariorum
782 2250 949 2304 exactionem
971 2248 1097 2305 intendit.

144 2488 239 2537 autu
294 2471 313 2541 ¹)
327 2473 372 2524 aa
387 2475 474 2525 Ouiae.
489 2479 522 2540 ej.
537 2477 700 2526 commendato
718 2477 879 2528 Cdd.ed.Bt.
932 2473 953 2544 ²)
967 2476 1097 2542 Sappteci.

146 2544 168 2613 8)
186 2545 259 2606 Quod
275 2547 314 2596 sic
333 2547 477 2611 inteltipcre
500 2547 615 2597 videtur:
636 2563 686 2598 aaa
708 2550 789 2598 sotum
808 2549 1002 2604 commodantes,
1024 2551 1098 2599 caius

145 2619 252 2666 interest
265 2631 318 2666 rem
333 2618 415 2680 ipsam
428 2619 524 2666 saluam
539 2633 602 2683 esse,
615 2619 662 2667 sed
675 2619 752 2668 etiam
766 2620 971 2678 commodatarii,
987 2621 1031 2684 qui
1044 2635 1098 2669 rem
1165 2665 1167 2668 ,

144 2687 263 2737 utendam
276 2688 384 2750 accepit.
411 2686 449 2749 Cf.
464 2686 496 2735 L.
511 2698 532 2740 5.
552 2689 575 2750 ἕ.
590 2700 611 2740 a.
629 2689 662 2736 D.
677 2689 797 2739 commod.
812 2687 857 2752 (18,
871 2687 903 2754 t).
918 2689 950 2739 L.
965 2700 998 2740 aa.
1018 2689 1050 2738 D.
1066 2690 1098 2740 de

143 2773 197 2823 rep.
214 2759 264 2806 iar.
281 2755 325 2822 (to,
340 2756 385 2822 ιτ).
413 2755 474 2806 Alio
489 2759 555 2806 enim
569 2765 687 2822 respecta
702 2766 748 2807 aut
760 2760 955 2809 commodatarii
969 2766 1015 2809 aut
1029 2775 1094 2810 com·

142 2828 270 2880 madantie
289 2834 336 2876 aut
354 2828 487 2891 utriusque
506 2841 586 2878 cauca
605 2844 648 2878 res
661 2830 842 2879 commodatur.
866 2829 898 2878 L.
914 2841 939 2881 18
949 2845 993 2893 pr.
1017 2830 1049 2878 D.
1065 2831 1096 2879 de

143 2899 263 2948 commod.
285 2896 334 2963 (tt,
354 2896 388 2962 c).
413 2898 451 2946 uel
472 2899 546 2948 solius
569 2900 709 2962 accipientis
732 2900 771 2948 uel
793 2900 915 2964 utriusque
935 2901 1096 2950 contrahentis

143 2967 300 3019 Hotomanm'
315 2966 385 3033 (aas.
395 2981 417 3027 4,
428 2967 463 3033 14)
478 2971 511 3032 ς).
563 2966 583 3033 ⁴)
598 2970 686 3019 iudicio
703 2969 764 3018 Odd.
779 2970 836 3019 edd.
888 2967 910 3035 ⁶)
926 2970 988 3020 Cdd.
1003 2972 1096 3020 actione

142 3039 200 3088 edd.
252 3035 274 3104 6)
288 3039 356 3086 uxori
370 3045 394 3086 et
407 3037 438 3087 B.
458 3039 554 3088 uxoriae
574 3039 618 3089 Vc.
638 3041 743 3088 luxuriae
763 3040 804 3089 Vt.
824 3041 921 3090 uxoriae
935 3048 959 3089 et
973 3041 1012 3090 ed.
1028 3041 1067 3090 Bt.

144 3105 164 3172 f)
181 3108 220 3171 Cf.
236 3107 395 3172 Misellos.
412 3109 501 3158 Ciuitr.
516 3126 540 3158 a.
552 3110 629 3160 Proc.
651 3110 682 3158 N.
699 3110 727 3159 F.
747 3111 777 3158 V.
789 3127 817 3173 p.
829 3122 875 3161 114.
895 3111 970 3160 Adde
982 3111 1033 3161 Cic.
1044 3126 1096 3175 pro

144 3177 220 3229 Raso.
235 3180 291 3230 Am.
307 3190 342 3236 aa,
356 3189 389 3229 tt.
452 3176 473 3244 Β)
490 3180 589 3229 Partim
603 3187 690 3230 emetat
702 3180 734 3229 L.
749 3191 783 3232 aa.
802 3182 834 3229 D.
849 3182 935 3244 depos.
951 3180 995 3246 (tt,
1010 3179 1042 3245 o).

143 3245 166 3312 ο)
186 3249 295 3313 deposito
315 3248 347 3298 B.
371 3248 417 3299 Vc.
444 3249 566 3312 depositus
592 3251 633 3299 Vi.
660 3251 762 3313 depositi
783 3252 840 3301 edd.
862 3251 936 3314 Dia,
957 3252 984 3298 in
1006 3250 1097 3314 qrrr'bae

138 3326 230 3381 postea
239 3327 278 3368 est
287 3333 358 3368 seruo
369 3319 497 3369 constituto
509 3321 698 3387 (constitutori)
708 3322 860 3371 cibariorum.
885 3319 996 3370 Excidit
1004 3321 1096 3384 stylum

141 3403 164 3437 o.
179 3391 245 3438 serui
260 3389 290 3439 od
304 3391 496 3440 similitudinem
511 3407 566 3440 eam
581 3391 703 3454 depo-siti.
757 3389 790 3456 ¹⁰)
804 3405 843 3440 res
854 3389 934 3454 (qaod
947 3405 1002 3439 cam
1016 3405 1031 3437 r
1046 3397 1096 3439 ets

141 3458 187 3506 aim
201 3460 317 3510 discerni
326 3461 438 3524 possint,
452 3467 510 3510 erat
523 3463 615 3526 stylum
629 3478 650 3510 o.
667 3460 762 3527 seruas)
777 3461 941 3511 commendata
956 3467 992 3509 est
1001 3459 1031 3509 B.
1048 3460 1094 3510 Ve.

141 3541 180 3576 res
196 3530 399 3579 commendantem
419 3529 460 3580 Vi.
481 3546 520 3580 res
536 3533 684 3581 commodata
700 3541 736 3581 est
750 3533 807 3581 edd.
