2680 4118
516 178 551 215 os
569 177 730 216 vsrssvcsv.
1033 159 1093 225 743

144 307 258 366 heredes
273 323 327 364 uon
344 307 455 364 habere:
479 323 539 362 uam
558 305 644 364 uideri
665 307 863 364 usumfructum
884 299 1095 379 ’constitutum,¹

144 408 199 449 nou
214 406 264 463 per
278 406 439 448 concursum
456 389 582 449 diuisum.

206 470 254 532 ts.
286 466 406 550 ²(1tsm)
429 467 573 529 Neratius³
601 482 694 548 putat,
723 490 827 530 cessare
849 475 891 529 ius
914 472 1096 544 adoresocndi,

144 557 191 616 fib.
206 557 225 613 1.
241 556 335 630 iissp,
358 550 425 613 'cui⁴
439 558 589 614 sententiae
604 558 731 630 congruit
746 558 814 612 ratio
830 556 900 613 Celsi
915 558 1039 628 dicentis,
1055 567 1096 613 to·

144 645 214 698 tiens
228 642 271 698 ius
294 640 464 697 adcrescendi
487 657 560 706 esse,
585 643 710 714 quotiens
725 641 753 696 fu
768 638 888 711 duobus,
911 644 957 713 qui
980 640 1096 696 solidum

144 724 306 794 habueruut,
321 740 457 781 concursu
472 723 576 780 diuisus
599 732 650 787 est.

208 802 258 866 80.
281 801 374 864 5Unde
389 807 482 864 Celsus
497 806 543 864 lib.
559 807 646 864 XVifi.
666 799 829 885 ⁹(soridit),⁰
850 808 873 863 si
888 806 942 862 duo
959 805 1034 862 fuudi
1048 805 1096 863 do·

144 892 209 948 mini
239 890 355 948 deducto
387 890 530 948 usufructu
558 893 750 965 proprietatem
780 891 1005 964 mancipausrint,
1038 897 1097 946 uter

143 991 238 1031 eorum
253 976 372 1032 amiserit
387 974 596 1044 usumfructum,
611 974 643 1030 ad
658 975 851 1047 proprietatem
863 973 965 1030 redire:
982 973 1030 1030 scd
1042 989 1097 1030 nou

143 1058 178 1116 ad
192 1066 289 1128 totam,
311 1057 359 1114 sed
375 1060 506 1131 cuiusque
521 1058 718 1115 usumfructum
734 1059 759 1114 ei
779 1059 849 1132 parti
864 1057 1003 1128 accedere,
1018 1072 1097 1130 quam

143 1143 203 1216 ipse
219 1143 431 1214 mancipausrft:
455 1141 559 1197 adeam
581 1143 650 1198 enim
672 1150 775 1214 partem
798 1140 887 1198 redire
901 1139 992 1213 debet,
1015 1155 1097 1214 aqua

143 1226 221 1282 initio
243 1223 348 1281 diuisus
370 1233 422 1280 est.
467 1223 594 1294 ‘Plano’,
616 1227 712 1298 iuquit,
738 1224 777 1281 ‘si
799 1233 903 1300 partem
926 1223 1097 1282 ususfructus

144 1307 254 1377 habeas,
270 1314 298 1364 et
312 1322 365 1380 ego
381 1315 465 1364 totam
480 1308 673 1380 proprietatem
688 1325 749 1364 oum
764 1311 851 1382 partis
866 1307 1020 1378 usufructu,
1041 1322 1097 1364 nou

145 1389 267 1463 ’possum
283 1383 355 1446 saru⁷
372 1400 476 1464 partem
492 1389 539 1447 tibi
554 1393 717 1466 mancipare,
733 1408 801 1465 quae
816 1401 858 1449 ost
872 1393 930 1448 siue
944 1391 1096 1461 usufructu,

145 1474 272 1546 quoniam
294 1473 394 1530 nuliam
421 1482 524 1548 partem
551 1473 652 1547 habeo,
679 1477 781 1548 inqua
803 1492 857 1532 uon
879 1483 923 1531 est
942 1474 991 1532 tibi
1017 1491 1095 1532 usus·

144 1555 272 1614 fructus!
318 1549 388 1634 [st]
410 1559 594 1631 Papinianus
623 1575 730 1633 quoque
756 1557 824 1616 libro
847 1557 934 1614 XVilf.
958 1558 1097 1626 Quaestio·

144 1657 207 1697 uum
223 1643 383 1698 seutentiam
398 1641 501 1700 Neratii
513 1641 621 1717 probat,
636 1659 704 1716 quae
719 1657 774 1698 uon
789 1644 903 1698 estsine
918 1643 1033 1699 ratione.

70 1721 133 1772 [⁶⁴⁸1
206 1717 256 1782 82.
278 1724 383 1782 Poterit
397 1728 497 1800 quaeri,
522 1726 556 1797 si,
576 1725 680 1782 duobus
694 1727 780 1780 seruis
796 1723 939 1781 heredibus
955 1725 1097 1796 institutis,

143 1807 258 1866 deducto
278 1809 423 1866 usufructu
444 1807 600 1883 proprietas
622 1810 658 1864 sit
678 1808 783 1881 legata,
806 1824 839 1863 an
861 1806 947 1862 altero
969 1806 1097 1864 defuncto

143 1891 314 1950 ususfructus
335 1894 496 1965 proprietati
518 1891 672 1948 adcrescat?
703 1907 764 1946 nam
786 1889 851 1946 iifud
873 1898 996 1961 constat,
1019 1897 1049 1946 ut
1071 1897 1097 1946 ct

144 1974 261 2031 lulianus
281 1973 328 2035 fib.
344 1975 442 2031 XXXV.
458 1973 565 2045 scribit,
588 1981 616 2030 et
630 1973 794 2046 Pomponius
815 1972 862 2031 lib.
878 1971 930 2028 vit.
946 1989 979 2028 ex
992 1972 1097 2030 Plautio

145 2071 200 2113 noa
222 2055 361 2129 reprobat,
383 2059 407 2113 si
429 2055 536 2114 duobus
557 2057 644 2112 seruis
659 2057 725 2113 meis
746 2055 917 2114 ususfructus
932 2055 1048 2130 legetur,
1070 2063 1098 2112 et

60 2157 62 2160 ·
144 2139 213 2196 alter
228 2138 386 2212 decesserit,
410 2157 470 2197 cum
486 2156 535 2213 per
549 2148 693 2214 utrumque
707 2141 872 2214 quaesissem
887 2139 1097 2209 usumfructum,

144 2224 186 2279 ius
200 2222 374 2280 adcresceudi
388 2239 431 2280 me
446 2223 559 2292 habere3
582 2240 651 2295 curu,
668 2225 691 2280 si
705 2223 817 2281 alterius
831 2225 940 2280 nomine
960 2222 1098 2295 repudias·

144 2321 212 2378 scm,
228 2305 339 2362 alterius
351 2309 523 2380 quaesissem,
539 2306 663 2364 haberem
675 2307 779 2380 quidem
795 2307 993 2364 usumfructum
1009 2314 1096 2362 totum

144 2392 204 2446 iure
220 2388 400 2460 adoresooudi,
417 2391 465 2447 sed
481 2407 513 2447 ex
528 2391 613 2447 solius
628 2407 743 2466 persona
758 2393 916 2448 amitterem.
951 2391 978 2445 iu
996 2405 1096 2464 propc-

144 2475 198 2530 sito
221 2482 326 2546 autem,
348 2474 481 2548 siquidem
504 2489 570 2548 pure
591 2475 690 2532 fundus
707 2470 729 2552 [.
748 2517 755 2531 .
772 2469 785 2509 ⁸
800 2517 806 2532 .
824 2469 845 2552 .]
863 2489 917 2531 nou
933 2489 965 2529 ex
981 2481 1096 2547 persona

219 2603 240 2672 ¹)
254 2607 270 2655 i.
281 2621 303 2658 e.
314 2613 434 2671 tanquam
448 2609 611 2658 constitutum
624 2623 645 2660 s.
661 2611 718 2672 ipsa
728 2610 908 2658 constitutione
918 2607 986 2672 (cuna
996 2608 1096 2658 neredi-

143 2677 206 2727 tatis
218 2679 260 2738 sit,
275 2692 340 2742 quae
354 2679 456 2742 utrique
467 2693 518 2742 pro
529 2686 607 2742 parts
621 2679 683 2728 data
697 2677 754 2743 cst).
806 2673 827 2744 ²)
842 2677 890 2728 Est
898 2679 930 2727 L.
941 2690 954 2730 s
959 2694 1004 2742 pr.
1022 2678 1054 2726 D.
1065 2679 1097 2728 dc

144 2747 229 2810 usufr.
244 2761 314 2798 acor.
326 2745 357 2813 (t,
368 2746 399 2812 a).
446 2744 467 2812 ⁸)
482 2747 546 2798 idem
557 2748 667 2798 Neratius
677 2749 736 2814 Dtp.
784 2745 805 2813 ⁴)
816 2747 876 2814 Dip.
887 2749 954 2798 cuius
970 2747 1027 2798 Vat.
1038 2749 1096 2798 edd.

144 2814 166 2884 ⁸)
181 2818 264 2868 Prior
272 2832 340 2882 pars
352 2824 440 2868 exstat
452 2818 484 2867 L.
499 2830 520 2870 s.
535 2819 558 2881 ξ,
574 2832 593 2870 1.
609 2819 641 2868 D.
656 2817 690 2869 ib.
755 2813 776 2884 ο)
790 2817 835 2868 Es
849 2819 909 2884 Dip.
923 2820 1047 2883 supplent.

145 2884 166 2952 ⁷)
180 2903 291 2950 posssme
301 2903 377 2938 msam
392 2889 451 2938 Vat.
466 2903 537 2952 posse
548 2903 585 2938 me
596 2903 647 2938 eam
657 2888 716 2938 Sao.
728 2892 760 2953 qf.
772 2890 811 2938 cd.
823 2889 916 2939 Hottw.
963 2885 984 2955 ⁸)
998 2887 1097 2939 Omissa

143 2973 160 3006 a
171 2958 280 3008 librario
290 2961 360 3008 nullo
370 2959 485 3009 indicato
496 2960 575 3009 friato.
600 2960 645 3009 Ad
652 2962 802 3010 sententiam
812 2959 959 3010 Hcimsoetit
968 2960 1001 3008 ds
1011 2960 1095 3023 usufr.

143 3043 215 3076 accr.
226 3043 254 3091 p.
269 3039 295 3078 ts
309 3035 378 3078 recte
391 3031 507 3093 supplet:
527 3027 637 3096 ‘topatus
650 3032 697 3089 sit,
712 3033 753 3080 ius
767 3030 935 3088 accrescendi
949 3032 1031 3079 locunt
1045 3045 1096 3079 non

144 3095 219 3145 tabet
233 3095 277 3162 (cf.
293 3099 316 3159 ξ.
327 3097 381 3162 as),
394 3099 419 3148 si
432 3099 479 3148 sub
493 3101 640 3150 conditione
655 3103 765 3166 lepatur,
780 3102 834 3150 alia
849 3115 883 3150 eac
898 3115 978 3149 causa
993 3115 1044 3150 non
1059 3107 1097 3149 cst

144 3168 185 3215 ius
198 3167 379 3226 accrescendi,
398 3170 458 3232 quia
472 3171 636 3232 ususfructus
649 3179 729 3220 morte
742 3172 815 3220 serui
833 3185 884 3220 non
898 3171 983 3232 perit,
1004 3171 1049 3232 qui
1062 3184 1097 3218 ex

143 3237 241 3287 domini
250 3251 365 3300 persona
379 3240 532 3288 constitutus
545 3237 593 3289 sst'
605 3248 653 3290 etc.
676 3240 729 3290 Sed
738 3242 836 3290 malim:
851 3237 963 3303 ‘topatus
976 3239 1019 3295 sit,
1028 3240 1096 3287 siout

143 3307 233 3356 liberis
240 3307 383 3358 hominibus
390 3307 527 3358 heredibus
536 3311 651 3374 scriptis,
659 3318 742 3360 cessat
752 3312 793 3358 tus
799 3308 975 3365 accrescendi,
983 3309 1024 3356 sin
1033 3322 1095 3357 uero

141 3376 189 3426 sub
199 3378 359 3440 condicione,
369 3393 417 3428 nec
422 3381 493 3441 perit
500 3382 572 3429 serui
580 3388 660 3430 morte
671 3380 842 3442 ususfructus,
853 3379 946 3441 quippe
956 3391 990 3426 esc
999 3377 1097 3428 domini

143 3447 246 3496 heredis
256 3448 326 3510 facti
335 3463 450 3511 persona
464 3447 628 3499 constitutus'
644 3457 691 3499 sto.
713 3449 807 3507 fundus,
822 3462 868 3497 uon
883 3447 929 3496 sub
944 3447 1096 3498 condicione

143 3517 242 3581 topatus
255 3519 298 3576 sit,
312 3521 478 3568 constituitur
493 3520 658 3581 ususfructus
673 3533 700 3568 ex
714 3533 817 3582 persona
832 3517 897 3568 serui
911 3517 1025 3568 Momms.
1040 3517 1080 3568 ed.
