2672 4112
462 243 487 285 Q.
506 241 601 278 HVCIV!
620 241 760 278 semona.
1054 235 1093 292 Π

131 371 226 440 luisse,
246 368 278 436 Q.
295 367 426 424 Scaeuola
447 375 541 424 auctor
560 377 610 424 est.
629 395 664 408 ·-
682 369 761 427 Auct.
783 369 850 442 epit.
871 367 904 424 de
924 370 1026 425 nomin.
1042 378 1093 429 rat.

130 462 192 527 post
207 453 296 508 Valer.
312 451 379 506 llax.

192 557 245 619 20.
268 560 391 616 Relatum
413 567 455 615 est
470 561 497 614 in
517 559 622 631 literas,
648 559 833 616 doctissimum
848 559 1004 634 pontificem
1019 560 1095 618 Scae·

130 645 222 701 uolam
237 643 401 718 disputasse,
423 645 474 698 tria
494 659 593 716 genera
609 641 706 698 tradita
721 643 846 699 deornm:
867 661 951 700 unum
967 660 981 699 a
996 646 1093 717 poetis,

129 730 246 785 alterum
261 745 277 782 a
291 727 473 800 philosophis,
488 728 598 782 tertium
613 743 627 781 a
642 725 806 800 principibus
827 729 954 783 ciuitatis.
977 727 1095 784 Primum

130 828 218 886 genus
235 812 413 884 nugatorium
427 809 492 866 dicit
507 825 583 880 esse,
601 809 673 883 quod
688 810 773 866 multa
788 810 822 867 de
836 810 886 866 diis
902 809 1041 884 linguntur
1055 813 1095 867 in·

130 896 229 969 digna3
251 893 402 950 secundum
425 911 479 950 non
496 909 648 967 congruere
663 893 829 966 ciuitatibus,
852 894 925 968 quod
941 894 1035 950 habeat
1050 895 1095 950 ali·

130 995 185 1052 qua
206 994 387 1052 superuacua,
411 977 498 1050 aliqua
521 978 610 1048 etiam,
635 991 704 1051 qnae
727 977 798 1033 obsit
820 979 930 1051 populis
945 995 1034 1034 nosse.
1061 980 1095 1034 ile

130 1063 307 1136 superuacuis
323 1077 380 1116 non
395 1077 490 1134 magna
504 1077 586 1117 causa
601 1069 656 1130 est3
683 1061 754 1117 solet
774 1063 843 1116 enim
864 1070 891 1116 et
906 1078 921 1116 a
935 1063 1095 1136 iurisperitis

131 1145 186 1202 dici
207 1143 357 1218 ‘superflua
372 1161 427 1200 non
443 1143 565 1201 nocent’.
595 1143 667 1211 Quae
688 1155 753 1200 sunt
768 1152 858 1200 autern
873 1144 929 1215 illa,
951 1159 1019 1217 quae
1034 1163 1095 1218 pro·

17 1259 21 1288 r
130 1229 187 1286 lata
208 1231 236 1284 in
259 1227 458 1284 multitudinem
485 1229 603 1284 nocent?
637 1227 719 1299 llaec,
742 1229 843 1301 inquit:
872 1243 928 1283 non
950 1244 1009 1283 esse
1031 1229 1096 1284 deos

83 1331 127 1378 [ιη
136 1311 291 1382 Herculem,
305 1312 504 1386 Aesculapium,
519 1311 669 1382 Castorem,
684 1311 834 1374 Pollucem;
855 1311 982 1385 proditur
997 1313 1066 1368 enim
1082 1330 1096 1368 a

133 1397 238 1464 doctis,
252 1395 324 1468 quod
338 1396 459 1452 homines
475 1395 576 1451 luerint
590 1403 617 1452 et
633 1396 746 1452 humana
766 1395 923 1451 condicione
937 1395 1094 1452 defecerint.

137 1477 210 1546 Quid
225 1477 312 1534 alind?
340 1477 415 1545 Quod
435 1495 540 1550 eorum,
562 1481 607 1552 qul
628 1481 682 1534 sint
696 1478 743 1549 dii,
765 1495 821 1534 non
842 1478 959 1535 habeant
973 1481 1096 1536 ciuitates

133 1578 202 1618 uera
218 1561 366 1633 simulacra,
392 1562 465 1636 quod
481 1579 563 1618 uerus
578 1563 644 1618 deus
658 1580 708 1618 nec
723 1579 816 1618 senum
832 1561 936 1634 habeat,
956 1579 1007 1619 nec
1026 1573 1096 1620 aeta·

132 1655 204 1718 tem,
231 1661 283 1702 nec
303 1644 412 1702 delinita
432 1648 555 1720 corporis
576 1646 703 1702 membra.
739 1646 877 1702 Ponticum
899 1662 962 1702 sane
984 1646 1096 1702 deorum

132 1745 221 1804 genus
243 1746 292 1786 cur
306 1728 434 1786 Scaeuola
456 1737 576 1802 respuat,
598 1729 698 1785 eisdem
713 1729 797 1786 literis
818 1746 873 1786 non
894 1737 1012 1786 tacetur:
1035 1733 1097 1804 quia

132 1815 173 1870 sic
194 1813 321 1869 uidelicet
341 1812 407 1868 deos
429 1813 594 1884 deformant,
617 1823 647 1868 ut
661 1830 713 1870 nec
727 1812 804 1870 bonis
819 1812 972 1868 hominibus
988 1830 1097 1886 compa·

131 1904 239 1968 rentur,
261 1913 323 1952 cum
343 1895 425 1952 alium
445 1896 550 1954 iaciunt
569 1897 668 1966 lunari,
690 1897 770 1952 alium
789 1895 955 1964 adulterare3
975 1899 1014 1951 sic
1033 1898 1096 1950 item

134 1979 237 2054 aliquid
252 1980 329 2036 aliter
344 1981 462 2054 turpiter
482 1988 564 2053 atque
578 1982 670 2054 inepte
685 1980 773 2036 dicere
789 1996 819 2034 ac
834 1979 935 2034 lacere:
956 1986 1013 2033 tres
1028 1980 1097 2034 inter

135 2079 166 2120 se
181 2063 244 2120 deas
259 2072 379 2120 certasse
393 2063 427 2119 de
442 2066 560 2138 praemio
576 2062 775 2138 pulcritudinis,
792 2063 877 2118 uictas
888 2061 955 2117 duas
970 2061 1097 2118 aVenere

137 2147 245 2203 Troiam
260 2149 403 2216 euertisse;
418 2147 509 2204 loucm
524 2149 613 2222 ipsum
628 2148 752 2202 conuerti
767 2146 795 2202 in
804 2144 901 2200 bouem
912 2153 958 2200 aut
970 2162 1098 2218 cygnum,

135 2239 168 2287 ut
194 2247 254 2286 cum
279 2231 368 2305 aliqua
389 2231 563 2299 concumbat;
591 2230 667 2286 dcam
689 2230 791 2286 homini
813 2227 930 2298 unherc3
953 2228 1098 2284 Saturnum

133 2313 237 2370 liberos
261 2313 405 2383 deuorare3
432 2315 498 2370 nihil
520 2314 635 2388 denique
657 2330 739 2388 posse
761 2311 880 2387 confingi
907 2312 1103 2368 miraculorum·

136 2407 218 2471 atque
231 2399 372 2469 uitiorum,
389 2399 462 2472 quod
476 2415 531 2454 non
546 2399 583 2456 ibi
598 2399 748 2472 reperiatur
762 2406 844 2470 atque
853 2413 869 2452 a
879 2395 991 2454 deorum
1004 2408 1098 2452 natura

136 2480 221 2556 longe
235 2481 312 2538 absit.
329 2511 367 2523 —
385 2483 530 2556 Angustia.
548 2482 671 2538 decinit.
687 2482 729 2538 dei
744 2481 775 2552 4,
791 2481 841 2537 27.

199 2587 242 2649 21.
264 2584 310 2658 1Ο.
333 2591 443 2664 quidem
458 2590 587 2648 Scaeuola
607 2590 728 2664 pontilea
743 2590 872 2646 maximus
888 2605 1017 2645 summam
1034 2590 1096 2655 uim,

133 2673 251 2745 dicebat,
268 2690 327 2730 esse
342 2676 370 2730 in
385 2673 510 2730 omnibus
525 2677 558 2730 iis
573 2675 699 2737 arbitriis,
722 2676 750 2730 in
772 2674 871 2746 quibus
893 2673 1038 2729 adderetur
1057 2691 1098 2731 nx

130 2775 209 2816 rann
223 2774 322 2816 nona:
343 2756 460 2832 fideique
474 2757 561 2816 bonae
576 2775 683 2828 nomen,
705 2758 884 2829 existimabat,
903 2774 1009 2814 manare
1023 2758 1098 2813 latis·

131 2843 213 2913 sime,
233 2842 315 2915 idque
330 2845 434 2898 uersari
448 2843 477 2900 in
492 2843 594 2915 tutelis,
616 2841 802 2912 societatibus,
824 2841 939 2914 fiduciis,
955 2841 1097 2914 mandatis,

131 2924 216 2982 rebus
232 2927 330 3000 emptis
345 2926 478 2998 uenditis,
499 2927 639 2984 conductis
654 2927 766 2998 locatis,
782 2925 880 2999 quihus
895 2928 968 2982 uitae
983 2928 1098 2982 societas

131 3011 333 3066 contineretur.
371 3010 401 3066 ln
421 3011 470 3078 his,
483 3012 573 3084 magni
594 3026 654 3068 esse
674 3009 768 3067 indicis
789 3018 908 3066 statuere
929 3010 1097 3085 (praesertim

131 3109 196 3150 cum
212 3095 242 3148 in
256 3093 393 3167 plerisque
409 3103 501 3155 esseut
514 3095 610 3152 iudicia
625 3091 766 3170 contraria)
780 3094 844 3168 qnid
857 3111 990 3170 quemque
1001 3097 1097 3169 cuique

131 3185 274 3250 praestare
289 3186 438 3251 oporteret.
458 3207 496 3221 -
513 3178 566 3236 Cic.
582 3179 614 3235 de
631 3177 701 3236 olfic.
719 3178 748 3249 3,
766 3179 813 3235 17.
830 3178 858 3250 S.
875 3179 923 3238 70.

133 3355 340 3364 ἢ*

208 3471 229 3540 ²)
241 3475 319 3526 Hunc
328 3478 411 3526 locum
420 3491 511 3527 errore
521 3484 597 3525 antea
607 3478 724 3526 omissum
731 3484 845 3526 monente
857 3472 1096 3538 Ubbetoddt'o(l1'o“tt.

128 3548 181 3611 pel.
198 3546 265 3596 Ana.
281 3557 340 3598 1868.
352 3563 380 3610 p.
395 3546 457 3613 1149)
472 3549 522 3596 iam
536 3545 586 3612 (ed.
601 3546 624 3612 a)
638 3549 761 3610 suppleri.

188 3649 295 3682 rvnrsrn.
308 3651 390 3682 annm.
405 3651 458 3682 ann.
472 3651 511 3681 nn.
536 3651 558 3680 v.
851 3637 867 3682 2
