2692 4114
242 179 306 242 520
522 194 588 232 rum
605 193 701 231 aarum
720 195 790 230 esur.
808 177 855 230 Ν.
875 181 916 230 10.

244 324 274 385 8.
298 324 389 380 latina
404 326 537 396 ingenua,
552 325 594 380 ius
610 322 751 391 Quiritium
767 333 913 380 consecuta
927 325 951 380 si
970 331 1013 380 ter
1027 325 1148 398 peperit,
1164 323 1199 380 ad

145 418 151 427 “
244 410 388 482 legitimam
408 406 455 463 filii
476 407 650 464 hereditatem
670 407 835 464 admittitur:
860 423 915 464 non
941 417 984 463 est
1010 409 1080 463 enim
1105 423 1201 463 mauu·

244 485 348 548 nissa¹
392 487 426 556 9.,
444 491 486 546 lus
508 491 655 547 liberorum
676 500 762 548 meter
782 489 875 554 habet,
898 507 966 564 quae
988 499 1044 548 tres
1066 489 1135 546 lilios
1150 499 1198 548 aut

229 575 334 648 habet,
350 583 396 630 aut
411 574 514 643 habuit,
530 583 575 630 aut
590 591 678 650 neque
694 574 775 630 hahet
790 590 877 646 ueque
893 574 996 632 hebuit.
1040 573 1135 644 habet,
1152 590 1197 630 cur

244 667 404 734 supersunt3
428 657 534 729 habuit,
557 675 626 731 quae
647 659 750 720 amisit;
777 674 865 730 neque
887 657 966 714 lrabet
986 675 1075 732 neque
1095 657 1199 728 imbuit,

245 760 314 818 quae
329 739 459 798 beneficio
474 743 603 816 principis
617 743 659 797 ius
676 741 823 797 liberorum
838 749 983 799 consecuta
999 736 1066 798 est.²

334 873 416 938 *run
429 893 460 937 ι.
486 893 530 942 Aa
543 891 680 936 scurrus
692 891 873 934 caussarum
883 892 1104 938 onrnrrmuru.

308 977 332 1037 1.
356 971 434 1035 ³Filii
449 977 534 1050 uulgo
555 978 670 1050 quaesiti
690 976 723 1032 ad
743 977 889 1050 legitimam
910 979 1002 1033 matris
1022 975 1202 1034 hereditatem

246 1065 364 1140 aspirare
379 1079 433 1118 non
448 1061 641 1135 prohibentem
657 1061 718 1132 quia
733 1063 791 1134 pari
802 1063 872 1131 iure,
885 1070 915 1118 ut
926 1063 1045 1134 ipsorum
1058 1061 1198 1133 matribus,

244 1150 282 1204 ita
296 1149 363 1220 ipsis
379 1155 492 1202 matrum
508 1145 671 1202 hereditates
686 1143 785 1200 delerrl
800 1143 962 1200 debuerunt.
995 1139 1024 1201 2.
1041 1137 1100 1198 ⁴hd
1115 1143 1199 1201 illlam

245 1231 365 1286 ancillam
380 1229 434 1284 ’uel
449 1221 590 1284 libertam⁶
605 1244 638 1284 ex
652 1236 763 1284 senatus
779 1227 905 1284 consulto
917 1227 1062 1284 Claudiano
1077 1227 1199 1284 ellectam

245 1415 367 1477 supplevi.
397 1412 520 1462 Editores
536 1411 668 1462 Ouiacium
685 1415 768 1463 secuti
786 1416 851 1462 maie
868 1420 1060 1476 expunxerunt.
1089 1413 1200 1464 Paullus

245 1485 294 1534 boe
308 1484 386 1540 dicit,
406 1499 440 1532 esa
452 1482 501 1534 SC.
520 1482 678 1532 Tertulliano
697 1485 770 1532 utin
789 1484 887 1534 Latina
906 1485 1018 1548 ingenua
1037 1490 1077 1533 ter
1094 1485 1199 1534 eniteant

245 1570 313 1614 esse,
333 1555 382 1602 etsi
400 1553 476 1602 liberi
493 1555 644 1618 superstites
662 1569 713 1604 non
730 1556 795 1616 sint,
814 1556 851 1604 ita
869 1561 894 1604 et
912 1556 939 1604 in
958 1553 1093 1612 libertina,
1107 1561 1198 1618 quater

242 1626 376 1690 peperisse
394 1625 523 1687 sufficere.
557 1623 622 1674 Num
641 1625 723 1688 ipitur
742 1624 840 1674 Latina
859 1640 956 1690 quoque
971 1626 1027 1686 filio
1046 1623 1142 1675 Latino
1163 1639 1198 1674 em

245 1695 292 1744 SC.
308 1695 382 1745 ireres
393 1694 488 1757 fiebat?
516 1693 587 1754 Non,
602 1710 745 1758 quanquam
760 1697 814 1760 lepe
828 1695 919 1756 Iunio,
938 1711 1003 1759 quae
1017 1695 1053 1744 ad
1065 1701 1199 1744 testamen·

246 1768 341 1815 loriam
354 1767 539 1815 successionem
548 1763 704 1828 pertinebat,
714 1779 765 1814 non
775 1763 970 1827 prohibebatur.
996 1765 1060 1814 Nom
1069 1771 1109 1814 ter
1118 1767 1198 1814 enixa

246 1845 296 1886 tam
314 1835 436 1886 libertino
454 1851 528 1900 qaam
547 1837 659 1900 inpenua
677 1836 742 1884 civis
761 1835 876 1884 Romana
892 1834 977 1898 fiebat.
1004 1835 1061 1898 Illp.
1073 1847 1095 1894 a,
1110 1848 1130 1886 1.
1158 1835 1198 1887 De

147 1899 149 1904 ’
245 1905 293 1957 SO.
318 1905 471 1970 Orphitiano
491 1906 542 1956 uid.
561 1918 587 1964 t,
607 1917 640 1956 ιο.
661 1906 684 1966 §-
704 1917 724 1956 t.
799 1903 818 1968 ¹)
842 1905 872 1955 Ut
891 1913 972 1956 mater
990 1907 1072 1970 ipsius
1090 1905 1198 1956 Latina.

249 1975 313 2026 Olim
327 1985 409 2026 tamen
429 1978 504 2026 etiarn
522 1977 558 2024 ad
570 1976 682 2025 Latinas
701 1977 859 2025 coloniorias
877 1983 928 2025 tant
946 1974 993 2026 SC.
1013 1975 1197 2025 Tertullianum

246 2064 320 2112 quam
334 2048 412 2106 illud,
427 2047 495 2112 quod
512 2045 567 2109 Ulpi.
581 2058 607 2107 s,
621 2058 642 2096 t.
661 2053 850 2103 commemorat,
865 2047 1022 2108 pertinuisse
1036 2061 1087 2096 non
1101 2046 1197 2096 dubito.

247 2115 267 2184 ¹)
282 2117 388 2182 Spectat
401 2119 477 2168 etiam
490 2117 558 2166 bunc
567 2118 606 2166 tit.
617 2116 676 2166 Lem
685 2115 766 2181 Bury.
777 2127 811 2167 ee.
834 2113 974 2180 ‘Defuncto
985 2118 1041 2179 pilio
1052 2123 1200 2180 patersuc-

246 2190 321 2238 cedit.
353 2187 450 2248 Quodsi
460 2195 561 2250 patrem
575 2202 626 2237 non
640 2186 767 2245 habuerit,
781 2201 847 2236 auus
856 2194 984 2249 paternus
997 2189 1055 2236 iure
1068 2188 1199 2238 succedit:

246 2260 338 2323 quodsi
351 2266 376 2308 ct
390 2261 433 2307 ille
447 2257 573 2320 defuerit,
585 2257 687 2319 fratres
699 2257 817 2319 defuncti
830 2257 984 2306 succedunt:
1003 2257 1095 2321 quodsi
1108 2264 1133 2307 et
1146 2259 1198 2321 ipsi

246 2330 385 2392 defuerint,
400 2334 481 2376 mater
494 2327 623 2376 succedit:
635 2327 727 2392 quodsi
741 2334 821 2376 rnater
832 2329 917 2390 fuerit
929 2327 1062 2390 defuncta,
1073 2328 1162 2390 frater
1173 2335 1198 2377 et

245 2413 322 2448 soror
334 2398 484 2446 succedunt.
513 2396 600 2446 Mater
613 2412 664 2460 per
675 2397 787 2458 fratrem
801 2397 964 2446 excluditur:
977 2405 1002 2449 et
1015 2401 1042 2446 in
1056 2400 1199 2448 successio·

246 2483 301 2517 nem
316 2468 404 2530 frater
422 2483 478 2516 curn
496 2481 587 2516 sorore
601 2481 683 2530 aequa
702 2474 772 2516 sorte
785 2467 908 2517 succedit.
940 2466 1037 2527 Quodsi
1051 2468 1140 2530 frater
1154 2469 1199 2518 de·

246 2539 339 2599 fucrit,
358 2543 440 2586 mater
453 2543 478 2587 et
492 2537 578 2599 filiae,
599 2543 709 2599 quantoe
725 2537 839 2600 fuerint,
853 2541 974 2603 aequales
987 2540 1120 2600 accipiunt
1133 2553 1199 2602 por·

245 2611 335 2665 tiones,
350 2607 488 2656 seeundum
504 2606 623 2655 Paullum
636 2607 669 2657 de
687 2608 865 2657 intestatorum
878 2607 1083 2658 successionibus
1100 2609 1137 2658 ad
1148 2607 1197 2658 SC.

250 2673 457 2728 Tertullianum!
530 2732 533 2738 ,
809 2686 811 2690 ·

320 2746 368 2797 Tit.
391 2747 425 2797 X.
461 2747 540 2797 Hunc
558 2748 671 2796 restituit
691 2747 812 2797 Ouiacius
834 2765 890 2799 cum
914 2749 978 2812 ipsis
1001 2751 1135 2800 sententiis
1153 2750 1200 2800 de·

245 2820 352 2881 sumptis
365 2833 400 2867 erc
413 2833 471 2881 app.
484 2817 528 2866 Od.
537 2828 579 2879 te,
594 2817 638 2866 ubi
651 2824 688 2866 est
701 2817 773 2868 rubr.
790 2815 833 2868 ‘de
847 2821 1025 2869 intestatorum
1033 2817 1195 2870 hereditate?

246 2889 389 2938 Praeterea
407 2889 458 2938 uid.
478 2887 583 2938 Klenzii
602 2887 664 2937 cdd.
684 2887 728 2952 (ε
739 2903 766 2952 p.
782 2899 815 2940 tr.
831 2904 890 2953 app.
906 2889 982 2939 Paul.
997 2891 1037 2940 ed.
1052 2889 1148 2955 Haen.)
1169 2893 1198 2940 in

246 2959 370 3008 Zeitscbr.
387 2959 408 3021 f.
426 2959 513 3023 pescb.
529 2958 599 3008 IiW.
618 2957 667 3007 XI.
683 2974 712 3021 p.
727 2969 773 3009 ess.
797 2959 836 3008 De
850 2975 880 3008 re
894 2960 928 3022 cf.
948 2959 1003 3022 Uip.
1018 2971 1052 3020 ea,
1067 2972 1087 3011 t.
1111 2960 1159 3011 dtr.
1173 2959 1198 3011 I.

245 3041 301 3088 aa.
363 3025 623 3094 ³)0f.§.s.1.eod.
685 3026 706 3094 ⁴)
722 3028 760 3092 Cf.
775 3039 796 3087 e,
811 3031 858 3080 21⁸.
873 3031 897 3091 ἓ.
912 3043 932 3082 1.
953 3029 996 3080 Fr.
1012 3031 1044 3080 de
1057 3033 1075 3082 t.
1087 3032 1148 3093 fisci
1163 3041 1197 3081 rr.

245 3102 269 3162 ἕ.
285 3111 318 3151 1⁰.
339 3099 362 3148 Ι.
377 3099 409 3149 de
421 3101 497 3164 prad.
513 3115 586 3164 copn.
602 3097 633 3166 (a,
648 3098 681 3164 e).
732 3153 734 3158 ,
755 3096 774 3163 ”t
792 3099 831 3162 Cf.
850 3099 929 3149 Tacit.
945 3100 1198 3162 A.1e‚te.‚atteae

245 3169 407 3220 auctioribus
422 3170 483 3220 Gdd.
498 3171 600 3220 uidetur
614 3169 761 3234 tepentium:
780 3171 951 3234 statuiturque,
965 3177 991 3220 ut
1004 3172 1086 3232 ignaro
1101 3172 1197 3220 domino

245 3241 275 3290 ad
289 3240 314 3290 id
324 3241 449 3306 prolapsae
463 3242 488 3290 in
502 3241 625 3297 seruitute,
641 3241 679 3288 sin
693 3241 863 3302 consensisset,
878 3241 919 3304 qni
932 3242 982 3290 nati
996 3249 1077 3290 essent
1090 3241 1129 3306 (in
1142 3256 1198 3291 ser-

246 3313 326 3362 uitute
341 3313 393 3377 uel)
407 3326 450 3374 pro
469 3311 562 3359 libertis
577 3310 727 3360 haberentur.
757 3310 899 3374 Repetitum
913 3312 995 3376 ipitur
1009 3311 1076 3361 illud
1090 3307 1129 3361 ‘in
1143 3327 1198 3361 ser·

246 3378 338 3431 uitute'
355 3384 382 3430 iu
397 3395 476 3430 causa
491 3381 593 3430 uidetur
604 3381 700 3443 fuisse,
716 3387 743 3428 ut
756 3380 833 3430 uerba
850 3378 906 3445 ‘qui
919 3384 975 3431 nati
988 3379 1082 3431 essent’
1099 3383 1126 3431 in
1140 3383 1198 3445 ple·

245 3453 333 3516 risque
349 3451 411 3501 oda.
426 3451 585 3500 exciderent.
611 3450 726 3500 Ceterum
739 3452 790 3500 iam
805 3453 931 3501 consentit
948 3451 1053 3502 Tacitus
1067 3468 1123 3502 eum
1139 3450 1197 3501 Gai.

244 3533 266 3580 1,
280 3533 314 3572 et.
329 3528 423 3570 etcum
437 3520 593 3570 Hadrianus
610 3520 639 3570 id
652 3527 748 3570 tanturm
763 3523 880 3581 mutarit,
898 3527 927 3572 ut
945 3537 976 3572 ne
991 3521 1074 3573 libera
1087 3523 1199 3589 amplius
