2684 4112
183 201 186 208 '
247 187 313 252 430
421 201 539 241 osorton
553 201 703 239 scurronum
717 185 749 253 (i)
764 203 804 238 ra.
818 199 921 237 nocam.
936 188 1031 237 t-to.
1049 199 1053 208 “

310 329 337 390 i.
361 333 390 390 iu
405 333 462 399 his,
486 334 533 408 qui
549 334 620 388 inter
634 333 733 387 amieos
749 333 988 402 manumittuntur,
1009 330 1137 388 uoluntas
1151 331 1200 388 do·

249 419 313 474 mini
328 425 480 492 spectatur3
502 417 544 472 ier
565 417 634 472 enim
654 415 727 471 iunia
748 429 795 472 eos
816 413 875 471 fieri
889 414 1000 471 Latinos
1020 413 1109 486 iubet,
1130 431 1200 488 quos

249 503 372 558 dominus
387 500 487 557 liberos
502 515 562 556 esse
584 498 681 556 uoluit.
718 499 781 556 ’hoo
800 513 866 555 uero
889 515 949 555 cum
971 501 1008 555 ita
1030 491 1097 569 sit‚¹
1120 498 1201 555 debet

248 586 429 661 ’propositum
455 575 680 640 manumittendi²
707 581 805 638 habere
827 583 961 639 dominns.
1013 582 1084 638 uude
1106 586 1129 638 si
1151 597 1201 656 per

249 671 305 726 uim
327 677 446 739 coaetus,
469 666 545 724 uerbi
565 669 652 741 grstia
674 665 716 722 ‘ah
732 665 822 740 aliquo
838 660 961 740 populo³
981 665 1025 722 uel
1047 683 1062 722 a
1083 666 1199 740 singuiis
1210 682 1277 731 [sar]

249 752 402 811 homiuibus
417 752 609 821 manumiserit‚
625 767 680 806 non
695 750 787 805 ueniet
801 765 898 806 seruus
913 750 945 805 acl
960 749 1122 821 libertatem,
1139 751 1200 824 quia

248 853 303 894 uon
318 835 487 910 intellegitur
501 834 632 904 uoluisse,
648 835 695 906 qui
711 842 820 890 coactus
835 834 996 890 manumisit.

311 919 341 978 8.
375 920 439 977 item
462 927 493 976 ut
514 920 602 993 possit
624 917 722 973 habere
744 931 839 972 seruus
861 916 1026 988 libertatem,
1057 917 1117 974 talis
1139 933 1200 974 esse

251 1004 341 1075 debet,
357 1012 387 1061 ut
402 1010 512 1077 praetor
526 1003 584 1058 siue
599 999 746 1076 proconsul
761 1002 818 1056 eius
835 1000 985 1058 libertatem
1002 1009 1122 1058 tueatur:
1137 1018 1199 1058 nam

250 1096 278 1145 et
293 1090 347 1145 hoc
361 1088 423 1162 iege
437 1086 512 1142 lunia
527 1093 636 1143 cautum
652 1093 704 1142 est.
740 1093 803 1140 sunt
826 1093 915 1140 autem
930 1084 1023 1158 piures
1038 1101 1150 1156 causae,
1170 1087 1199 1142 in

250 1172 346 1246 quibus
362 1187 418 1227 nou
432 1177 540 1226 tueatur
551 1169 697 1241 ’(prcetor
707 1160 781 1246 uci)⁴
789 1168 937 1241 proconsul
948 1169 1198 1238 manumissionem

250 1255 283 1312 de
299 1254 396 1328 quibus
412 1253 589 1327 procedentes
604 1246 804 1326 ’exponemus.⁶

312 1333 341 1396 9.
363 1337 416 1393 Sed
431 1343 459 1393 et
473 1336 540 1392 iilud
556 1335 768 1402 obseruandum,
784 1343 815 1391 ut
829 1337 867 1406 is,
884 1336 932 1409 qui
947 1338 1154 1416 manumittitur,
1170 1335 1198 1392 in

242 1421 328 1478 monis
342 1421 544 1478 manumissoris
559 1421 610 1488 sit;
632 1427 660 1476 et
673 1419 751 1490 ideo,
772 1421 796 1476 si
816 1427 920 1476 tantum
936 1435 968 1476 ex
983 1421 1042 1476 iure
1058 1419 1199 1486 Quiritium

250 1508 286 1562 sit
300 1504 512 1572 manumissoris,
527 1518 582 1560 non
597 1505 648 1558 erit
659 1503 777 1560 Latinus.
803 1519 914 1560 necesse
928 1511 970 1560 est
986 1519 1063 1577 ergo,
1079 1519 1199 1575 seruum,

251 1584 297 1664 ¹(si
309 1604 348 1647 ce
362 1592 426 1645 inre
440 1586 590 1655 Quiritium
606 1591 820 1644 manumissoris
834 1591 885 1659 sit,
906 1579 1000 1661 eius)⁸
1020 1602 1074 1644 nou
1096 1595 1199 1643 mutum

250 1689 282 1730 ex
297 1674 356 1729 iure
370 1671 511 1740 Quiritium
526 1671 573 1728 sed
588 1672 667 1727 etiam
682 1669 803 1726 inbonis
817 1686 887 1728 esse.

314 1752 361 1814 10.
390 1755 542 1812 Communis
569 1769 667 1811 seruus
693 1755 716 1811 si
738 1753 771 1810 ab
792 1770 847 1811 nuo
872 1751 932 1828 ’iere
962 1757 1047 1812 sociis
1069 1755 1199 1811 uindicta

250 1844 297 1899 oei
321 1833 519 1912 testamento)⁷
541 1837 679 1895 'liberatus
707 1831 773 1910 sit,⁸
802 1853 890 1911 neque
912 1837 945 1893 ad
967 1837 1116 1894 libertatem
1137 1853 1199 1910 per·

250 1927 341 1998 uenit,
368 1931 395 1981 et
418 1923 526 1980 alterius
549 1922 649 1979 domini
671 1929 747 1978 totus
769 1919 800 1976 fit
822 1937 917 1978 seruus
940 1923 998 1978 iure
1020 1921 1198 1978 accrescendi.

250 2009 302 2066 Sed
317 2011 388 2066 inter
403 2008 501 2064 amicos
518 2023 614 2064 seruus
630 2005 732 2062 abnuo
749 2021 780 2062 ex
796 2006 875 2062 sociis
891 2006 1068 2061 manumissus
1089 2003 1200 2062 ’utrius-

250 2111 302 2168 que
317 2108 414 2150 seruus
429 2085 579 2160 manebtt;⁹
601 2090 652 2146 ’ius
675 2091 745 2146 euim
766 2088 934 2147 accrescendi
946 2082 969 2122 ¹⁰
991 2091 1018 2145 in
1040 2089 1089 2146 hac
1109 2105 1201 2146 mauu·

324 2277 345 2344 ¹)
359 2293 441 2329 τουτο
460 2274 495 2341 δη
511 2291 598 2334 ουτως
613 2291 678 2341 exon
692 2297 726 2318 ==
740 2277 785 2324 hoo
805 2281 883 2324 tamen
901 2275 937 2324 sic
955 2275 1045 2324 hahens
1064 2274 1096 2325 V.
1117 2272 1199 2326 τοῦτο

251 2344 286 2414 δὴ
301 2341 388 2406 οὕτως
403 2341 515 2412 ἔχοντος
529 2367 563 2387 =
577 2347 623 2394 hoc
636 2353 715 2394 tamen
730 2361 783 2395 cum
798 2347 830 2394 ita
844 2346 946 2394 irsheaut
958 2343 985 2394 S.
1009 2345 1048 2408 Of.
1063 2345 1167 2395 Lacim.

252 2417 272 2486 ¹)
287 2417 451 2483 προαίρεσιν
466 2409 686 2484 ἐλευθεροῦντος
700 2416 730 2465 V.
740 2415 767 2465 S.
778 2437 812 2458 ν.-
823 2417 966 2465 uoluntatem
977 2413 1026 2480 (sic
1035 2414 1105 2481 edd.)
1119 2431 1199 2466 menu-

251 2490 372 2538 mittentes
391 2487 422 2536 V.
437 2486 580 2550 promissum
594 2487 785 2536 manumittentes
799 2485 825 2535 S.
878 2483 899 2549 ⁸)
918 2486 995 2535 Velut
1008 2487 1035 2535 in
1049 2488 1130 2536 circe.
1161 2486 1200 2550 Cf.

251 2559 283 2611 L.
298 2571 323 2610 tt
334 2573 378 2620 pr.
393 2557 425 2606 D.
440 2558 485 2620 qui
498 2562 524 2605 et
536 2571 553 2604 a
567 2556 634 2620 quib.
649 2554 694 2622 (to,
708 2556 739 2621 9).
790 2553 811 2618 ⁴)
825 2557 864 2606 De
877 2557 983 2608 tantm.
999 2558 1031 2620 ci.
1045 2559 1129 2620 suppl.

252 2628 273 2696 ι)
289 2621 466 2694 ἐπιδείξομεν
475 2647 509 2668 ==
524 2625 676 2675 ostendemus
691 2626 722 2676 V.
731 2625 758 2676 S.
773 2627 831 2677 edd.
844 2626 970 2678 &aecum
979 2625 1081 2676 verbum
1090 2627 1201 2691 proprie

251 2707 289 2750 est
301 2712 443 2762 exponere,
465 2698 525 2746 licei
543 2698 596 2747 olio
614 2712 699 2746 senae.
772 2694 794 2762 ο)
808 2696 905 2761 Aperte
921 2697 1057 2763 popitanae
1074 2697 1200 2747 sententia

251 2769 344 2820 addidi
347 2785 358 2825 ,·
377 2783 435 2817 nom
453 2782 500 2817 nec
514 2769 604 2830 placei
615 2767 779 2818 BuckltoItzii
796 2770 828 2831 qi.
844 2769 880 2817 aci
894 2767 937 2816 m.
958 2768 1016 2817 Vat.
1036 2769 1058 2830 ξ.
1073 2777 1133 2824 mn,
1151 2781 1200 2815 neo

251 2839 371 2897 Lacum,
390 2839 434 2902 qui
451 2839 478 2886 in
494 2839 546 2901 fine
564 2841 665 2902 supplet
684 2835 912 2891 ‘manumittentie’.
947 2838 1088 2889 Praeterea
1107 2835 1201 2902 ubique

247 2925 299 2974 pro
315 2905 513 2958 ‘manumittens'
529 2900 713 2972 (ἐλευθερῶν,
733 2915 760 2958 ut
776 2908 871 2958 &aeci
888 2910 1095 2959 manumissorem
1113 2909 1201 2971 appel-

252 2983 307 3030 iore
321 2979 412 3045 notent)
427 2994 461 3028 em
474 2979 593 3029 ICtorum
607 2994 676 3030 more
689 2980 785 3042 scripsi
801 2975 1002 3030 ‘manumissor’.
1063 2975 1085 3044 π)
1100 2978 1201 3027 Partim

251 3049 395 3116 Boecicinpi
412 3057 518 3100 auctore
535 3051 658 3113 supplevi.
736 3047 758 3114 ⁸)
772 3064 888 3115 γενηται
906 3049 1056 3114 ελευθερος
1070 3069 1103 3091 ι-
1118 3061 1201 3097 manu-

251 3121 339 3170 missus
354 3121 414 3171 liber
428 3122 454 3170 ut
473 3121 503 3170 V.
555 3116 576 3185 9)
595 3133 718 3184 euersum
737 3133 931 3184 reptaoooootr
951 3118 1051 3178 ionice
1068 3133 1148 3186 peret
1166 3139 1200 3160 =

251 3192 343 3257 utrique
363 3192 528 3252 dominabunt,
547 3205 631 3240 seruus
651 3190 755 3238 manebit
774 3190 804 3239 V.
832 3188 938 3240 Scilicet
953 3182 1076 3255 ἑκατέρω
1096 3190 1202 3254 culpari

251 3277 342 3313 errore
355 3278 408 3326 pro
427 3254 561 3325 ἑκατέρου
580 3261 704 3322 scriptum
717 3275 806 3310 ensem
819 3260 938 3319 dederat,
958 3267 987 3309 ot
1004 3262 1062 3324 quis
1074 3259 1202 3324 sequenti·

252 3333 298 3383 bus
319 3331 418 3391 ionice
441 3346 520 3397 perae
546 3332 613 3378 velut
636 3333 746 3394 plossam
771 3330 975 3394 superscriberet
997 3323 1202 3397 κυριεύσουσιν.

251 3406 375 3468 utriusque
394 3402 517 3452 dominis.
533 3413 563 3449 m.
579 3399 684 3450 Lachne.
764 3397 796 3466 ¹⁰)
811 3399 923 3452 δικαιον
941 3415 994 3466 γαρ
1013 3416 1047 3451 ou
1062 3399 1126 3466 (pro
1141 3397 1203 3465 roo)

251 3471 463 3539 προσαυξεσθαι
481 3491 515 3513 =
534 3471 579 3521 isto
599 3471 661 3520 enin
681 3485 727 3520 non
746 3485 883 3521 accrescere
907 3472 938 3521 V.
967 3472 1053 3521 iustum
1073 3472 1136 3520 enim
1154 3484 1203 3519 non

252 3545 393 3596 adcrescere
407 3542 464 3592 edd.
