2692 4114
240 203 302 270 506
527 217 796 256 1vu11rnvnu1saur.
816 198 862 252 lli.
883 204 907 253 6.

242 359 298 406 tum
312 366 367 406 non
382 347 505 418 debetur,
520 349 571 402 uisi
586 347 619 402 de
635 347 675 402 iris
691 363 799 420 quoque
814 345 955 402 manileste
975 346 1094 402 sensisse
1111 353 1192 400 tasta-

242 444 328 490 torem
357 434 444 508 possit
470 430 585 487 ostendi.
641 425 685 490 61.
718 430 898 486 instrumento
927 431 1059 502 cauponio
1089 428 1190 502 legato,

240 515 334 590 ‘lcuml
350 516 477 594 cauponis
494 513 638 570 tabernarii
653 507 779 585 dicitur,¹
795 531 825 570 ea
840 512 985 583 debentur,
1003 513 1113 586 quaein
1129 529 1192 570 cau·

240 603 319 675 ponis
335 617 412 656 usum
428 606 518 673 parata
534 607 612 673 sunt,
635 599 711 653 uelut
727 614 805 669 uasa,
826 600 853 654 iu
876 596 973 670 quibus
989 598 1081 652 uinum
1096 595 1193 652 delun·

241 685 330 753 ditur;
342 685 441 740 escaria
454 698 562 756 quoque
575 691 602 737 et
613 681 748 754 pocularia
761 698 823 736 uasa
834 680 976 738 debentur.
999 696 1064 736 sane
1076 679 1192 736 ministri

241 783 332 824 earum
354 782 442 824 rerum
463 765 552 839 legato
574 781 629 820 uon
649 765 756 821 cedunt.
804 760 853 822 62.
877 757 1078 820 ²lnstrumento
1098 765 1193 820 medici

242 853 350 926 legato,
373 849 483 923 collyris
505 858 533 904 et
560 847 702 921 emplastra
724 858 751 904 et
774 857 917 921 apparatus
940 849 1026 904 omnis
1049 845 1192 904 conicien-

241 936 337 992 dorum
358 933 629 1003 medicamentorum,
645 933 763 1005 itemque
785 931 945 988 ferramenta
967 931 1058 1005 legato
1081 931 1191 988 cedunt.

242 1014 291 1076 66.
315 1012 514 1074 ⁸lustrumento
530 1017 641 1090 pictoris
656 1016 764 1089 legato,
780 1015 902 1087 colores,
917 1014 1051 1089 pennicilli,
1074 1017 1192 1071 cauteria

242 1111 269 1159 et
291 1100 526 1176 temperandorum
541 1099 662 1156 colorum
679 1116 742 1154 uasa
763 1098 942 1156 debebuutur.
987 1094 1036 1155 64.
1061 1092 1191 1154 ⁴Pistoris

242 1189 422 1243 instrumento
439 1184 540 1258 legato,
556 1181 651 1254 cribra,
668 1183 745 1256 asini,
758 1183 843 1240 molae
855 1192 882 1238 et
894 1185 977 1253 serui,
990 1183 1036 1254 qui
1048 1183 1192 1255 pistrinum

242 1278 383 1340 exercent,
404 1270 467 1324 item
483 1268 635 1335 machinae,
658 1267 755 1340 quibus
776 1267 875 1322 latinae
897 1265 1075 1339 subiguntur,
1099 1265 1191 1339 legato

242 1353 351 1409 cedunt.
389 1346 438 1407 tt.
457 1345 655 1405 ⁵lnstrumento
670 1346 835 1406 balneatorio
852 1349 952 1423 legato,
969 1349 1107 1404 balneator
1122 1351 1191 1422 ipse,

242 1445 270 1492 et
284 1451 401 1505 scamna,
417 1442 445 1489 et
458 1428 648 1506 ilrypopotlia,6
663 1432 783 1506 fistulae,
800 1433 926 1504 miliaria,
942 1434 1097 1506 epistomia,
1113 1441 1189 1490 rotae

242 1521 382 1592 aquariae,
404 1520 522 1572 iumenta
544 1533 669 1589 quoque,
692 1518 788 1590 quibus
811 1518 883 1590 ligna
904 1517 1074 1587 deferuntur,
1097 1517 1188 1590 legato

242 1603 351 1660 cedunt.
396 1596 442 1657 66.
466 1594 666 1658 'Instrumenta
681 1603 821 1674 piscatoris
837 1601 937 1674 legato,
961 1611 989 1658 et
1004 1600 1071 1656 retia
1086 1610 1114 1656 et
1129 1616 1191 1658 uas·
1202 1611 1265 1659 [410]

224 1721 226 1726 ,
242 1703 286 1742 sae
309 1694 337 1742 et
352 1685 470 1742 iuscinae
486 1693 514 1740 et
528 1685 677 1754 nauiculae,
700 1686 769 1741 baini
788 1701 897 1757 quoque
912 1694 940 1740 ct
955 1694 1045 1741 cetera
1060 1684 1192 1740 eiusmodi

242 1769 335 1826 usibus
350 1770 483 1826 destinata
503 1767 643 1830 debentur,
687 1764 733 1826 67.
756 1763 947 1841 ⁸Supellectile
968 1768 1075 1842 legata,
1096 1783 1192 1841 capsae

242 1849 320 1928 ’let)⁹
342 1854 463 1924 urinaria,
486 1851 547 1908 'nisi
563 1868 630 1924 quae
646 1852 734 1908 solum
750 1851 878 1908 librorum
894 1862 940 1908 aut
957 1853 1040 1908 uestis
1048 1843 1074 1884 ¹⁰
1089 1867 1191 1926 ponen-

242 2075 297 2124 eod.
311 2072 357 2141 (ιο,
368 2072 411 2140 1.).
435 2073 475 2123 At
489 2089 554 2124 auro
569 2081 593 2124 et
606 2081 713 2138 arpenta
728 2081 810 2122 autem
824 2081 981 2137 separantur
994 2075 1098 2124 rrtonilia
1115 2076 1191 2124 etiam

242 2147 268 2193 in
284 2145 315 2193 L.
330 2156 363 2196 at.
387 2143 430 2193 Tb.
448 2145 473 2194 0.
486 2146 518 2194 dc
532 2147 609 2208 episc.
624 2141 786 2209 eccl.‘(1o,e).
802 2143 833 2193 L.
844 2156 864 2194 t.
884 2143 927 2192 Tb.
940 2144 965 2193 0.
977 2145 1007 2194 cle
1018 2144 1073 2194 bon.
1086 2159 1190 2208 proscr.
1242 2195 1246 2208 ,

242 2215 273 2282 (o,
283 2214 328 2280 tt).
354 2215 468 2264 Ceterum
483 2217 509 2264 in
524 2223 612 2264 nostro
622 2217 678 2264 loca
689 2221 759 2264 retus
769 2216 868 2270 uitione
885 2214 952 2263 unde
962 2217 1028 2263 enim
1038 2217 1090 2264 nisi
1099 2230 1134 2264 ecc
1143 2215 1191 2264 ltoc

241 2286 393 2351 Byzantini,
411 2285 629 2348 Hormenopulum
644 2285 703 2334 dico
718 2296 738 2342 5,
754 2296 776 2334 11
792 2283 847 2350 (to).
867 2286 890 2346 §-
906 2297 952 2341 η,
971 2300 1019 2334 suo
1033 2286 1192 2334 hauserunt?

245 2355 265 2422 ¹)
284 2355 370 2404 Verba
384 2369 503 2417 caupones
518 2353 566 2419 (uel
581 2352 704 2420 cauponis)
719 2355 847 2404 tabernarii
862 2355 972 2404 dicuntur
985 2357 1012 2404 in
1026 2357 1112 2404 multis
1128 2355 1190 2404 odd.

242 2429 374 2489 leguntur,
388 2426 471 2472 uariis
487 2427 551 2473 locis
566 2428 660 2486 posita.
697 2424 792 2483 Quibus
807 2433 834 2474 ut
845 2427 996 2489 plossemote
1010 2428 1099 2475 eiectis
1113 2424 1193 2490 (quod

241 2497 364 2546 betolenus
378 2494 410 2542 ab
424 2495 481 2543 edd.
493 2494 615 2560 sactum),
632 2502 733 2559 pupnat
751 2496 814 2545 daec
827 2497 953 2545 sententia
967 2512 1023 2546 curn
1037 2496 1069 2545 L.
1084 2508 1117 2546 rt.
1132 2497 1154 2558 ξ.
1169 2506 1190 2546 t.

241 2566 274 2615 D.
290 2565 321 2613 de
336 2566 409 2613 instr.
425 2580 447 2613 u.
463 2565 578 2616 instrum.
594 2563 643 2628 (ts,
657 2563 693 2629 a),
715 2581 761 2614 nec
780 2567 922 2617 concordat
936 2582 991 2616 cunt
1006 2567 1088 2630 ipsius
1103 2566 1192 2615 Paulli

241 2635 368 2686 sententia
385 2635 411 2683 in
431 2634 462 2683 L.
483 2645 507 2685 ta
518 2650 560 2697 pr.
581 2634 613 2684 D.
632 2636 703 2690 eod,-
726 2636 841 2686 adbibita
859 2651 919 2686 vero
938 2644 963 2686 et
980 2639 1020 2686 sic
1039 2644 1067 2686 ut
1082 2637 1191 2699 fecimus

241 2705 374 2758 emendata
388 2705 562 2754 demonstrant
575 2707 767 2755 instrumentum
781 2707 905 2770 cauponis
919 2706 1072 2769 tabernarii,
1087 2709 1104 2756 i.
1115 2722 1136 2756 c.
1147 2708 1192 2770 qui

242 2779 308 2841 ipse,
333 2790 383 2825 non
399 2789 449 2839 per
468 2777 623 2833 institorem,
642 2792 784 2840 cauponam
803 2785 908 2826 coercet
925 2776 970 2843 (cf.
991 2777 1022 2826 L.
1039 2791 1058 2828 1.
1077 2779 1100 2838 §-
1115 2787 1136 2827 t.
1156 2775 1189 2824 D.

242 2853 336 2897 nautae
350 2861 423 2909 caup.
435 2857 456 2904 t,
467 2843 497 2908 a),
509 2845 575 2895 unde
584 2853 781 2909 pertentantem
793 2849 904 2896 urinistri
919 2849 973 2896 nini
982 2847 1141 2910 defundendi
1150 2847 1191 2895 oei

242 2917 293 2968 cibi
303 2917 460 2981 porripendi
474 2924 715 2973 commemoramur,-
734 2919 819 2982 itaque
834 2920 905 2967 locus
920 2934 975 2966 cum
990 2919 1083 2968 ceteris
1097 2918 1190 2980 optime

242 2989 374 3046 consentit,
385 2987 475 3052 quibus
489 2987 641 3039 addeL.18.
656 2989 679 3048 §-
690 3001 709 3037 1.
724 2988 780 3038 eod.
832 2984 852 3054 ⁹)
869 2988 907 3051 Cf.
918 2988 949 3037 L.
961 2999 993 3039 18.
1008 2991 1031 3046 ,6.
1043 3000 1076 3038 to.
1092 2988 1123 3036 D.
1134 2988 1189 3038 eod.

242 3057 264 3124 8)
281 3058 318 3122 Cf.
334 3057 365 3106 L.
382 3069 414 3108 rt.
434 3058 536 3108 steort.
587 3056 608 3122 4)
625 3058 662 3120 Cf.
678 3058 949 3120 L.1tt.§.1.D.eod.
1006 3055 1027 3123 ⁸)
1042 3058 1074 3108 L.
1086 3069 1119 3109 rt.
1135 3059 1157 3119 6.
1170 3071 1189 3110 1.

242 3130 273 3180 L.
289 3140 321 3180 lt.
337 3130 360 3190 ξ.
375 3139 395 3180 t.
411 3128 442 3178 D.
458 3129 513 3179 eod.
569 3125 590 3194 ⁶)
605 3129 714 3192 hypodia,
729 3131 845 3192 epytomia
861 3136 885 3178 et
898 3130 993 3178 similia
1010 3129 1071 3178 ead.
1087 3128 1190 3191 lrppodia

241 3201 298 3251 cdd.
347 3196 421 3266 Ἣ).
436 3199 468 3248 L.
479 3211 512 3250 tt.
527 3201 551 3261 ἕ.
562 3212 581 3250 r.
602 3199 632 3250 D.
648 3201 703 3248 eod.
756 3196 778 3264 8)
794 3200 832 3262 Cf.
848 3199 878 3248 L.
890 3211 958 3250 o-e.
974 3199 1006 3248 L.
1022 3210 1041 3249 t.
1056 3200 1111 3260 §.a
1127 3199 1158 3247 L.
1169 3209 1190 3249 t.

241 3273 272 3321 D.
288 3272 423 3334 desupell.
439 3272 486 3335 lep.
505 3267 554 3335 (ss,
573 3269 616 3336 ιο).
682 3266 865 3334 ⁹)DeScltult.
887 3272 919 3333 qi.
935 3270 1034 3319 addidi.
1097 3265 1129 3334 ¹⁰)
1144 3283 1191 3318 non

240 3343 316 3392 solum
331 3342 445 3390 librorum
459 3347 499 3389 ant
513 3355 571 3403 quae
586 3341 661 3389 uestis
672 3355 740 3402 pars
756 3340 816 3392 cad.
827 3341 879 3389 edd
887 3377 894 3402 ,
909 3341 978 3404 quod
991 3347 1016 3389 et
1029 3346 1118 3402 aperte
1133 3354 1191 3389 cor·

240 3421 342 3476 ruptum
360 3419 399 3460 est
416 3418 441 3460 et
455 3417 555 3475 pupnat
573 3425 629 3460 cum
648 3409 679 3458 L.
694 3422 714 3462 a.
734 3413 757 3473 6.
772 3423 793 3460 a.
812 3411 843 3459 D.
859 3411 914 3460 eod.
943 3410 975 3459 In
992 3410 1054 3460 Odd.
1073 3423 1134 3472 quae
1153 3416 1192 3458 cst

239 3485 309 3532 sedis
323 3485 453 3538 incerlac,·
467 3482 587 3544 plerique
601 3482 729 3542 omittunt,
745 3481 820 3530 solum
835 3495 895 3545 quae
910 3487 950 3530 aut
965 3481 1078 3530 librorum
1095 3479 1139 3528 Cd.
1154 3490 1188 3530 tt.

241 3554 383 3602 I¹raeterea
397 3559 471 3600 notae
485 3567 523 3600 nu.
539 3552 584 3600 nisi
599 3558 623 3600 et
638 3565 683 3600 non
695 3559 863 3616 permutatae.
