<?xml version="1.0" encoding="UTF-8"?>
<!DOCTYPE html PUBLIC "-//W3C//DTD XHTML 1.0 Transitional//EN"
    "http://www.w3.org/TR/xhtml1/DTD/xhtml1-transitional.dtd">
<html xmlns="http://www.w3.org/1999/xhtml" xml:lang="en" lang="en">
 <head>
  <title>
</title>
<meta http-equiv="Content-Type" content="text/html;charset=utf-8" />
  <meta name='ocr-system' content='tesseract 3.04.00' />
  <meta name='ocr-capabilities' content='ocr_page ocr_carea ocr_par ocr_line ocrx_word'/>
</head>
<body>
  <div class='ocr_page' id='page_1' title='image "./ivrisprvdentiae00huscgoog_0196.png"; bbox 0 0 2680 4112; ppageno 0'>
   <div class='ocr_carea' id='block_1_1' title="bbox 630 1461 743 1528">
    <p class='ocr_par' dir='ltr' id='par_1_1' title="bbox 630 1461 743 1528">
     <span class='ocr_line' id='line_1_1' title="bbox 630 1461 743 1528; baseline -0.018 0"><span class='ocrx_word' id='word_1_1' title='bbox 630 1461 743 1528; x_wconf 81' lang='lat' dir='ltr'><strong>GAII</strong></span> 
     </span>
    </p>
   </div>
   <div class='ocr_carea' id='block_1_2' title="bbox 350 1645 1023 1714">
    <p class='ocr_par' dir='ltr' id='par_1_2' title="bbox 350 1645 1023 1714">
     <span class='ocr_line' id='line_1_2' title="bbox 350 1645 1023 1714; baseline 0.006 -4"><span class='ocrx_word' id='word_1_2' title='bbox 350 1645 633 1713; x_wconf 77' lang='lat' dir='ltr'>INSTITVTION</span> <span class='ocrx_word' id='word_1_3' title='bbox 639 1646 702 1712; x_wconf 90' lang='lat' dir='ltr'>VM</span> <span class='ocrx_word' id='word_1_4' title='bbox 724 1647 842 1714; x_wconf 82' lang='lat' dir='ltr'><strong>IVRIS</strong></span> <span class='ocrx_word' id='word_1_5' title='bbox 865 1647 1023 1714; x_wconf 78' lang='lat' dir='ltr'>ulvms</span> 
     </span>
    </p>
   </div>
   <div class='ocr_carea' id='block_1_3' title="bbox 436 1831 1001 1897">
    <p class='ocr_par' dir='ltr' id='par_1_3' title="bbox 436 1831 1001 1897">
     <span class='ocr_line' id='line_1_3' title="bbox 436 1831 1001 1897; baseline -0.002 -10"><span class='ocrx_word' id='word_1_6' title='bbox 436 1831 698 1888; x_wconf 84' lang='lat' dir='ltr'><strong>COMMENTARII</strong></span> <span class='ocrx_word' id='word_1_7' title='bbox 721 1831 934 1897; x_wconf 80' lang='lat' dir='ltr'><strong>QVATTVOR.</strong></span> <span class='ocrx_word' id='word_1_8' title='bbox 998 1857 1001 1862; x_wconf 95' lang='lat'><em>·</em></span> 
     </span>
    </p>
   </div>
   <div class='ocr_carea' id='block_1_4' title="bbox 479 2187 883 2240">
    <p class='ocr_par' dir='ltr' id='par_1_4' title="bbox 479 2187 883 2240">
     <span class='ocr_line' id='line_1_4' title="bbox 479 2187 883 2240; baseline -0.002 -8"><span class='ocrx_word' id='word_1_9' title='bbox 479 2188 733 2240; x_wconf 74' lang='lat' dir='ltr'><em>(OOMMENTARIVS</em></span> <span class='ocrx_word' id='word_1_10' title='bbox 749 2187 883 2239; x_wconf 82' lang='lat' dir='ltr'><em>PRIMVS.)</em></span> 
     </span>
    </p>
   </div>
   <div class='ocr_carea' id='block_1_5' title="bbox 125 2275 1170 2394">
    <p class='ocr_par' dir='ltr' id='par_1_5' title="bbox 125 2275 1170 2394">
     <span class='ocr_line' id='line_1_5' title="bbox 125 2275 1170 2394; baseline 0.004 -26"><span class='ocrx_word' id='word_1_11' title='bbox 125 2275 179 2394; x_wconf 45' lang='lat' dir='ltr'>ng&#39;</span> <span class='ocrx_word' id='word_1_12' title='bbox 269 2315 288 2370; x_wconf 84' lang='lat' dir='ltr'>l.</span> <span class='ocrx_word' id='word_1_13' title='bbox 319 2325 352 2372; x_wconf 82' lang='lat' dir='ltr'>De</span> <span class='ocrx_word' id='word_1_14' title='bbox 372 2327 424 2373; x_wconf 85' lang='lat' dir='ltr'>iure</span> <span class='ocrx_word' id='word_1_15' title='bbox 444 2325 509 2372; x_wconf 83' lang='lat' dir='ltr'>ciuili</span> <span class='ocrx_word' id='word_1_16' title='bbox 529 2331 553 2373; x_wconf 79' lang='lat' dir='ltr'>et</span> <span class='ocrx_word' id='word_1_17' title='bbox 571 2307 701 2376; x_wconf 79' lang='lat' dir='ltr'>naturali.¹</span> <span class='ocrx_word' id='word_1_18' title='bbox 741 2312 763 2373; x_wconf 91' lang='lat' dir='ltr'>l.</span> <span class='ocrx_word' id='word_1_19' title='bbox 788 2315 891 2372; x_wconf 81' lang='lat' dir='ltr'><strong><em>Omnes</em></strong></span> <span class='ocrx_word' id='word_1_20' title='bbox 908 2317 1028 2388; x_wconf 78' lang='lat' dir='ltr'>populi,</span> <span class='ocrx_word' id='word_1_21' title='bbox 1055 2319 1105 2388; x_wconf 81' lang='lat' dir='ltr'>qui</span> <span class='ocrx_word' id='word_1_22' title='bbox 1130 2319 1170 2372; x_wconf 78' lang='lat' dir='ltr'>le·</span> 
     </span>
    </p>
   </div>
   <div class='ocr_carea' id='block_1_6' title="bbox 101 2381 1216 2986">
    <p class='ocr_par' dir='ltr' id='par_1_6' title="bbox 101 2381 1216 2986">
     <span class='ocr_line' id='line_1_6' title="bbox 101 2381 1172 2473; baseline 0.002 -19"><span class='ocrx_word' id='word_1_23' title='bbox 101 2381 285 2473; x_wconf 53' lang='lat' dir='ltr'>&amp;vurfflbus</span> <span class='ocrx_word' id='word_1_24' title='bbox 314 2405 341 2454; x_wconf 80' lang='lat' dir='ltr'>et</span> <span class='ocrx_word' id='word_1_25' title='bbox 368 2400 495 2455; x_wconf 82' lang='lat' dir='ltr'><em>moribus</em></span> <span class='ocrx_word' id='word_1_26' title='bbox 517 2405 674 2472; x_wconf 71' lang='lat' dir='ltr'>reyuntur,</span> <span class='ocrx_word' id='word_1_27' title='bbox 698 2403 808 2470; x_wconf 78' lang='lat' dir='ltr'><em>partim</em></span> <span class='ocrx_word' id='word_1_28' title='bbox 831 2417 882 2457; x_wconf 84' lang='lat' dir='ltr'>suo</span> <span class='ocrx_word' id='word_1_29' title='bbox 900 2404 1039 2472; x_wconf 80' lang='lat' dir='ltr'><em>proprio,</em></span> <span class='ocrx_word' id='word_1_30' title='bbox 1062 2405 1172 2473; x_wconf 82' lang='lat' dir='ltr'><em>purtim</em></span> 
     </span>
     <span class='ocr_line' id='line_1_7' title="bbox 203 2478 1171 2559; baseline 0.001 -19"><span class='ocrx_word' id='word_1_31' title='bbox 203 2487 346 2540; x_wconf 83' lang='lat' dir='ltr'>communi</span> <span class='ocrx_word' id='word_1_32' title='bbox 359 2486 480 2540; x_wconf 81' lang='lat' dir='ltr'><strong><em>omnium</em></strong></span> <span class='ocrx_word' id='word_1_33' title='bbox 495 2482 638 2540; x_wconf 79' lang='lat' dir='ltr'>hominum</span> <span class='ocrx_word' id='word_1_34' title='bbox 655 2487 719 2540; x_wconf 86' lang='lat' dir='ltr'>iure</span> <span class='ocrx_word' id='word_1_35' title='bbox 734 2490 870 2541; x_wconf 72' lang='lat' dir='ltr'>utuntur:</span> <span class='ocrx_word' id='word_1_36' title='bbox 892 2503 959 2540; x_wconf 87' lang='lat' dir='ltr'>nam</span> <span class='ocrx_word' id='word_1_37' title='bbox 982 2487 1059 2558; x_wconf 83' lang='lat' dir='ltr'>quod</span> <span class='ocrx_word' id='word_1_38' title='bbox 1080 2478 1171 2559; x_wconf 77' lang='lat' dir='ltr'>quis²·</span> 
     </span>
     <span class='ocr_line' id='line_1_8' title="bbox 204 2563 1216 2643; baseline 0.002 -21"><span class='ocrx_word' id='word_1_39' title='bbox 204 2584 257 2641; x_wconf 82' lang='lat' dir='ltr'>que</span> <span class='ocrx_word' id='word_1_40' title='bbox 279 2567 397 2641; x_wconf 90' lang='lat' dir='ltr'>populus</span> <span class='ocrx_word' id='word_1_41' title='bbox 420 2568 480 2642; x_wconf 86' lang='lat' dir='ltr'><strong>ipse</strong></span> <span class='ocrx_word' id='word_1_42' title='bbox 502 2565 555 2623; x_wconf 80' lang='lat' dir='ltr'>sibi</span> <span class='ocrx_word' id='word_1_43' title='bbox 577 2569 617 2623; x_wconf 86' lang='lat' dir='ltr'>ius</span> <span class='ocrx_word' id='word_1_44' title='bbox 633 2568 786 2640; x_wconf 78' lang='lat' dir='ltr'>coustituit,</span> <span class='ocrx_word' id='word_1_45' title='bbox 810 2568 837 2624; x_wconf 90' lang='lat' dir='ltr'>id</span> <span class='ocrx_word' id='word_1_46' title='bbox 855 2569 941 2642; x_wconf 87' lang='lat' dir='ltr'>ipsius</span> <span class='ocrx_word' id='word_1_47' title='bbox 956 2563 1113 2643; x_wconf 83' lang='lat' dir='ltr'>proprium³</span> <span class='ocrx_word' id='word_1_48' title='bbox 1128 2577 1171 2626; x_wconf 80' lang='lat' dir='ltr'>est</span> <span class='ocrx_word' id='word_1_49' title='bbox 1213 2620 1216 2624; x_wconf 88' lang='lat'>.</span> 
     </span>
     <span class='ocr_line' id='line_1_9' title="bbox 204 2647 1170 2727; baseline -0.001 -19"><span class='ocrx_word' id='word_1_50' title='bbox 204 2659 375 2724; x_wconf 81' lang='lat' dir='ltr'>uocaturque</span> <span class='ocrx_word' id='word_1_51' title='bbox 398 2652 440 2706; x_wconf 90' lang='lat' dir='ltr'>ius</span> <span class='ocrx_word' id='word_1_52' title='bbox 464 2651 560 2724; x_wconf 82' lang='lat' dir='ltr'>ciuile,</span> <span class='ocrx_word' id='word_1_53' title='bbox 584 2654 660 2726; x_wconf 86' lang='lat' dir='ltr'>quasi</span> <span class='ocrx_word' id='word_1_54' title='bbox 682 2654 725 2708; x_wconf 90' lang='lat' dir='ltr'>ius</span> <span class='ocrx_word' id='word_1_55' title='bbox 747 2655 890 2727; x_wconf 83' lang='lat' dir='ltr'>proprium</span> <span class='ocrx_word' id='word_1_56' title='bbox 912 2647 1065 2720; x_wconf 78' lang='lat' dir='ltr'>⁴eiuiutis3</span> <span class='ocrx_word' id='word_1_57' title='bbox 1096 2652 1170 2726; x_wconf 87' lang='lat' dir='ltr'>quod</span> 
     </span>
     <span class='ocr_line' id='line_1_10' title="bbox 204 2735 1171 2811; baseline 0 -19"><span class='ocrx_word' id='word_1_58' title='bbox 204 2752 270 2792; x_wconf 88' lang='lat' dir='ltr'>uero</span> <span class='ocrx_word' id='word_1_59' title='bbox 292 2735 421 2792; x_wconf 82' lang='lat' dir='ltr'>naturalis</span> <span class='ocrx_word' id='word_1_60' title='bbox 442 2738 511 2793; x_wconf 82' lang='lat' dir='ltr'><strong>ratio</strong></span> <span class='ocrx_word' id='word_1_61' title='bbox 534 2737 607 2793; x_wconf 83' lang='lat' dir='ltr'>inter</span> <span class='ocrx_word' id='word_1_62' title='bbox 624 2753 717 2793; x_wconf 83' lang='lat' dir='ltr'><strong>omnes</strong></span> <span class='ocrx_word' id='word_1_63' title='bbox 740 2737 863 2794; x_wconf 88' lang='lat' dir='ltr'>homines</span> <span class='ocrx_word' id='word_1_64' title='bbox 879 2739 1032 2811; x_wconf 78' lang='lat' dir='ltr'>constituit,</span> <span class='ocrx_word' id='word_1_65' title='bbox 1053 2737 1080 2794; x_wconf 86' lang='lat' dir='ltr'>id</span> <span class='ocrx_word' id='word_1_66' title='bbox 1098 2735 1171 2810; x_wconf 83' lang='lat' dir='ltr'>apud</span> 
     </span>
     <span class='ocr_line' id='line_1_11' title="bbox 203 2818 1171 2897; baseline 0.003 -22"><span class='ocrx_word' id='word_1_67' title='bbox 203 2818 297 2876; x_wconf 84' lang='lat' dir='ltr'><strong>omne&#39;s</strong></span> <span class='ocrx_word' id='word_1_68' title='bbox 318 2820 435 2894; x_wconf 86' lang='lat' dir='ltr'>populos</span> <span class='ocrx_word' id='word_1_69' title='bbox 458 2837 592 2895; x_wconf 82' lang='lat' dir='ltr'>peraeque</span> <span class='ocrx_word' id='word_1_70' title='bbox 613 2821 768 2878; x_wconf 82' lang='lat' dir='ltr'>custoditur</span> <span class='ocrx_word' id='word_1_71' title='bbox 790 2831 958 2896; x_wconf 61' lang='lat' dir='ltr'>[locaturque</span> <span class='ocrx_word' id='word_1_72' title='bbox 974 2823 1015 2878; x_wconf 82' lang='lat' dir='ltr'>ius</span> <span class='ocrx_word' id='word_1_73' title='bbox 1037 2823 1171 2897; x_wconf 79' lang='lat' dir='ltr'>gentium,</span> 
     </span>
     <span class='ocr_line' id='line_1_12' title="bbox 203 2899 1172 2986; baseline 0.003 -27"><span class='ocrx_word' id='word_1_74' title='bbox 203 2906 279 2978; x_wconf 81' lang='lat' dir='ltr'>quusi</span> <span class='ocrx_word' id='word_1_75' title='bbox 301 2921 355 2978; x_wconf 87' lang='lat' dir='ltr'>quo</span> <span class='ocrx_word' id='word_1_76' title='bbox 370 2906 430 2962; x_wconf 84' lang='lat' dir='ltr'>iure</span> <span class='ocrx_word' id='word_1_77' title='bbox 446 2923 540 2962; x_wconf 88' lang='lat' dir='ltr'>omnes</span> <span class='ocrx_word' id='word_1_78' title='bbox 562 2915 659 2980; x_wconf 79' lang='lat' dir='ltr'><strong>gentes</strong></span> <span class='ocrx_word' id='word_1_79' title='bbox 675 2914 800 2962; x_wconf 80' lang='lat' dir='ltr'>utuntur.</span> <span class='ocrx_word' id='word_1_80' title='bbox 837 2899 918 2986; x_wconf 70' lang='lat' dir='ltr'>²(et)5</span> <span class='ocrx_word' id='word_1_81' title='bbox 938 2906 1059 2981; x_wconf 84' lang='lat' dir='ltr'>populus</span> <span class='ocrx_word' id='word_1_82' title='bbox 1079 2909 1172 2980; x_wconf 83' lang='lat' dir='ltr'>itaque</span> 
     </span>
    </p>
   </div>
   <div class='ocr_carea' id='block_1_7' title="bbox 202 3103 1171 3386">
    <p class='ocr_par' dir='ltr' id='par_1_7' title="bbox 202 3103 1171 3386">
     <span class='ocr_line' id='line_1_13' title="bbox 276 3103 1171 3172; baseline 0 -16"><span class='ocrx_word' id='word_1_83' title='bbox 276 3103 295 3172; x_wconf 86' lang='lat'>¹)</span> <span class='ocrx_word' id='word_1_84' title='bbox 311 3107 321 3156; x_wconf 94' lang='lat'><em>1</em></span> <span class='ocrx_word' id='word_1_85' title='bbox 336 3107 365 3155; x_wconf 80' lang='lat' dir='ltr'>de</span> <span class='ocrx_word' id='word_1_86' title='bbox 379 3106 430 3155; x_wconf 84' lang='lat' dir='ltr'>iure</span> <span class='ocrx_word' id='word_1_87' title='bbox 445 3106 512 3156; x_wconf 83' lang='lat' dir='ltr'>ciuili</span> <span class='ocrx_word' id='word_1_88' title='bbox 526 3113 550 3155; x_wconf 79' lang='lat' dir='ltr'>et</span> <span class='ocrx_word' id='word_1_89' title='bbox 563 3114 604 3156; x_wconf 79' lang='lat' dir='ltr'>nat</span> <span class='ocrx_word' id='word_1_90' title='bbox 618 3109 778 3168; x_wconf 73' lang='lat' dir='ltr'><em>correctoris</em></span> <span class='ocrx_word' id='word_1_91' title='bbox 796 3123 873 3158; x_wconf 81' lang='lat' dir='ltr'>manu</span> <span class='ocrx_word' id='word_1_92' title='bbox 897 3103 958 3165; x_wconf 51' lang='lat' dir='ltr'>Vn:</span> <span class='ocrx_word' id='word_1_93' title='bbox 981 3123 1012 3157; x_wconf 83' lang='lat' dir='ltr'>ne</span> <span class='ocrx_word' id='word_1_94' title='bbox 1036 3123 1071 3156; x_wconf 79' lang='lat' dir='ltr'>ecc</span> <span class='ocrx_word' id='word_1_95' title='bbox 1089 3114 1171 3157; x_wconf 79' lang='lat' dir='ltr'><strong><em>mente</em></strong></span> 
     </span>
     <span class='ocr_line' id='line_1_14' title="bbox 202 3172 1169 3243; baseline 0.001 -16"><span class='ocrx_word' id='word_1_96' title='bbox 202 3178 304 3242; x_wconf 85' lang='lat' dir='ltr'><em>quidem</em></span> <span class='ocrx_word' id='word_1_97' title='bbox 325 3177 392 3228; x_wconf 75' lang='lat' dir='ltr'><em>Gaii.</em></span> <span class='ocrx_word' id='word_1_98' title='bbox 447 3172 469 3242; x_wconf 84' lang='lat'>²)</span> <span class='ocrx_word' id='word_1_99' title='bbox 487 3176 576 3241; x_wconf 80' lang='lat' dir='ltr'>Suppl.</span> <span class='ocrx_word' id='word_1_100' title='bbox 591 3192 626 3226; x_wconf 78' lang='lat' dir='ltr'>ex</span> <span class='ocrx_word' id='word_1_101' title='bbox 644 3178 675 3229; x_wconf 86' lang='lat' dir='ltr'>L.</span> <span class='ocrx_word' id='word_1_102' title='bbox 690 3189 709 3230; x_wconf 82' lang='lat'>9.</span> <span class='ocrx_word' id='word_1_103' title='bbox 726 3179 757 3228; x_wconf 90' lang='lat' dir='ltr'>D.</span> <span class='ocrx_word' id='word_1_104' title='bbox 772 3179 814 3230; x_wconf 81' lang='lat' dir='ltr'><em>cit.</em></span> <span class='ocrx_word' id='word_1_105' title='bbox 873 3174 893 3243; x_wconf 77' lang='grc'>8)</span> <span class='ocrx_word' id='word_1_106' title='bbox 913 3179 1016 3228; x_wconf 79' lang='lat' dir='ltr'><strong>civitatis</strong></span> <span class='ocrx_word' id='word_1_107' title='bbox 1031 3179 1091 3230; x_wconf 85' lang='lat' dir='ltr'><em>add.</em></span> <span class='ocrx_word' id='word_1_108' title='bbox 1106 3177 1169 3229; x_wconf 75' lang='lat' dir='ltr'>Just.</span> 
     </span>
     <span class='ocr_line' id='line_1_15' title="bbox 202 3244 1169 3314; baseline 0.001 -17"><span class='ocrx_word' id='word_1_109' title='bbox 202 3248 265 3300; x_wconf 79' lang='lat' dir='ltr'><em>Inut.</em></span> <span class='ocrx_word' id='word_1_110' title='bbox 280 3256 305 3298; x_wconf 80' lang='lat' dir='ltr'>et</span> <span class='ocrx_word' id='word_1_111' title='bbox 319 3249 378 3314; x_wconf 69' lang='lat' dir='ltr'>Dry.</span> <span class='ocrx_word' id='word_1_112' title='bbox 434 3244 456 3314; x_wconf 78' lang='lat'>⁴)</span> <span class='ocrx_word' id='word_1_113' title='bbox 471 3249 556 3312; x_wconf 86' lang='lat' dir='ltr'>ipsius,</span> <span class='ocrx_word' id='word_1_114' title='bbox 571 3249 640 3312; x_wconf 86' lang='lat' dir='ltr'>quod</span> <span class='ocrx_word' id='word_1_115' title='bbox 653 3249 676 3300; x_wconf 75' lang='grc' dir='ltr'>ἠ.</span> <span class='ocrx_word' id='word_1_116' title='bbox 689 3251 703 3299; x_wconf 82' lang='lat' dir='ltr'>l.</span> <span class='ocrx_word' id='word_1_117' title='bbox 710 3250 818 3312; x_wconf 82' lang='lat' dir='ltr'><em>priores</em></span> <span class='ocrx_word' id='word_1_118' title='bbox 832 3249 964 3299; x_wconf 79' lang='lat' dir='ltr'><em>addebant</em></span> <span class='ocrx_word' id='word_1_119' title='bbox 977 3250 1034 3300; x_wconf 83' lang='lat' dir='ltr'><em>edd.</em></span> <span class='ocrx_word' id='word_1_120' title='bbox 1049 3265 1084 3298; x_wconf 67' lang='grc' dir='ltr'>σω</span> <span class='ocrx_word' id='word_1_121' title='bbox 1097 3249 1169 3308; x_wconf 70' lang='grc' dir='ltr'><strong><em>Ιπετ.,</em></strong></span> 
     </span>
     <span class='ocr_line' id='line_1_16' title="bbox 202 3316 738 3386; baseline 0.004 -17"><span class='ocrx_word' id='word_1_122' title='bbox 202 3319 307 3370; x_wconf 75' lang='lat' dir='ltr'>uberta</span> <span class='ocrx_word' id='word_1_123' title='bbox 332 3316 382 3371; x_wconf 66' lang='lat' dir='ltr'>W.</span> <span class='ocrx_word' id='word_1_124' title='bbox 438 3317 459 3386; x_wconf 85' lang='lat'>¹⁵)</span> <span class='ocrx_word' id='word_1_125' title='bbox 478 3319 603 3384; x_wconf 80' lang='lat' dir='ltr'><em>Supplevr&#39;</em></span> <span class='ocrx_word' id='word_1_126' title='bbox 621 3335 656 3368; x_wconf 75' lang='lat' dir='ltr'>ex</span> <span class='ocrx_word' id='word_1_127' title='bbox 674 3319 738 3373; x_wconf 72' lang='grc' dir='ltr'><em>[πεί.</em></span> 
     </span>
    </p>
   </div>
   <div class='ocr_carea' id='block_1_8' title="bbox 200 3508 1171 3648">
    <p class='ocr_par' dir='ltr' id='par_1_8' title="bbox 200 3508 1171 3648">
     <span class='ocr_line' id='line_1_17' title="bbox 274 3508 1171 3580; baseline -0.003 -19"><span class='ocrx_word' id='word_1_128' title='bbox 274 3508 299 3580; x_wconf 65' lang='lat'>5.</span> <span class='ocrx_word' id='word_1_129' title='bbox 317 3513 339 3561; x_wconf 92' lang='lat'>1.</span> <span class='ocrx_word' id='word_1_130' title='bbox 356 3513 427 3573; x_wconf 65' lang='grc' dir='ltr'>εξ.</span> <span class='ocrx_word' id='word_1_131' title='bbox 443 3524 463 3562; x_wconf 85' lang='grc'>1.</span> <span class='ocrx_word' id='word_1_132' title='bbox 488 3510 555 3563; x_wconf 66' lang='lat' dir='ltr'>zue</span> <span class='ocrx_word' id='word_1_133' title='bbox 569 3513 628 3560; x_wconf 83' lang='lat' dir='ltr'>iure</span> <span class='ocrx_word' id='word_1_134' title='bbox 642 3518 694 3563; x_wconf 80' lang='lat' dir='ltr'><strong><em>nat.</em></strong></span> <span class='ocrx_word' id='word_1_135' title='bbox 708 3509 739 3576; x_wconf 88' lang='lat'>(1,</span> <span class='ocrx_word' id='word_1_136' title='bbox 754 3509 786 3577; x_wconf 70' lang='lat' dir='ltr'>u),</span> <span class='ocrx_word' id='word_1_137' title='bbox 801 3511 832 3562; x_wconf 86' lang='lat' dir='ltr'>L.</span> <span class='ocrx_word' id='word_1_138' title='bbox 846 3523 866 3562; x_wconf 81' lang='lat'>9.</span> <span class='ocrx_word' id='word_1_139' title='bbox 885 3512 916 3562; x_wconf 88' lang='lat' dir='ltr'>D.</span> <span class='ocrx_word' id='word_1_140' title='bbox 931 3512 963 3561; x_wconf 89' lang='lat' dir='ltr'>de</span> <span class='ocrx_word' id='word_1_141' title='bbox 978 3513 1057 3562; x_wconf 75' lang='lat' dir='ltr'>instit.</span> <span class='ocrx_word' id='word_1_142' title='bbox 1072 3517 1097 3560; x_wconf 78' lang='lat' dir='ltr'>et</span> <span class='ocrx_word' id='word_1_143' title='bbox 1112 3512 1171 3558; x_wconf 84' lang='lat' dir='ltr'>iure</span> 
     </span>
     <span class='ocr_line' id='line_1_18' title="bbox 200 3579 1170 3648; baseline 0.001 -17"><span class='ocrx_word' id='word_1_144' title='bbox 200 3579 280 3647; x_wconf 82' lang='lat'>(1,1).</span> <span class='ocrx_word' id='word_1_145' title='bbox 318 3582 355 3644; x_wconf 80' lang='lat' dir='ltr'>Of.</span> <span class='ocrx_word' id='word_1_146' title='bbox 376 3582 420 3632; x_wconf 83' lang='lat' dir='ltr'>Fr.</span> <span class='ocrx_word' id='word_1_147' title='bbox 440 3583 540 3634; x_wconf 73' lang='lat' dir='ltr'><em>Dosith.</em></span> <span class='ocrx_word' id='word_1_148' title='bbox 561 3595 579 3633; x_wconf 86' lang='lat'>1.</span> <span class='ocrx_word' id='word_1_149' title='bbox 603 3582 723 3646; x_wconf 82' lang='lat' dir='ltr'><em>L.1pr.</em></span> <span class='ocrx_word' id='word_1_150' title='bbox 743 3583 775 3633; x_wconf 88' lang='lat' dir='ltr'>D.</span> <span class='ocrx_word' id='word_1_151' title='bbox 793 3583 825 3632; x_wconf 89' lang='lat' dir='ltr'>de</span> <span class='ocrx_word' id='word_1_152' title='bbox 844 3599 899 3648; x_wconf 81' lang='lat' dir='ltr'><em>aeq.</em></span> <span class='ocrx_word' id='word_1_153' title='bbox 918 3598 970 3634; x_wconf 87' lang='lat' dir='ltr'><em>rer.</em></span> <span class='ocrx_word' id='word_1_154' title='bbox 989 3583 1053 3633; x_wconf 86' lang='lat' dir='ltr'><em>dom.</em></span> <span class='ocrx_word' id='word_1_155' title='bbox 1073 3581 1118 3647; x_wconf 80' lang='lat'><strong>(41,</strong></span> <span class='ocrx_word' id='word_1_156' title='bbox 1139 3579 1170 3646; x_wconf 89' lang='lat'>1).</span> 
     </span>
    </p>
   </div>
   <div class='ocr_carea' id='block_1_9' title="bbox 0 0 1344 4112">
    <p class='ocr_par' dir='ltr' id='par_1_9' title="bbox 0 0 1344 4112">
     <span class='ocr_line' id='line_1_19' title="bbox 0 0 1344 4112; baseline 0 3"><span class='ocrx_word' id='word_1_157' title='bbox 0 0 1344 4112; x_wconf 95' lang='lat' dir='ltr'> </span> 
     </span>
    </p>
   </div>
  </div>
 </body>
</html>
