2700 4118
238 197 302 263 650
429 211 487 248 taos.
507 213 539 247 er
558 211 618 246 acra.
638 211 727 248 cacvar
745 209 851 247 contar.
870 192 890 246 Ι.
910 198 1005 246 9-11.

240 344 352 416 legem
375 340 573 398 Corneliam
603 339 642 396 de
663 340 803 396 sicariis
826 347 859 396 et
886 340 1062 398 ueneiicis
1089 341 1191 400 talem

238 426 536 484 constitutionem
559 425 671 497 ponit:
707 421 731 481 t.
754 417 918 497 ¹lmperator
933 426 1085 481 Antoninus
1101 427 1192 500 Augu·

239 518 298 567 stus
326 508 434 565 Aurelio
463 506 613 564 Herculauo
646 516 674 562 et
706 507 763 563 aliis
792 507 928 564 militibus.
980 507 1073 564 Frater
1101 519 1193 566 uester

239 592 466 664 rectissimam,
487 591 510 646 si
526 607 555 647 se
570 590 685 664 praesidi
701 593 855 664 prouinciae
871 591 1016 662 obtulerit;
1031 593 1074 650 cui
1088 594 1111 648 si
1125 609 1189 667 pro·

239 677 358 752 bauerit,
384 691 439 732 non
461 674 600 732 occidendi
623 675 711 730 animo
733 674 832 731 lustam
855 692 868 730 a
890 692 920 731 se
942 692 1094 749 percussam
1118 692 1190 748 esse,

239 763 350 818 remissa
365 758 500 816 homicidii
515 773 612 833 poena,
632 759 779 815 secundum
794 757 961 832 disciplinam
976 760 1116 816 militarem
1131 777 1191 817 sen·

239 846 350 901 tentiam
372 835 482 899 ’iaret.²
524 841 666 916 Proposita
689 842 757 915 prid.
773 840 831 899 Kal.
848 841 926 899 Febr.
943 841 1025 900 Laeto
1041 843 1081 899 bis
1097 837 1191 900 Cons.³

303 927 370 1002 llap.
397 925 439 984 tx.
491 925 572 982 ltem
602 925 837 998 Gregorianus
873 927 987 983 eodem
1016 927 1127 984 titulo
1156 935 1191 984 et

239 1011 331 1068 libro
364 1009 466 1067 talem
496 1010 787 1066 constitutionem
819 1011 934 1083 ponit:
978 1007 1003 1067 t.
1034 1011 1099 1084 imp.
1130 1009 1191 1068 Ale·

240 1095 341 1152 sunder
355 1097 386 1154 A.
403 1093 512 1150 Aurelio
528 1091 619 1148 Flauio
635 1100 663 1148 et
677 1093 735 1148 aliis
750 1093 888 1148 militibus.
931 1092 959 1150 st
974 1093 1055 1150 modo
1071 1111 1120 1168 pro
1136 1111 1190 1168 quo

239 1179 358 1236 libellum
373 1177 500 1249 dedistis,
523 1192 577 1232 non
592 1175 655 1232 dolo
670 1177 805 1250 praestitit
820 1185 942 1240 mortem,
957 1179 1063 1234 minime
1078 1178 1190 1252 perhor-

240 1270 342 1318 rescat:
367 1255 480 1318 ⁴crimen
496 1262 595 1332 quippe
615 1261 654 1316 ita
676 1260 855 1331 contrahitur,
877 1261 900 1316 si
922 1265 950 1317 et
972 1261 1098 1318 uoluntas
1121 1263 1189 1318 occi·

238 1345 320 1402 dendi
335 1343 493 1402 intercedat.
526 1343 651 1399 Ceterum
667 1360 708 1415 ea,
724 1359 792 1416 quae
803 1359 834 1399 ex
849 1345 997 1417 improuiso
1010 1360 1073 1402 casu
1088 1347 1190 1418 potius,

240 1444 319 1501 quam
334 1427 430 1486 fraude
441 1426 572 1496 accidunt,
587 1425 825 1500 templorumque,
843 1443 897 1483 non
913 1444 999 1484 noxae
1014 1430 1190 1502 imputantur.

240 1512 320 1585 Prop.
336 1527 405 1569 1111.
422 1509 479 1566 llal.
495 1513 566 1583 Aug.
583 1510 731 1566 Alexandro
747 1505 843 1567 Cons.⁵

302 1594 369 1668 Kap.
392 1594 423 1650 ll.
467 1594 549 1650 ltem
573 1593 807 1667 Gregorianus
830 1595 942 1652 eodem
970 1595 1062 1653 libro
1084 1605 1117 1653 et
1145 1598 1190 1652 ti·

239 1678 315 1735 tulo
338 1678 410 1736 tale
431 1669 659 1750 rescriptum6
673 1677 779 1734 dedit.
809 1677 835 1736 1.
851 1677 1031 1736 Diocletianus
1042 1688 1070 1737 at
1083 1677 1189 1751 (Maesi-

239 1760 361 1838 ma'anus)
378 1761 478 1818 domini
494 1763 590 1820 nostri.
627 1759 702 1817 ilaue
717 1761 822 1834 Agatho
837 1762 976 1820 karissime
991 1757 1090 1820 nobis.⁷
1121 1763 1189 1830 Qua·

240 1847 300 1904 litas
323 1862 433 1921 precum
454 1845 514 1902 lulii
535 1846 664 1900 Antonini
685 1844 852 1902 clementiam
874 1855 993 1902 nostram
1019 1847 1096 1904 facile
1118 1863 1189 1904 com·

241 1932 342 1987 monita
365 1932 465 2004 quippe
480 1923 550 2002 ’qui⁸
565 1927 715 1999 adseueret‚
736 1929 910 1986 homicidium
925 1946 955 1986 se
969 1945 1024 1986 non
1039 1931 1190 2002 uoluntate,

241 2014 288 2070 sed
303 2031 366 2072 casu
381 2014 496 2070 iortuito
512 2013 625 2082 iecisse,
645 2029 705 2068 cum
720 2013 798 2069 calcis
813 2014 868 2070 ictu
884 2015 979 2071 mortis
995 2016 1099 2071 occasio
1114 2030 1189 2089 prae·

240 2097 295 2155 bita
318 2098 450 2158 uideatur.
496 2095 573 2164 Quod
587 2097 611 2151 si
625 2097 663 2152 ita
677 2105 729 2166 est,
751 2112 839 2170 neque
854 2113 937 2171 super
950 2099 1003 2154 hoc
1018 2098 1115 2172 ambigi
1128 2106 1190 2172 pot·

240 2184 306 2252 erit,
330 2183 402 2238 omni
418 2197 479 2237 eum
501 2188 575 2235 metu
590 2197 622 2236 ac
642 2181 807 2254 suspicione,
829 2174 930 2253 ’quam9
953 2197 986 2237 ea
1006 2181 1135 2238 admissae
1149 2183 1190 2238 rei

241 2266 392 2322 discrimine
413 2265 544 2334 sustinet,
570 2263 719 2320 secundum
735 2263 781 2335 id,
808 2265 881 2336 quod
903 2264 1075 2322 adnotatione
1097 2271 1189 2322 nostra

239 2349 464 2422 comprehensum
480 2355 532 2417 est,
549 2347 673 2403 uolumus
689 2347 805 2404 liberari.
844 2350 900 2404 uas.
915 2348 984 2422 prid.
998 2347 1054 2406 llal.
1066 2349 1187 2406 Decemb.

240 2431 406 2488 Diocletiano
422 2433 491 2502 Aug.
508 2431 549 2486 lV.
565 2438 593 2486 et
607 2429 763 2488 Maximiano
779 2425 883 2488 Coss¹⁰

303 2513 367 2587 llap.
390 2513 422 2569 lll
458 2512 624 2586 Ulpianus
647 2513 736 2570 libro
759 2525 792 2571 et
818 2516 924 2572 titulo
947 2533 1011 2588 quo
1034 2510 1188 2590 supra2¹¹

240 2597 265 2658 1.
294 2597 358 2652 Cum
387 2596 494 2670 quidam
521 2613 569 2670 per
596 2596 731 2654 lasciuiam
758 2615 862 2655 causam
889 2602 983 2656 mortis
1011 2599 1189 2674 praebuisset,
1201 2620 1260 2669 [aaa]

239 2679 442 2754 comprobatum
465 2688 506 2735 est
528 2681 627 2738 lactum
641 2681 747 2737 Taurini
762 2682 865 2755 Egnatii
884 2683 1055 2757 proconsulis
1069 2684 1189 2742 Baeticae

239 2781 254 2820 a
281 2764 345 2820 diuo
371 2763 518 2835 Hadriano,
547 2764 620 2838 quod
649 2781 709 2821 eum
735 2767 763 2820 in
792 2768 1003 2840 quinquennium
1030 2767 1186 2841 relegasset.

239 2845 268 2906 2.
298 2845 382 2904 Verba
409 2848 614 2905 consultationis
643 2857 670 2904 et
697 2850 821 2922 rescripti
848 2851 886 2906 ita
912 2867 941 2908 se
963 2850 1078 2908 babent:
1101 2850 1189 2908 ‘luter

238 3053 340 3103 Haenel
359 3054 394 3103 od
414 3053 457 3106 Gr.
480 3053 505 3104 0.
520 3070 548 3118 p.
566 3064 600 3104 43.
628 3052 660 3102 B.
679 3054 707 3102 in
726 3053 812 3102 indice
830 3069 904 3118 capp.
923 3053 1011 3104 babet:
1033 3055 1106 3104 libros
1124 3055 1188 3122 (pro

239 3124 299 3174 libro
314 3122 352 3190 x.)
367 3131 458 3188 quarto.
534 3121 554 3189 ¹)
569 3123 648 3172 =L.
664 3136 684 3174 1.
710 3123 735 3174 0.
755 3124 791 3172 ad
808 3126 855 3188 leg.
877 3125 952 3174 Corn.
972 3125 1003 3174 de
1021 3127 1067 3175 sic.
1088 3123 1125 3191 (t,
1144 3124 1188 3190 tt).

240 3191 355 3258 ²)gierot
373 3194 404 3244 B.
427 3196 546 3244 similiter
570 3193 614 3245 Vc.
639 3194 679 3242 Vt‘.
699 3201 724 3243 et
742 3193 805 3246 lust.
827 3194 852 3243 0.
880 3193 933 3244 Sed
950 3196 986 3245 ita
1002 3195 1113 3258 sactum,
1133 3211 1189 3244 cum

237 3272 315 3316 antea
329 3267 369 3331 qui
383 3265 404 3314 si
419 3265 555 3328 probauerit
567 3266 691 3327 scripturn
705 3271 777 3314 esset.
843 3261 863 3330 8)
878 3281 902 3314 a.
917 3275 964 3316 215.
1030 3261 1052 3331 ⁴)
1068 3265 1105 3328 Of.
1120 3265 1152 3328 L.
1169 3278 1188 3316 1.

239 3336 266 3386 0.
281 3339 324 3387 cit.
385 3333 406 3401 δ)
421 3352 445 3384 a.
460 3346 507 3386 aaa.
573 3331 724 3400 ⁶)=I1.5.
745 3334 771 3386 0.
786 3335 882 3399 colleg.
900 3335 975 3386 Corn.
990 3336 1082 3386 desic.
1098 3335 1130 3400 (a,
1145 3334 1188 3401 16).

240 3403 261 3472 ⁷)
277 3406 315 3469 Cf.
331 3407 439 3455 Hacnel.
455 3405 546 3468 Praef.
561 3405 596 3454 ad
613 3404 656 3452 Tu.
674 3404 700 3453 0.
715 3420 743 3467 p.
763 3405 902 3455 XXXIX.
914 3407 959 3468 fin.
1024 3402 1045 3470 8)
1060 3405 1105 3454 Em
1123 3406 1145 3455 I.
1163 3406 1187 3454 0.

239 3477 301 3538 quod
317 3476 379 3526 Cdd.
395 3476 451 3524 edd.
499 3473 653 3540 umato.
670 3474 874 3538 quodCdd.edd.
924 3472 956 3542 ¹⁰)
967 3491 990 3525 a.
1002 3485 1048 3527 290.
1099 3472 1131 3540 ¹¹)
1140 3474 1190 3524 Est

238 3545 269 3593 L.
285 3557 305 3595 4.
321 3547 343 3606 ἓ.
360 3557 379 3595 1.
399 3546 431 3593 D.
446 3546 482 3594 ad
495 3547 543 3610 leg.
560 3545 635 3595 Corn.
650 3546 682 3594 de
696 3547 742 3594 sic.
758 3543 802 3610 (48,
816 3544 848 3611 8).
