2692 4114
428 251 494 286 ivm
513 249 696 287 ravennanus.
715 233 762 286 IV.
784 240 823 286 11.
1037 232 1103 300 523

148 380 178 442 4.
204 373 325 450 ¹Ouarto
346 378 432 453 gradu
454 380 569 436 ueniunt
590 395 673 453 snpra
695 378 810 444 abnuas,
832 378 937 436 abania:
967 379 1035 438 inira
1059 379 1103 436 ab·

148 481 250 538 nepos,
274 462 411 536 abneptis:
436 478 469 520 ex
484 461 594 536 obliquo
611 462 703 520 fratris
718 470 746 520 et
761 465 864 520 sororis
879 479 983 536 nepos,
998 465 1102 536 neptis,

149 548 234 604 irater
255 546 401 622 patruelis,
424 562 504 602 soror
525 545 674 620 patruelis,
695 545 723 601 id
749 555 792 602 est
812 548 901 619 patrui
923 546 1008 618 iilius,
1032 545 1102 616 blia;

149 633 286 701 amitinus,
301 631 419 702 amitina,
434 629 461 686 id
476 638 518 686 est
533 631 627 686 amitae
642 627 724 700 filius,
740 627 809 698 iilia,
824 628 1023 697 ‘consobrinus
1039 647 1103 688 oon·

149 713 272 779 sobrina,
289 713 316 770 id
331 722 373 770 est
388 712 514 770 auunculi
530 721 557 768 et
572 720 731 770 materterae
747 711 834 784 filius,
850 707 940 787 biia3²
954 713 1018 772 lieet
1040 731 1103 787 pro·

150 790 228 872 prie³
249 796 404 855 consobrini
420 795 512 870 (sint),
535 797 580 871 qui
603 811 635 851 er
657 795 759 852 duabus
782 795 922 853 sororibus
944 805 1102 856 naseuntur.

149 881 247 956 qulbus
263 876 411 940 accrescit⁴
432 888 546 956 patruus
569 895 693 954 magnus,
716 882 796 936 amita
815 896 921 954 magna,
944 879 971 936 id
993 888 1035 936 est
1061 881 1104 938 aui

149 967 252 1038 paterni
264 964 349 1022 irater
359 973 387 1022 et
398 979 492 1030 soror;
505 963 654 1020 auunculus
666 979 791 1036 magnus,
805 971 949 1020 matertera
960 980 1066 1038 magna,
1077 963 1105 1019 id

148 1058 193 1104 est
207 1050 282 1105 auiae
297 1057 350 1104 tam
365 1057 492 1122 paternae
508 1063 586 1120 quam
602 1054 739 1104 maternae
751 1047 835 1103 irater
845 1055 874 1104 et
884 1063 975 1120 soror,
988 1042 1105 1121 (auique

149 1127 309 1206 ηιαίενηί).ὓ
350 1129 378 1192 b.
403 1127 520 1200 iunium
542 1129 628 1204 gradu
643 1131 755 1188 ueniunt
776 1147 857 1204 supra
873 1130 981 1204 quidem
998 1138 1105 1202 atauus,

150 1217 254 1272 atauia:
269 1215 339 1272 inira
354 1215 490 1288 adnepos,
506 1213 644 1286 adneptis:
668 1231 701 1270 er
716 1213 828 1288 obliquo
850 1213 942 1271 fratris
959 1223 987 1270 et
1002 1216 1105 1271 sororis

151 1315 299 1373 pronepos,
318 1300 473 1372 proneptis;
490 1298 579 1354 iratris
598 1297 737 1370 patruelis,
757 1297 860 1354 sororis
878 1298 1017 1372 patruelis,
1041 1299 1104 1353 ami·

152 1382 218 1453 tint,
241 1382 380 1452 amitinae,
402 1379 570 1452 consobrini,
591 1381 769 1438 consobrinae
789 1379 875 1454 iilius,
900 1379 970 1451 lilia3
992 1381 1105 1456 proptus

153 1462 295 1538 sobrinus,
323 1457 461 1536 sobrina,⁷
485 1464 512 1522 id
538 1471 579 1522 est
606 1465 695 1537 patrui
719 1465 827 1539 magni,
860 1466 955 1521 amitae
981 1481 1105 1540 magnae,

152 1547 277 1605 auunculi
299 1549 404 1622 magni,
424 1556 585 1606 materterae
606 1564 719 1622 magnae
742 1546 830 1618 lilius,
851 1545 914 1608 fitia.
952 1549 993 1606 his
1016 1565 1104 1605 soors·

80 1640 233 1692 iiiiiscunt
253 1641 435 1706 propatruus,
460 1633 604 1708 proamita,
628 1631 656 1688 hi
685 1639 748 1688 sunt
769 1631 865 1706 proani
893 1633 997 1706 paterni
1020 1632 1107 1688 irater

150 1723 179 1774 et
199 1732 292 1790 soror;
315 1717 516 1790 prouunoulus,
543 1723 752 1790 promatertera,
775 1715 802 1772 bi
823 1723 887 1770 sunt
908 1715 1034 1788 proauiae
1058 1732 1106 1788 pa·

151 1808 243 1857 ternae
277 1809 468 1874 maternaeque
496 1800 579 1857 irater
607 1807 634 1854 et
662 1814 755 1870 soror,
789 1799 939 1872 proauique
966 1791 1106 1856 materni.⁸

223 1955 244 2024 ι)
261 1958 299 2021 Of.
314 1958 346 2008 L.
361 1971 381 2010 t.
396 1959 419 2020 §-
435 1970 454 2009 6.
478 1957 511 2007 L.
526 1970 559 2010 ιο.
575 1959 598 2020 ἓ.
613 1969 646 2009 15.
666 1958 699 2006 D.
715 1957 771 2007 eod.
838 1951 964 2020 ')Itaque
983 1958 1105 2021 reliquas,

93 2053 95 2057 ·
150 2029 196 2093 qut*
213 2043 293 2093 neque
307 2030 442 2091 patrueles
460 2042 540 2092 neque
558 2030 658 2077 amitini
676 2029 784 2092 ideoque
803 2027 861 2090 ipsa
880 2027 982 2091 oripine
1001 2030 1106 2092 eopnati

150 2105 249 2148 tautum
262 2105 358 2156 essent,
373 2098 421 2147 liae
435 2113 524 2148 nomen
539 2098 743 2161 comprehensam
762 2097 794 2148 tle
808 2112 857 2160 quo
872 2098 993 2161 loquendi
1007 2112 1054 2146 usu
1069 2099 1105 2162 ef.

125 2185 129 2192 ·
150 2167 270 2218 Brissan.
288 2183 311 2216 u.
333 2166 505 2218 Consobrinus
523 2183 544 2218 s.
561 2169 606 2230 fin.
643 2168 757 2217 Ceterum
775 2167 838 2216 baec
858 2167 937 2216 uerba
956 2169 982 2216 in
1004 2167 1066 2218 (lelrl.
1081 2176 1106 2218 et

150 2239 210 2288 edd.
225 2239 347 2302 lepuntur
360 2244 419 2288 ante
433 2239 480 2287 illa
495 2239 619 2298 amitinus,
634 2239 743 2299 amitina,
757 2237 782 2286 it
797 2244 834 2286 est
847 2238 932 2286 amitae
947 2238 1023 2300 iilius,
1044 2239 1105 2288 titis:

151 2314 243 2372 aperto
257 2308 332 2369 uitia,
351 2323 408 2358 eum
425 2306 518 2371 ubique
537 2309 564 2356 in
583 2307 789 2357 antecedentibus
807 2315 832 2357 et
850 2309 1012 2373 sequentibus
1026 2311 1106 2358 amita

148 2384 210 2442 post
219 2383 342 2441 patruum
355 2385 414 2427 ante
427 2380 580 2428 auunculum
594 2385 618 2427 et
631 2385 800 2437 materteram,
814 2380 921 2442 itemque
935 2381 1037 2428 amitini
1046 2386 1107 2443 post

148 2449 283 2512 patrueles
296 2455 355 2498 ante
369 2447 537 2499 consobrinos
555 2456 785 2499 commemorentur.
816 2448 907 2514 Itaque
926 2465 1014 2499 uerum
1033 2451 1106 2500 ordi·

152 2533 217 2578 nem,
232 2533 303 2582 quem
318 2518 428 2568 Paullus
441 2520 517 2568 etiam
531 2519 563 2568 L.
577 2531 610 2570 to.
625 2521 648 2580 ξ.
665 2529 697 2570 15.
714 2521 756 2570 eit.
771 2525 865 2580 aarum,
881 2522 1046 2570 restituimus.

155 2584 293 2654 ⁸)itemqne
309 2587 371 2638 aad.
386 2589 443 2639 edd.
460 2589 560 2652 fastum
579 2590 608 2639 id
620 2605 657 2640 se.
671 2605 706 2639 ea
724 2590 781 2640 licet
799 2603 857 2652 ppe,
873 2597 1009 2654 postquam
1027 2589 1105 2640 uerba

153 2658 265 2709 amitinus
279 2693 285 2706 .
298 2694 304 2708 .
315 2695 339 2708 ..
356 2659 403 2708 tilis
416 2659 499 2709 sedem
514 2667 681 2710 mutauerant.
708 2660 794 2709 Ouiae.
809 2666 886 2708 aulea
896 2659 972 2710 uerba
983 2668 1007 2709 et
1016 2669 1105 2710 mater-

152 2736 204 2778 tera
218 2728 301 2779 deleri
314 2729 423 2779 iubebat.
488 2725 509 2795 ⁴)
525 2732 541 2780 i.
557 2746 578 2780 e.
593 2733 710 2796 iuopitur
724 2729 757 2794 (ξ.
774 2729 810 2795 t),
830 2731 891 2793 puta
909 2745 944 2779 ea
958 2738 1106 2782 transuerso

153 2800 233 2849 limite
246 2799 326 2850 abano
340 2801 474 2860 adiicitur,
489 2807 517 2850 ut
530 2817 565 2852 ex
577 2807 706 2851 stemmate
720 2800 900 2864 cognationum
914 2809 1032 2865 apparet,
1047 2802 1105 2851 dum

152 2876 254 2919 ceterae
264 2885 394 2933 personae
407 2885 442 2920 ea
451 2878 511 2920 ante
520 2873 665 2921 memoratis
674 2877 866 2936 propeneratae
876 2879 958 2921 erant.
1008 2868 1029 2936 ⁶)
1039 2870 1104 2937 Sup-

148 2941 227 3004 pleui.
248 2939 287 3002 Os.
301 2948 383 2992 nats.
398 2941 533 3004 etbtlin.
589 2937 612 3006 ⁶)
628 2939 666 3004 Of.
680 2941 713 2990 L.
725 2953 745 2992 1.
761 2941 783 3002 5.
795 2951 814 2992 t.
829 2939 861 2989 L.
873 2952 906 2992 to.
921 2944 944 3004 β.
956 2953 989 2994 16.
1005 2942 1037 2991 D.
1049 2943 1105 2995 eod.

155 3005 236 3075 ²)Sie
250 3025 348 3075 quoque
361 3011 462 3060 dixisse
476 3011 564 3070 IOtos,
583 3013 644 3060 lieet
657 3017 748 3061 eontra
767 3011 907 3070 rationem,
927 3020 955 3062 at
973 3012 1107 3062 breuitatis

153 3095 234 3130 eausa
248 3087 273 3129 et
287 3087 315 3129 ut
327 3095 383 3129 eum
392 3097 485 3139 eamne,
495 3083 540 3145 qui
549 3097 644 3146 quaeue
654 3082 765 3145 propius
774 3087 840 3131 esset
849 3082 1011 3132 sobrinarum
1019 3083 1106 3148 produ
1165 3102 1167 3107 ·

153 3149 210 3214 (li.
230 3149 288 3199 Vat.
304 3148 371 3214 tes),
386 3152 513 3201 commode
526 3153 676 3217 sipnificare
686 3159 806 3216 possent,
820 3152 882 3202 mibi
891 3168 1045 3216 persuasum
1060 3161 1105 3204 est.

153 3218 202 3269 Est
219 3227 303 3269 autem
320 3219 384 3270 leaeo
402 3223 541 3284 appellatio
560 3237 595 3271 ea
614 3220 733 3287 ‘propius
750 3219 866 3274 sobrino’
887 3222 932 3286 (af.
955 3223 1021 3272 Fest.
1041 3238 1061 3272 s.
1082 3239 1105 3272 u.

150 3305 178 3353 p.
193 3290 242 3356 tto)
257 3291 376 3340 similiter
387 3293 463 3354 fieta,
479 3299 506 3341 ut
520 3295 663 3356 proconsul
681 3309 715 3343 ex
731 3309 781 3356 pro
800 3295 912 3343 consule.
942 3293 1056 3342 Ceterum
1070 3292 1106 3355 as.

152 3358 287 3410 Schrader
305 3360 421 3412 adluat.
437 3377 465 3425 p.
480 3372 527 3413 tut).
560 3361 696 3429 Seliultinp
715 3363 751 3412 ad
768 3363 792 3412 lt.
807 3365 823 3411 l.
888 3359 909 3426 ⁸)
923 3377 958 3412 se.
976 3363 1064 3424 frater
1082 3367 1108 3410 el

152 3444 237 3480 soror.
269 3429 305 3480 Et
321 3438 391 3482 reete
411 3432 458 3483 llos
477 3448 575 3498 quoque
595 3450 612 3483 a
630 3434 700 3484 ICtt's
714 3434 903 3497 prouunoulum
921 3439 947 3480 et
960 3438 1106 3494 promater·
1168 3489 1171 3496 Ι

153 3505 234 3549 teram
248 3503 378 3565 appellari
390 3505 455 3562 uult,
474 3503 534 3552 alum
548 3503 640 3568 ubique
654 3505 683 3554 id
695 3505 761 3568 apii,
783 3509 811 3552 ut
829 3501 870 3551 lais
887 3501 1030 3551 nominibus
1046 3517 1106 3566 per-

154 3569 214 3619 inde
228 3586 260 3620 ao
273 3587 354 3635 supra
368 3575 390 3635 ἓ.
400 3585 422 3626 t.
437 3573 658 3638 consobrinorum,
669 3588 753 3624 omnes
763 3574 818 3622 eius
830 3572 937 3638 prauus,
948 3573 993 3638 qui
1002 3573 1107 3640 eapnalt'
1160 3633 1163 3638 Ι
