2672 4112
450 235 487 270 nn
504 234 616 270 unumve
633 235 712 270 usna
728 237 748 274 1.
1038 231 1077 290 31

175 358 226 421 36.
248 362 291 422 M.
313 360 398 418 Recte
414 359 492 432 dicis,
515 367 608 416 atres
630 375 659 416 se
675 363 714 418 sic
730 361 818 418 babet.
848 377 943 420 uerum
958 364 1080 436 pbiloso-

112 449 231 522 phorum
246 461 333 516 more,
357 461 413 502 nou
434 453 556 500 ueterum
577 444 684 517 quidem
706 444 823 517 illorum,
845 446 891 502 sed
908 463 1014 521 eorum,
1033 451 1080 522 qul

112 532 190 605 quasi
215 527 342 587 officinas
363 529 551 584 instruxerunt
573 529 736 602 sapientiae,
768 545 835 601 quae
856 528 917 586 fuse
940 531 1004 588 olim
1026 532 1080 588 dis·

112 615 282 688 putabantur
304 628 336 668 ac
357 610 451 681 libere,
476 626 507 666 ea
528 628 601 666 nuuc
622 611 782 667 articulatim
797 612 923 670 distincta
938 614 1078 682 dicuntum

111 715 162 754 nec
177 699 251 754 euim
266 697 333 752 satis
348 693 406 750 fieri
422 703 533 751 censent
548 695 611 750 huic
625 695 697 764 loco,
714 696 760 768 qui
773 712 843 752 nunc
854 705 895 752 est
906 699 934 754 in
946 698 1079 772 manibus,

111 782 167 838 nisi
183 781 330 854 separatim
346 779 399 836 hoc
413 779 510 851 ipsum,
527 787 624 834 natura
639 794 699 836 esse
713 780 766 850 ius,
781 779 952 852 disputarint.

177 905 213 962 Α.
236 903 271 960 ut
285 904 390 960 scilicet
405 912 449 960 tua
464 903 575 959 libertas
590 903 741 959 disserendi
757 905 852 960 amissa
872 915 929 976 cst,
950 915 996 962 aut
1010 915 1042 963 tu
1056 909 1080 964 is

112 1006 151 1060 es,
169 990 260 1062 quiin
276 987 438 1061 disputando
454 1003 509 1042 nou
524 995 600 1042 tuum
620 977 749 1043 ibdicium
764 1004 887 1062 sequare,
908 997 951 1044 set
965 993 1080 1047 auotori-

112 1075 163 1129 tati
179 1073 295 1128 aliorum
309 1087 414 1145 parcae.

178 1193 226 1254 37.
248 1195 288 1252 M.
310 1197 369 1252 Non
391 1211 513 1269 semper,
535 1196 610 1267 l'ite,
631 1195 677 1251 sed
696 1199 749 1252 iter
763 1197 844 1252 buius
859 1199 992 1253 sermonis
1008 1199 1081 1272 quod

114 1283 151 1336 sit
176 1281 270 1348 uides;
293 1279 390 1335 adres
413 1279 532 1352 publicas
555 1277 697 1335 firmandas
719 1289 746 1336 et
766 1279 799 1335 ad
814 1279 984 1336 stabiliendas
1000 1282 1080 1339 urbes

117 1359 329 1438 sanandosiqce)
344 1363 461 1436 populos
484 1365 579 1418 omnis
594 1371 687 1418 nostra
708 1365 800 1437 pergit
822 1365 918 1422 oratio.
954 1368 1081 1438 quocirca

117 1463 223 1502 uereor
239 1448 412 1517 committere,
427 1453 459 1502 ut
470 1463 525 1502 non
538 1446 604 1502 bene
615 1449 725 1520 prouisa
737 1455 764 1504 et
783 1446 928 1521 diligenter
944 1449 1081 1523 explorata

113 1531 251 1604 principia
269 1538 418 1602 ponantur,
439 1546 490 1586 nec
503 1537 592 1586 tamen
608 1538 639 1585 ut
654 1531 777 1586 omnibus
792 1530 959 1604 probentur,
980 1550 1041 1588 nam
1053 1534 1080 1588 id

21 1653 22 1656 ,
113 1613 174 1670 fieri
190 1629 247 1668 non
262 1621 363 1686 potest,
377 1613 425 1669 sed
443 1621 471 1668 ut
486 1615 536 1683 eis,
552 1616 598 1687 qui
614 1616 702 1670 omnia
717 1622 790 1671 recta
805 1622 886 1688 atque
902 1615 1017 1672 honesta
1031 1633 1077 1690 per

20 1719 22 1756 ;
114 1714 145 1753 se
161 1696 313 1770 expetenda
335 1697 470 1753 duxerunt
492 1705 519 1752 et
535 1705 581 1752 aut
594 1697 661 1752 nibil
677 1699 786 1754 omnino
801 1699 829 1753 in
844 1697 922 1754 bonis
937 1715 1079 1756 numeran-

20 1775 22 1848 J
114 1781 190 1852 dum,
206 1781 259 1836 nisi
276 1779 348 1853 quod
363 1797 412 1854 per
427 1797 455 1836 se
470 1782 558 1854 ipsum
573 1780 705 1836 laudabile
720 1788 803 1853 esset,
826 1789 872 1836 aut
886 1789 960 1838 certe
975 1783 1080 1839 nullum

20 1883 25 1893 “
114 1863 269 1920 babendum
285 1880 411 1938 maguum
426 1864 542 1936 bouum,
564 1866 613 1920 nisi
634 1865 707 1936 quod
722 1881 788 1920 uere
802 1864 904 1920 laudari
919 1882 968 1920 sua
982 1876 1080 1938 sponte

20 1987 21 1992 κ
114 1956 224 2022 posset:
239 1945 288 2006 38.
298 1949 331 2004 iis
343 1947 476 2020 omnibus,
491 1950 549 2004 siue
557 1951 584 2003 in
591 1947 731 2004 Academia
743 1955 837 2002 uetere
848 1964 909 2002 cum
916 1947 1080 2022 Speusippo,

21 2065 22 2070 κ
114 2031 283 2104 Xenocrate,
305 2031 452 2087 Polemone
473 2039 641 2100 manserunt,
665 2031 724 2086 siue
746 2031 919 2086 Aristotelem
943 2038 971 2086 et
992 2031 1081 2088 Theo·
1138 2046 1141 2054 ¹

115 2116 273 2188 phrastum,
296 2115 433 2172 cumillis
455 2117 631 2188 congruentis
653 2131 692 2183 re,
716 2130 816 2187 genere
837 2113 951 2168 docendi
972 2115 1081 2187 paulum

117 2198 277 2269 differentis,
299 2200 386 2255 secuti
406 2206 479 2268 suut,
498 2201 568 2270 siue,
591 2205 621 2254 ut
636 2197 737 2253 Zenoni
752 2199 840 2254 uisum
856 2205 908 2268 est,
929 2196 1010 2253 rebus
1026 2215 1082 2255 non

21 2323 22 2330 κ
116 2284 291 2339 commutatis
310 2283 513 2338 inmutauerunt
529 2282 670 2352 uocabula,
691 2283 749 2337 siue
765 2283 845 2337 etiam
860 2281 995 2336 Aristonis
1011 2279 1081 2337 dilli-

117 2365 198 2422 cilem
209 2373 290 2438 atque
300 2365 419 2436 arduam,
435 2365 483 2420 sed
494 2367 544 2421 iam
558 2375 645 2422 tamen
656 2365 768 2421 fractam
780 2374 807 2420 et
817 2365 968 2421 conuictam
980 2373 1081 2422 sectam

119 2451 209 2504 secuti
222 2459 293 2520 sunt,
308 2457 339 2504 ut
355 2447 501 2504 uirtutibus
517 2451 634 2522 exceptis
651 2457 732 2522 atque
748 2451 821 2505 uitiis
839 2456 927 2504 cetera
939 2450 967 2504 ln
978 2466 1081 2506 summa

119 2532 281 2606 aequalitate
302 2541 449 2606 ponerent,
471 2533 503 2588 iis
519 2533 643 2588 omnibus
659 2533 734 2603 haec,
757 2549 825 2605 quae
841 2531 905 2602 dini,
921 2531 1081 2604 probentur.

117 2613 171 2673 89.
188 2614 238 2672 sibi
253 2624 341 2672 autem
355 2616 523 2688 indulgentis
537 2624 565 2672 et
579 2617 687 2689 corpori
701 2616 879 2672 deserulcutis
892 2623 973 2688 atque
984 2618 1081 2689 omnia,

20 2743 21 2748 1
116 2716 187 2774 quae
202 2707 354 2774 sequantur
369 2702 398 2755 in
413 2701 469 2754 uita
485 2715 607 2773 quaeque
622 2699 737 2772 fugiant,
754 2698 939 2772 uoluptatibus
962 2707 989 2755 et
1004 2699 1081 2756 dolo·

114 2781 192 2839 ribus
214 2783 400 2856 ponderantis,
425 2785 504 2840 etiam
527 2784 550 2838 si
573 2800 637 2838 uera
654 2783 754 2853 dicunt,
779 2783 847 2838 nibil
870 2783 938 2837 euim
955 2799 1025 2856 opus
1040 2792 1082 2839 est

115 2867 170 2923 boc
185 2867 249 2924 loco
263 2866 365 2939 litibus,
386 2869 415 2924 in
429 2867 547 2923 hortulis
562 2869 618 2922 suis
632 2866 769 2922 iubeamus
786 2867 886 2936 dicere,
908 2873 990 2938 atque
1002 2869 1082 2922 etiam

115 2950 148 3006 ab
164 2952 241 3006 omni
256 2953 384 3007 societate
395 2952 435 3007 rei
446 2949 578 3023 publicae,
594 2952 691 3023 quoius
703 2959 809 3023 partem
822 2966 872 3004 nec
883 2959 985 3005 norunt
1000 2950 1081 3016 ullam

113 3051 208 3108 neque
223 3051 351 3108 umquam
365 3051 448 3091 nosse
464 3035 620 3106 uoluerunt,
640 3033 777 3108 paulisper
796 3034 929 3089 facessant
943 3050 1081 3108 rogemus.

112 3117 341 3193 perturbatricem
356 3127 447 3176 autem
462 3119 557 3174 harum
573 3119 691 3173 omnium
709 3134 799 3173 rerum
815 3115 991 3188 Academiam,
1013 3118 1082 3174 hanc

66 3250 70 3260 .
113 3202 148 3260 ab
164 3203 287 3258 Arcesila
303 3209 331 3258 et
346 3201 479 3258 Carneade
495 3209 640 3272 recentem,
663 3217 803 3258 exoremus
818 3209 850 3256 ut
864 3193 956 3270 silcat3
978 3217 1039 3256 nam
1059 3203 1081 3256 si

112 3287 250 3342 inuaserit
264 3287 292 3341 iu
306 3286 384 3357 baec,
400 3303 469 3359 quae
485 3287 550 3342 satis
566 3287 633 3342 scite
647 3284 724 3340 nobis
740 3287 873 3340 instructa
890 3294 918 3339 et
933 3285 1082 3356 composita

113 3370 256 3440 nudentur,
271 3371 367 3426 nimias
382 3369 445 3426 edet
459 3371 564 3426 ruinas:
584 3386 664 3442 quum
680 3369 787 3442 quidem
803 3385 856 3442 ego
871 3368 976 3441 placare
991 3366 1081 3438 cupio,

112 3469 292 3510 summouere
313 3470 370 3509 non
391 3453 487 3510 audeo.
530 3453 594 3509 XlV.
616 3448 668 3508 40.
690 3469 755 3511 *a*
777 3469 836 3508 nam
863 3459 890 3506 et
914 3453 942 3505 in
968 3451 1000 3502 iis
1024 3449 1082 3503 sine

113 3538 188 3594 illius
210 3535 375 3594 sustinentis
392 3539 489 3610 expiati
504 3553 610 3592 sumus:
632 3545 660 3592 at
681 3553 747 3593 uero
768 3536 901 3592 scelerum
917 3534 944 3588 in
959 3531 1080 3588 homines
