2696 4120
439 271 497 308 otu
515 271 611 313 atteror.
630 255 679 308 ΙΙΙ.
698 261 808 311 48-51.
1043 257 1105 323 297

138 414 290 486 debeatur,
313 430 347 470 ne
369 412 516 470 liberorum
533 413 643 488 quidem
661 415 720 471 iure
736 417 927 490 consequitur,
951 423 982 472 ut
997 417 1106 490 quidam

138 508 252 574 putant3
269 506 311 555 sat
327 507 417 555 tamen
432 501 560 555 intestata
575 497 672 555 liberta
684 509 802 572 mortua,
818 499 910 556 ’uerba
925 500 994 576 legis
1009 501 1106 575 Papiae

138 577 270 656 iaetant‚¹
292 589 324 638 ut
339 585 363 639 ei
379 583 465 639 uirilis
485 600 547 657 pars
564 582 708 648 debeatur;
732 585 755 640 si
771 601 838 642 uero
856 593 1018 642 testamento
1034 585 1105 642 iaato

140 676 250 725 mortua
265 670 302 724 sit
317 666 424 740 liberta,
449 667 501 723 tale
516 669 559 723 ius
575 669 599 723 ei
614 668 704 739 datur,
730 669 809 742 quale
832 669 923 726 datum
947 677 989 728 est
1011 678 1106 726 eontra

140 752 246 810 tabulas
263 754 417 808 testamenti
432 745 549 822 liberti,²
564 751 591 806 id
607 761 657 822 est,
675 753 755 827 quale
771 761 798 810 et
814 754 902 810 uiriita
916 771 998 812 senua
1013 761 1106 826 patro·

138 853 237 894 norum
253 837 332 893 liberi
347 845 441 893 contra
457 835 561 893 tabulas
577 840 732 894 testamenti
747 838 837 895 liberti
850 837 964 895 habent:
981 841 1106 913 quamuis

138 939 236 998 parunt
255 921 402 996 diligenter
416 937 447 976 ea
467 937 529 994 pars
550 921 620 995 legia
641 925 802 996 scriptasit.
846 920 896 980 48.
913 922 950 979 aa
965 925 1009 980 bis
1024 939 1105 998 appa·

68 1018 124 1072 [aaa]
138 1015 199 1079 ret,
222 1015 371 1062 extraneos
392 1005 506 1062 heredes
527 1015 704 1080 patronorum
730 1007 814 1081 longe
838 1007 968 1063 ’remotos
990 1023 1052 1064 esre
1072 1007 1105 1063 ab

139 1093 215 1148 omai
230 1109 264 1147 eo
279 1084 365 1162 iure,³
384 1089 458 1164 quod
474 1090 518 1146 nel
539 1091 566 1146 in
586 1095 778 1147 intestatorum
799 1091 879 1148 bonis
896 1091 940 1146 uei
955 1099 1048 1148 eontra
1065 1101 1105 1147 ta·

137 1175 217 1233 bulas
235 1175 389 1232 testamenti
405 1182 521 1248 patrono
539 1177 680 1248 competit.

203 1255 254 1318 40.
270 1259 403 1315 Patronae
415 1258 480 1314 olim
496 1267 557 1315 anta
573 1258 661 1333 legem
673 1259 779 1332 Papiam
795 1259 849 1315 hoe
863 1259 952 1315 solum
967 1262 1009 1316 ius
1025 1260 1104 1318 habe·

136 1345 205 1402 bant
226 1342 352 1400 inbonis
379 1343 554 1416 libertorum,
579 1343 651 1416 quod
673 1345 754 1399 etiam
777 1345 899 1418 patronis
922 1360 954 1400 en
976 1345 1038 1420 iege
1058 1363 1105 1402 111

139 1427 292 1486 tabularum
307 1428 398 1485 datum
415 1436 467 1485 est.
503 1443 555 1484 neo
569 1429 639 1483 enim
657 1436 796 1484 utcontra
819 1427 922 1484 tabulas
947 1433 1106 1486 testamenti

139 1515 241 1588 ingrati
267 1512 355 1568 liberti
383 1513 426 1569 uel
447 1511 479 1568 ab
500 1513 630 1568 intestato
657 1521 752 1570 contra
774 1510 857 1569 filium
880 1514 1039 1589 adoptiuum
1060 1515 1104 1571 uei

137 1613 252 1655 uxorem
267 1613 400 1654 nurumue
416 1597 550 1653 bonorum
566 1599 768 1670 possessionem
784 1600 868 1672 partis
886 1598 1012 1655 dimidiae
1028 1607 1104 1674 pete·

136 1691 210 1754 rent,
226 1691 337 1757 praetor
352 1683 476 1738 similiter
491 1685 496 1748 Ι
514 1689 545 1737 ut
559 1681 593 1736 de
608 1689 725 1754 patrono
740 1680 887 1755 liberisque
899 1685 956 1739 eiua
972 1677 1105 1740 curauit*

135 1764 188 1825 60.
212 1767 266 1824 Sed
286 1767 329 1822 lex
344 1766 424 1840 Papia
444 1764 551 1821 duobus
572 1765 663 1822 liberis
686 1766 834 1823 honoratae
854 1768 988 1840 Ingenuae
1009 1775 1103 1841 patro·

136 1868 203 1923 nae,
228 1845 232 1930 i
258 1849 399 1907 libertinae
415 1849 501 1906 trihus
517 1849 610 1906 eadem
626 1850 683 1906 iere
697 1852 755 1905 iura
771 1849 855 1919 dedit,
876 1867 950 1924 quae
966 1867 997 1906 ex
1012 1848 1171 1908 edieto139·

136 1937 271 2011 praetoris
290 1937 398 2010 patroni
414 1933 528 2003 habent3
545 1936 626 1990 trium
641 1949 708 1990 uero
724 1933 872 1990 liberorum
884 1936 943 1991 iare
954 1936 1104 1992 honoratae

136 2023 271 2094 ingenuae
300 2028 428 2092 patronae
456 2035 486 2074 ea
508 2021 567 2074 iura
589 2018 679 2090 dedit,
709 2035 782 2092 quae
807 2033 858 2092 per
880 2019 992 2076 eandem
1014 2019 1104 2093 legem

136 2113 255 2182 patrono
271 2103 331 2159 data
347 2112 427 2172 sunt;
449 2102 591 2159 libertinae
614 2111 704 2158 autem
726 2109 857 2176 patronae
879 2119 934 2160 noa
949 2104 1020 2159 idem
1038 2105 1104 2160 iuris

136 2190 282 2264 praestitit.
319 2185 363 2245 bl.
388 2186 466 2255 Quod
481 2195 569 2243 autent
586 2187 619 2242 ad
639 2185 825 2243 libertinarum
846 2186 916 2244 bona
931 2190 1062 2262 pertinet,
1082 2190 1104 2244 si

135 2277 352 2292 —n-n-——n—

136 2316 277 2373 reatitatr'o,
288 2329 363 2378 qaam
372 2313 429 2364 edd.
437 2325 457 2365 1.
466 2325 486 2364 a.
495 2314 705 2377 informareram,
720 2307 766 2360 V*t
774 2315 926 2376 confirmata
934 2319 978 2364 eat.
1030 2307 1050 2377 ¹)
1061 2313 1104 2362 Aa

133 2387 191 2450 filio
201 2386 314 2449 patroni
327 2399 383 2433 eam
393 2385 419 2432 in
429 2385 498 2434 bano
511 2400 597 2434 earam
610 2385 796 2434 assimilando?
820 2383 858 2448 Cf.
870 2383 900 2434 t.
910 2397 931 2436 a.
947 2386 971 2446 §-
982 2395 1014 2434 tt.
1036 2383 1061 2433 0.
1071 2384 1104 2433 de

136 2456 195 2507 boa.
207 2455 248 2506 lib.
259 2455 291 2519 (a,
300 2451 334 2521 4).
354 2453 427 2504 Hine
436 2471 497 2505 aero
508 2457 556 2504 alii
564 2463 590 2504 et
599 2457 626 2504 ia
640 2455 682 2504 bia
693 2456 810 2518 sortaaae
822 2457 879 2519 ipae
892 2455 973 2504 Gaiae
982 2455 1104 2504 videatur

136 2527 264 2591 effeoiaae,
278 2528 355 2576 etiam
370 2527 398 2574 ia
413 2531 521 2576 testatae
531 2525 639 2575 libertae
653 2533 775 2590 quattuor
789 2526 886 2576 liberor
898 2526 1017 2576 babentia
1030 2526 1104 2577 bonis

136 2599 238 2650 virilem
257 2599 282 2647 ei
300 2604 444 2660 competere
460 2612 496 2646 ea·
513 2599 641 2647 sententia
660 2599 725 2662 lepte
744 2597 858 2662 Papiae,
878 2613 944 2662 qaae
967 2598 999 2647 de
1017 2597 1104 2646 debita

131 2677 212 2734 parte
226 2671 345 2719 senserit.
425 2663 447 2733 ²)
465 2667 546 2717 Gaiae
566 2669 624 2732 ipra
639 2668 698 2730 fere
713 2670 777 2733 lepte
793 2669 893 2732 Papiae
907 2668 986 2718 aerba
999 2669 1103 2732 referre

132 2742 269 2805 pataadaa
278 2747 324 2800 eat,
334 2741 499 2806 aeplepeater
509 2739 547 2788 ita
557 2740 666 2796 locatae,
677 2746 706 2788 at
714 2745 812 2788 tantum
821 2741 863 2788 iae
872 2740 921 2790 boc
929 2755 990 2789 oasa
1000 2738 1104 2803 (ooatra

136 2811 239 2862 tabariae
253 2819 307 2863 teat.
318 2809 417 2878 liberta)
427 2811 514 2860 datam
524 2811 693 2875 eipat'fiearet.
716 2809 807 2874 Itaque
819 2811 958 2874 interpreti
972 2825 1045 2861 omae
1055 2812 1104 2868 ina,

136 2883 207 2946 qaod
224 2883 274 2932 bae
293 2898 355 2932 oaeu
375 2880 544 2946 competebat,
564 2881 762 2945 intellependam
775 2888 845 2939 erat,
860 2883 914 2931 aiae
928 2882 1013 2931 edicto
1023 2897 1104 2945 prae-

137 2955 204 3003 toria
223 2952 303 3018 (quod
320 2955 372 3002 iam
389 2955 587 3019 aipaa'tieaoerat
600 2953 624 3015 ἕ.
637 2950 676 3016 to)
690 2953 744 3002 aiae
762 2953 821 3015 ipra
840 2955 895 3018 lepe
916 2952 1003 3016 Papia
1017 2953 1104 3002 datam

137 3023 187 3090 (θὲ-
201 3034 235 3074 tt.
249 3021 300 3088 to):
319 3025 389 3088 qaod
406 3039 470 3074 aare
484 3039 581 3088 param
596 3022 770 3076 conveniebat.
799 3022 837 3087 Cf.
852 3025 874 3085 §.
888 3035 921 3076 52.
941 3023 1004 3074 Atta
1019 3025 1104 3073 omnia

132 3097 294 3158 placuerant
307 3095 430 3160 Krbpero
444 3096 467 3146 b.
478 3097 494 3147 t.
505 3095 614 3145 addenti
630 3091 773 3158 ‘patrono'.
831 3090 853 3159 8)
867 3094 979 3144 Reatitai
994 3090 1101 3144 ‘Gaiae'

132 3181 161 3228 p.
172 3175 206 3217 ta.
226 3173 345 3215 remotam
355 3167 387 3214 ab
398 3167 466 3215 omrai
475 3180 505 3216 ea
523 3167 576 3216 iure
587 3166 618 3214 iri
627 3166 667 3214 eei.
677 3165 726 3230 Bp.
747 3165 847 3215 dirmat
861 3161 915 3224 Vn,
925 3167 952 3215 ia
962 3181 1011 3230 quo
1019 3173 1103 3216 tamen

137 3243 242 3300 naneae
255 3237 408 3288 hereditario.
473 3234 494 3302 ⁴)
509 3236 554 3285 Eae
569 3232 650 3285 patin
660 3251 710 3300 qao
723 3243 805 3285 tamea
815 3235 1014 3300 carabat'potiae
1028 3253 1103 3301 qaam

137 3307 231 3356 curabit
244 3309 370 3370 seriptum
385 3322 440 3357 erae
459 3309 540 3357 airam
558 3314 608 3366 est,
630 3309 880 3372 utramquepara'ter
894 3307 1103 3370 eonferendum.

209 3409 234 3482 ἕ,
249 3415 291 3464 48.
314 3413 353 3477 Cf.
372 3415 412 3476 ἐξ.
432 3425 515 3467 Μ.
593 3409 753 3482 §§.49.50.
781 3413 818 3477 Cf.
839 3413 894 3476 iltp.
909 3424 943 3474 aa,
958 3421 979 3463 a.
993 3423 1013 3462 o.
1032 3423 1066 3473 aa,
1081 3425 1101 3461 1.

136 3483 168 3533 L.
184 3495 217 3537 aa.
236 3484 268 3534 D.
284 3485 316 3534 de
331 3485 387 3536 boa.
402 3483 445 3534 tib.
460 3486 510 3549 (aa,
524 3481 559 3551 a).
631 3479 655 3552 ἕ.
671 3486 714 3536 51.
736 3484 775 3548 Of.
795 3483 849 3548 Uip.
865 3495 899 3544 aa,
913 3494 934 3535 o.
954 3484 977 3545 ξ,
992 3494 1012 3532 a.
1033 3481 1054 3530 I.
1071 3482 1103 3531 ate

137 3552 184 3605 SC.
202 3553 304 3620 Orpbit.
320 3553 356 3621 (a,
369 3555 402 3622 t).
428 3567 609 3620 aapra1‚1oa.
633 3557 696 3604 aient
711 3569 783 3618 supra
798 3551 856 3622 din]
876 3554 911 3616 es.
926 3566 951 3616 a,
966 3565 999 3604 ta.
1019 3564 1039 3616 a,
1055 3563 1101 3604 161.

137 3637 157 3689 1,
172 3638 218 3678 noa.
237 3626 268 3678 L.
284 3638 316 3678 ιε.
335 3626 416 3676 θυαε
429 3628 484 3677 auia
498 3633 523 3676 et
536 3629 584 3692 lep.
600 3626 645 3694 (aa,
659 3625 704 3692 ιε).
