2680 4112
33 1264 54 1306 Ἃ
158 1261 260 1314 curata
277 1258 373 1322 editio,
393 1275 464 1336 quae
482 1275 573 1328 nuper
589 1259 695 1327 prodiit
737 1257 803 1312 erol.
816 1273 840 1312 a.
853 1257 929 1312 MDC

64 3315 71 3326 ·
179 3301 270 3368 icari,
295 3316 368 3368 quae
386 3315 404 3354 a
421 3299 587 3368 corrigenda
603 3300 706 3355 codicis
724 3299 776 3354 acri

591 267 677 306 cuivs.
1048 249 1111 314 169

155 387 451 510 anteritate
463 389 1111 512 tltllultit*totffiutffinqttdntttlt

155 523 266 577 tionem
284 521 397 576 contuli.
430 497 533 576 Poste’a
549 523 599 578 ubi
621 474 781 576 nolitiatum
804 524 859 587 eet,
882 525 1012 588 quartam
1030 523 1111 578 luriu-

155 590 329 670 prudentiae
344 589 580 666 auteiustinianae
599 591 752 644 editionem
765 590 927 655 desiderari,
939 591 1025 669 etiam
1036 591 1111 644 hunc

155 655 1111 801 tffltttffltttttettittttitlt”alterutrata

156 806 251 854 curae,
271 789 336 844 adin
357 791 411 844 itis.
442 789 561 844 Omnino
579 805 645 844 vero
662 790 748 844 hacce
762 791 791 844 in
803 792 934 844 notitiam
945 808 1037 846 meam
1048 808 1111 860 per·

159 858 312 912 venerunt:
330 860 355 912 J.
368 860 401 914 E.
416 859 545 912 Gaudenti
558 861 625 912 Krit.
639 861 765 912 Arutectr.
784 857 847 921 etc,
864 875 933 924 quai
945 858 1110 912 Germanice

156 923 246 978 vertit
263 927 290 981 S.
309 925 386 978 Sutro
403 924 454 976 eub
473 924 567 980 tituto:
586 927 754 980 Stridemuuda
775 927 959 993 Verplei'rliiirip
971 932 999 980 d.
1014 930 1110 980 Veron.

156 995 309 1046 Handuclir.
326 991 385 1044 aive
404 995 534 1044 Kritirelie
551 993 670 1046 Bemerlr.
687 1011 717 1044 zu
737 995 824 1046 Gaius.
844 989 932 1046 Utrai.
947 997 1020 1048 ieie.
1038 996 1072 1044 Β.
1085 996 1111 1044 J.

156 1063 291 1112 Polenecr
307 1069 440 1126 rpntepmn
458 1061 647 1111 Institutionum
666 1063 731 1128 Getis
745 1061 830 1111 Inetit.
850 1064 984 1112 secundum
1001 1061 1112 1112 Studem.

155 1145 250 1194 apopr.
272 1127 323 1181 etc.
342 1124 431 1192 Lugd.
447 1124 508 1178 Bat.
520 1123 764 1182 MDCCCLXXVI,
783 1124 905 1192 denique
919 1125 1005 1193 ipsius
1015 1124 1112 1180 Stude·

156 1191 266 1256 mundi,
285 1192 360 1244 socio
378 1192 526 1260 adsumpto
544 1191 631 1244 Paulo
644 1191 718 1244 Krue
740 1207 777 1256 er,
797 1191 903 1246 adhoc
921 1208 1026 1314 appprp
1045 1193 1112 1313 lpilrp

157 1341 302 1394 quamque
328 1325 475 1380 brevitatis
501 1341 585 1378 caiisa
609 1326 681 1396 sigla
706 1328 778 1378 Sinti.
802 1329 842 1379 erl.
865 1325 1030 1395 significavi.
1069 1299 1113 1382 Ad

159 1393 281 1446 eandem
303 1391 456 1446 editionem
480 1409 492 1444 e
514 1393 610 1446 ectant
635 1393 662 1446 ei
688 1391 742 1460 ipsi
766 1393 823 1446 iarn
848 1392 954 1448 ineerta
974 1393 1113 1448 Theodori

160 1459 317 1537 idommeen
337 1459 398 1538 tam
419 1409 564 1536 adnotatio
586 1476 670 1527 quam
688 1459 815 1537 ¹epistola
836 1459 933 1537 critica
954 1463 984 1516 et
999 1461 1114 1516 Henrici

160 1525 273 1594 Fitting
292 1525 406 1594 pubhca
427 1542 486 1580 erue
509 1527 713 1581 commendatio
735 1543 764 1580 iu
787 1526 935 1585 ten-unt.
956 1529 1024 1583 Zeit
1048 1533 1113 1584 isti

159 1610 189 1661 p.
210 1598 260 1647 687
276 1607 342 1660 seq„
360 1594 389 1645 in
408 1593 509 1660 quibus
527 1595 556 1646 et
572 1593 639 1662 ipsis
658 1594 693 1648 de
711 1593 900 1662 compluribus
914 1594 1027 1650 Gaianie
1045 1595 1113 1650 locis

158 1659 259 1714 critice
276 1659 444 1728 disputatur.
479 1660 582 1713 Eorum
599 1661 723 1714 virorum
746 1661 869 1714 omnium
893 1663 1068 1717 coniecturas
1086 1663 1115 1716 et

158 1728 322 1806 commenta
346 1727 476 1794 religiose
503 1727 655 1805 perpendi3
683 1728 746 1794 sed,
772 1743 807 1780 ne
834 1727 936 1804 librum
959 1745 1113 1807 onerarem,

156 1794 1114 1940 ututetilittiiituntiuattrectainu

157 1943 220 1982 eive
239 1927 297 1980 alia
314 1928 350 1982 de
367 1943 452 1982 cauea
468 1930 734 1982 commemoratione
752 1929 869 1998 dignum
881 1927 1009 1985 efferunt,
1039 1928 1115 1994 Quae

158 1993 249 2063 igitur
244 1995 379 2116 resumo
396 1995 548 2056 transmisi,
566 2010 623 2050 non
640 1995 772 2064 neglecta
789 1994 839 2049 ned
860 1995 1020 2062 improbata
1037 2011 1054 2048 a
1070 2012 1115 2050 me

157 2077 242 2116 ceuse
277 2101 283 2114 .
1037 2073 1040 2080 ·

214 2163 275 2244 ,Λᾶ
291 2177 337 2219 me
350 2163 442 2242 ipsum
455 2163 531 2240 quod
543 2163 657 2230 attinet,
676 2165 763 2217 hanc
804 2164 939 2242 uartam
952 2163 1002 2218 ced
1014 2180 1044 2218 re
1056 2165 1118 2234 ipsa

156 2232 258 2312 potius
274 2245 378 2308 nerem
396 2231 548 2310 editionem
565 2247 659 2309 presee
679 2231 714 2284 ad
727 2181 912 2308 studemundi
924 2231 1118 2308 apographum

156 2297 1118 2444 initiati*teitutitterietuti³trituretur

159 2432 345 2485 adnotatione
362 2431 529 2511 plerumque
547 2431 714 2500 simpliciter
731 2433 900 2498 omitterem,
918 2447 971 2485 nec
989 2431 1023 2486 de
1036 2449 1117 2486 novis

159 2497 1052 2643 intuituiuttaueieuitttuiuite
1070 2501 1117 2620 it

161 2634 232 2710 terre
248 2631 363 2702 pallidis
375 2631 404 2684 id
416 2632 459 2684 est
470 2632 587 2712 obeepre
604 2634 716 2710 tentum
728 2634 896 2751 apparentes
913 2649 943 2708 iri
956 2631 985 2686 G.
999 2633 1117 2712 redden-

159 2701 239 2778 tilius
251 2699 468 2776 enpreeeaeunt,
478 2700 670 2776 ubiintereeee
677 2697 744 2776 ride
766 2701 837 2766 atur,
846 2704 958 2776 punctis
967 2703 1117 2780 suppositis

158 2764 1119 2952 tetigeritereaturarumittunturiiiiii

157 2916 236 2977 rece·
248 2915 296 2978 ere
317 2913 370 2952 nec
392 2900 469 2952 volui
486 2913 554 2964 nec,
572 2915 685 2979 opinor,
703 2899 796 2976 delini.
816 2899 944 2976 ultaque,
968 2901 1001 2952 ut
1023 2901 1119 2977 aliqua

157 2966 324 3044 specialiter
337 2981 452 3044 ponam,
470 2981 506 3020 ue
523 2981 598 3042 nunc
610 2965 724 3044 quidem
735 2967 766 3021 id
778 2982 832 3036 egi,
844 2967 919 3043 qued
932 2965 1119 3020 Studemundi

158 3035 390 3112 editiloumaxinie
409 3034 556 3152 spectavit,
576 3035 609 3086 ut
626 3033 1117 3112 omuiatapograplii·ceterorumque

156 3101 360 3166 subsidiorum,
379 3116 427 3168 qui
448 3115 480 3152 ue
497 3099 596 3154 haruin
609 3100 819 3154 Ineututionunr
832 3100 969 3154 editiones
980 3103 1117 3164 nituntur,

157 3169 220 3222 eive
239 3167 344 3222 merida
361 3167 420 3220 eive
437 3166 579 3220 varientee
596 3167 731 3220 lectiones
748 3168 885 3220 notarem.
915 3167 975 3220 Hae
987 3169 1068 3236 porte
1087 3167 1119 3220 iit

157 3235 315 3354 plurimum
334 3234 406 3287 sicut
425 3234 509 3286 antea
525 3235 636 3287 tantum
653 3233 756 3287 litteris
773 3233 1118 3354 ὶηῂοὲὶιέειὲἰὲθῑὲιπξιεέῒὺυέἒο

157 3369 246 3422 niodo
269 3383 330 3433 eci,
353 3367 403 3436 qni
425 3367 461 3420 dc
483 3367 603 3421 lectione
625 3366 721 3435 aliqua
743 3317 887 3431 dulitent,
909 3369 977 3420 eatis
999 3341 1119 3418 mo’nitoe

160 3435 326 3500 arbitratur,
345 3437 379 3488 ut
394 3435 486 3555 iprum
505 3435 698 3504 apographum
710 3434 757 3488 rel
769 3437 877 3488 ceteros
888 3434 979 3486 fontes
990 3432 1119 3486 omnibus

158 3505 297 3572 patenter
310 3501 401 3556 idean
417 3543 422 3554 .
452 3500 560 3555 Vocum
572 3517 640 3555 vero
653 3501 698 3555 vel
710 3501 877 3563 litterarum,
896 3499 1010 3568 quaein
1023 3497 1118 3575 codice

160 3586 314 3639 perperam
334 3569 476 3622 abundare
495 3568 541 3622 vel
559 3569 646 3637 (quod
663 3567 921 3636 frequentissimum
934 3565 1119 3620 estviticrum
