2678 4116
238 231 302 295 220
532 247 712 284 us11mss1r.
732 227 753 282 Ι.
773 233 915 285 tet-198.

239 399 347 447 rantur:
369 391 508 462 puberem
529 395 624 446 autem
646 387 771 446 Sabinus
791 387 909 464 quidem,
936 388 1043 446 Cassius
1067 395 1205 468 ceterique

240 475 327 530 nostri
349 483 541 548 praeceptores
564 489 625 530 eum
649 489 707 529 esse
730 467 868 546 ’putant,¹
898 476 943 548 qui
967 473 1060 532 habitu
1083 479 1204 551 corporis

240 559 413 632 pubertatem
430 559 560 630 ostendit,
575 559 603 615 id
618 569 661 614 est
676 573 748 630 eum,
772 561 818 632 qui
834 573 966 632 generare
982 569 1091 633 potest3
1114 561 1161 618 sed
1177 564 1205 617 in

240 645 290 714 bis,
315 645 361 718 qui
382 644 531 716 pubescere
549 657 604 699 non
625 651 750 716 possunt,
775 641 867 716 quales
890 651 955 699 sunt
977 645 1123 718 spadones,
1146 662 1204 702 eam

240 737 355 784 aetatem
371 743 431 784 esse
447 727 631 802 spectandam,
647 729 723 784 ouius
739 729 834 782 aetatis
855 725 972 801 puberes
988 724 1072 799 bunt3
1095 729 1143 786 sed
1166 729 1205 786 di·

240 829 334 869 uersae
348 812 458 869 sciolas
471 820 596 868 auctores
614 813 690 868 annis
709 819 804 884 putant
819 811 990 885 pubertatem
1005 815 1205 886 aestimandam,

183 881 229 982 ἒξ
240 897 266 952 id
281 905 334 968 est,
356 911 417 952 eum
436 895 565 970 puberem
581 912 642 953 esse
658 897 820 966 existimant,
844 899 894 968 qui
916 889 920 974 i
944 904 1020 947 XIIII
1040 913 1133 956 annos
1150 914 1206 955 ex·

194 972 198 982 ’
226 971 390 1052 'pleuit.²*
403 1007 781 1020 *******
799 1011 1205 1022 ——-——--

183 1049 229 1151 ᾖξ’
240 1081 280 1122 vv.
297 1058 413 1122 2-24,
835 1059 898 1122 lbi.
924 1058 936 1100 ³
954 1109 959 1120 .
978 1108 985 1123 .
1003 1107 1011 1124 .
1029 1111 1035 1124 .
1061 1059 1066 1145 i
1091 1077 1206 1124 aetatem

194 1139 200 1153 ’
226 1141 410 1223 peruenerit,
433 1153 461 1207 in
484 1167 601 1225 quares
624 1165 687 1206 snas
711 1151 782 1204 tueri
804 1151 907 1222 possit,
930 1152 1009 1206 sicuti
1031 1155 1106 1224 apud
1129 1161 1276 1226 pere-[14⁷]

240 1236 331 1310 grinas
352 1243 449 1309 gentes
470 1235 616 1304 custodiri,
639 1235 765 1308 superius
785 1234 970 1297 iudicauimus.
1014 1229 1079 1292 19⁸.
1102 1237 1139 1291 Ex
1160 1239 1206 1291 iis·

240 1319 301 1374 dem
316 1321 404 1376 causis
421 1329 448 1376 et
464 1322 489 1374 in
507 1319 655 1393 prouinciis
671 1335 683 1374 a
700 1317 870 1392 praesidibus
887 1333 978 1376 earum
994 1327 1133 1376 curatores
1149 1319 1206 1376 dari

241 1403 347 1460 'uoirrit
359 1397 371 1436 ⁴

315 1543 335 1613 ¹)
350 1545 492 1596 Librarius
510 1549 620 1596 alteram
637 1545 765 1611 syllabam
778 1561 871 1596 errore
890 1545 929 1595 bis
942 1548 1082 1610 scripsisse
1095 1547 1206 1596 uidetur.

241 1612 262 1682 ²)
276 1616 309 1666 In
319 1633 348 1680 p.
363 1629 397 1669 se.
429 1617 510 1667 Gaius
520 1620 633 1681 primurn
647 1618 679 1667 de
689 1617 827 1681 pubertate
838 1616 943 1666 Neratii
956 1617 1047 1668 Prisci
1055 1620 1208 1668 sentenliaru

214 1721 217 1727 -
241 1685 311 1754 (Uip.
326 1701 360 1746 11.
374 1686 411 1755 28)
426 1689 568 1748 addidisse,
584 1683 678 1738 deinde
692 1689 728 1738 ud
741 1704 786 1738 eas
796 1703 934 1752 personas,
949 1704 1015 1752 quae
1029 1691 1056 1738 in
1071 1691 1207 1740 curatione

239 1767 300 1808 sunt
309 1759 354 1825 (cf.
366 1772 387 1821 t,
401 1769 448 1810 142.
460 1757 519 1826 143),
534 1760 671 1810 transiisse
686 1757 796 1818 uidetur,
812 1757 844 1808 de
858 1757 951 1824 quibus
966 1759 1031 1809 baec
1045 1760 1122 1810 babet
1135 1760 1205 1824 Epit.

240 1844 260 1892 1,
271 1842 306 1881 e:
322 1827 456 1880 ‘Peractis
465 1829 644 1895 pupillaribus
658 1833 742 1889 annis,
757 1829 850 1894 quibus
866 1837 965 1880 tutores
979 1830 1157 1892 absoluantur,
1172 1831 1209 1880 ad

241 1909 378 1952 curatores
395 1903 465 1952 ratio
483 1903 610 1952 minorum
634 1903 728 1966 incipit
746 1903 888 1964 pertinere.
934 1899 988 1950 Sub
1007 1909 1129 1952 curatore
1147 1910 1208 1951 sunt

240 1975 353 2024 minores
366 1981 459 2032 aetate,
473 1975 585 2024 maiores
597 1985 742 2034 euersares,
756 1973 853 2022 insani.
887 1971 935 2031 Hi,
954 1974 999 2036 qui
1013 1975 1125 2023 minares
1138 1980 1207 2031 sunt,

241 2060 320 2110 nsque
334 2046 370 2094 ad
383 2047 478 2110 ulpiati
492 2052 517 2094 et
530 2047 641 2109 quinque
655 2059 738 2094 annos
747 2045 864 2106 impletos
874 2043 921 2092 snb
931 2049 1053 2094 curatore
1061 2051 1130 2094 suut.
1158 2041 1208 2104 Qui
1296 2049 1306 2067 *

241 2131 304 2166 nero
319 2131 454 2166 euersores
467 2123 513 2164 aut
526 2117 615 2166 insani
628 2123 696 2175 sunt,
711 2115 780 2166 omni
793 2115 989 2182 temporeuitae
998 2129 1061 2164 suae
1070 2115 1118 2164 sub
1128 2130 1207 2165 cura-

240 2194 296 2238 tore
310 2202 365 2236 esse
379 2186 508 2245 iubentur,
524 2189 569 2250 qui
582 2185 751 2236 substantium
765 2201 839 2234 suam
852 2185 1046 2236 rationabiliter
1057 2185 1207 2252 gubernare

240 2274 291 2309 nan
302 2254 431 2321 pessunt.’
490 2253 510 2322 ³)
528 2256 610 2306 Gaius
619 2259 733 2320 primum
748 2263 776 2306 ut
789 2255 845 2320 Uip.
855 2267 890 2318 ts,
901 2267 970 2306 1-4.
985 2257 1017 2306 de
1032 2257 1207 2314 curatoribus,

240 2330 285 2392 qui
303 2344 337 2377 eac
356 2331 412 2393 lepe
428 2330 478 2372 XI!
494 2327 600 2377 tubuel
618 2326 650 2376 ab
669 2329 726 2390 ipso
741 2334 867 2390 praetore
884 2329 924 2376 uel
942 2339 977 2377 es
996 2329 1051 2393 lepe
1071 2327 1207 2378 Plaetoria

239 2400 345 2456 dantur,
360 2399 507 2462 disputasse
525 2405 550 2446 et
567 2398 661 2446 deinde
674 2412 722 2447 suo
736 2413 807 2448 usare
825 2397 959 2448 addidisse
973 2399 1085 2457 uidetur,
1102 2399 1166 2464 quid
1178 2399 1206 2448 in

240 2470 287 2518 boc
309 2471 366 2518 iure
389 2469 507 2517 naturali
529 2469 632 2518 ratione
655 2470 819 2518 coustitutum
842 2470 922 2532 (uelut
941 2469 1060 2533 furiosos
1084 2477 1208 2520 curatore

239 2537 317 2604 rapi),
337 2539 401 2603 quid
414 2541 483 2588 iuris
497 2540 634 2588 civilissit.
660 2539 758 2588 Civium
769 2539 841 2590 Ram.
852 2541 991 2604 proprium
1001 2555 1065 2599 esse,
1080 2542 1150 2605 quod
1162 2543 1209 2590 lex

241 2611 377 2660 Plaetoria
392 2617 529 2660 curatores
542 2625 577 2659 ece
595 2611 671 2660 iustis
685 2613 774 2660 causis
785 2611 928 2660 minoribus
942 2613 1010 2656 HV
1022 2627 1082 2660 ann.
1098 2627 1114 2661 a
1124 2627 1207 2675 prae-

240 2689 296 2732 tore
310 2681 410 2730 urbano
425 2681 488 2730 dari
501 2683 585 2740 iussit,
604 2697 661 2730 cum
679 2683 796 2746 alioquin
815 2683 935 2731 naturali
947 2683 1047 2732 rationi
1061 2685 1206 2741 conueniat,

241 2759 269 2801 ut
282 2754 306 2802 is
319 2759 417 2802 tautum
435 2754 547 2802 aliorum
565 2752 677 2802 arbitrio
696 2759 818 2818 cupatur,
837 2754 883 2816 qui
899 2753 1010 2803 nondum
1024 2753 1060 2802 ad
1073 2767 1124 2802 eam
1138 2759 1207 2801 sets-

240 2832 288 2872 tem
302 2820 452 2886 peruenerit'
469 2830 516 2873 sto.
545 2823 584 2872 De
598 2823 765 2874 curatoribus
783 2823 882 2872 adultis
899 2830 1048 2874 testamento
1067 2823 1136 2873 datis
1150 2829 1175 2873 et
1189 2840 1207 2873 a

236 2901 362 2957 praetore
376 2895 535 2958 confirmatis
552 2894 643 2944 Gaium
653 2897 744 2960 spisse,
759 2901 788 2944 ut
801 2896 855 2944 uult
867 2895 907 2943 ed.
917 2893 1000 2953 seua,
1015 2893 1140 2944 credibile
1154 2910 1206 2946 nou

240 2971 285 3014 est.
310 2965 348 3028 Of.
360 2966 384 3026 ξ.
395 2976 442 3016 teo.
466 2965 501 3015 Et
514 2965 546 3015 de
556 2979 608 3016 uon
619 2967 677 3014 iure
687 2967 757 3014 datis
765 2963 813 3014 sed
822 2967 981 3028 confirmatis
993 2965 1082 3024 Gaius,
1100 2967 1124 3015 si
1137 2968 1207 3016 uole-

240 3035 295 3096 bat,
310 3038 400 3100 polius
419 3039 446 3084 in
465 3037 594 3086 tutoribus
611 3052 690 3102 apere
709 3035 846 3087 debuisset.
910 3033 932 3102 ⁴)
952 3036 1035 3086 uolunt
1058 3036 1086 3085 V
1086 3033 1119 3096 st,
1138 3037 1210 3102 quad

241 3108 311 3156 nullo
333 3108 408 3157 modo
427 3108 530 3156 uidetur
544 3109 617 3171 ferri
635 3122 721 3171 posse.
759 3107 836 3156 solent
858 3107 965 3159 Lacbm.
989 3109 1036 3170 ei,
1058 3115 1086 3156 ut
1103 3107 1208 3158 eaedem

240 3192 335 3227 causae
348 3185 467 3242 spectant
476 3179 512 3228 ad
520 3179 648 3242 furiosos,
659 3179 795 3243 prodigos,
810 3179 1077 3238 niinoresXXVauu.,
1090 3179 1207 3242 sortasse

240 3256 318 3298 recte.
351 3247 381 3298 Ut
400 3263 447 3299 nas
465 3251 548 3298 locum
565 3251 749 3308 intelleximus,
767 3249 841 3298 votuit
851 3251 967 3313 pertinet
984 3249 1021 3298 ad
1034 3251 1114 3314 lepem
1129 3250 1207 3298 Plae-

240 3323 343 3378 torium,
358 3336 433 3384 quam
443 3335 472 3370 eo
482 3327 594 3384 tempore
609 3322 687 3370 latam
697 3335 760 3378 esse,
775 3336 824 3384 qua
835 3321 885 3369 iarn
891 3321 1046 3383 prouinciae
1061 3323 1088 3370 in
1103 3321 1208 3370 dicione

242 3389 358 3440 Romana
376 3398 464 3454 eraut,
483 3392 559 3441 eliam
577 3393 646 3441 alias
664 3389 802 3454 probabile
825 3399 870 3440 est.
909 3389 963 3440 Nec
986 3391 1141 3456 refrepalur
1163 3391 1209 3440 bic

239 3602 285 3651 dt
309 3527 413 3668 (§.19)7.
435 3533 473 3596 Cf.
489 3535 511 3594 ξ.
523 3545 570 3585 189.
625 3529 650 3602 ξ.
668 3535 727 3585 198.
744 3531 783 3595 Cf.
796 3531 828 3581 L.
839 3544 859 3583 8.
880 3533 903 3594 §-
914 3543 934 3583 s.
954 3532 987 3580 D.
1002 3532 1035 3581 de
1049 3539 1095 3581 tut.
1111 3540 1135 3582 et
1149 3547 1207 3582 cur.

257 3619 292 3650 a.
319 3614 401 3666 sc,5.
