2680 4112
557 285 583 320 lt.
603 283 731 319 venumvs
749 282 856 320 Puouvs.

369 409 419 465 CN.
557 409 663 464 Gnaeus

368 492 399 560 Q.
556 489 671 559 Quintiis

368 575 425 632 lla,
557 569 688 632 'Manius¹

368 659 408 715 ll.
556 658 679 715 Tiberius

366 741 416 798 ot.
555 740 683 798 Claudius

368 826 410 882 ’Τ.
556 819 652 881 Titus²

367 910 415 968 SP.
556 908 670 982 Spurius

367 994 438 1051 SEX.
556 992 654 1049 Sextus

366 1078 435 1137 SER.
557 1076 665 1132 Servius

261 1173 265 1182 '
367 1161 429 1218 ὈΡ.
555 1153 666 1234 Opiter⁸

367 1245 473 1302 stu.
556 1243 588 1300 ab
604 1243 670 1300 urbe
686 1243 794 1302 condita

367 1329 395 1384 P.
404 1328 471 1385 ltu.
555 1335 618 1401 post
632 1344 713 1402 reges
728 1334 835 1384 exactos

366 1412 430 1472 ΡΑ),
555 1420 647 1484 patres
663 1411 811 1486 conscripti

367 1495 510 1563 S.P.Q.ll.
555 1503 665 1550 senatus
680 1495 854 1569 populusque
869 1494 1003 1552 Romanus

369 1578 458 1646 uult.
556 1594 640 1650 eques
655 1579 791 1635 Romanus

282 1727 288 1739 ·
367 1662 436 1723 vu.
556 1661 619 1717 urlrs
635 1661 717 1718 Roma

367 1745 395 1803 C.
404 1745 435 1806 R.
555 1746 622 1802 ciuis
636 1745 772 1802 Romanus

367 1829 439 1886 col.
555 1828 676 1885 coloniae
692 1830 736 1887 uel
751 1829 864 1886 colonus

369 1915 447 1972 llVll.
555 1913 696 1986 municipia
711 1913 755 1970 uel
770 1915 907 1987 municeps

367 1998 397 2057 N.
406 1997 436 2054 L.
555 1999 672 2053 nominis
687 1996 773 2053 Latini

265 2113 267 2120 ·
366 2081 429 2143 L.C.
556 2081 641 2136 Latini
657 2081 795 2136 coloniarii

369 2166 396 2222 S.
404 2166 434 2222 N.
445 2165 474 2220 t.
555 2165 621 2220 socii
636 2166 750 2220 nominis
765 2163 851 2220 Latlui

227 2276 254 2324 et
269 2267 374 2322 similia.
398 2264 550 2320 Secundum
566 2264 641 2320 'haec
656 2257 755 2319 etiam⁴
769 2265 902 2320 curiarum
924 2266 1041 2336 nomina,
1057 2265 1188 2336 tribuum,

227 2351 406 2418 comitiorum,
429 2347 650 2412 sacerdotiorum,
672 2356 850 2420 potestatum,
872 2349 1089 2422 magistratuum,
1108 2345 1188 2424 ¹prae·

227 2432 402 2501 fecturarum
418 2446 565 2495 sacrorum,
582 2429 718 2502 ludorum,
733 2447 823 2486 rerum
844 2431 1013 2502 urbanarum,
1030 2448 1121 2488 rerum
1136 2434 1187 2489 mi·

227 2515 355 2586 lilerium,
379 2511 567 2586 collegiorum,
593 2511 769 2584 decuriarum,
799 2509 970 2586 ’fastorum‚⁵
992 2517 1188 2588 ’nummorum

226 2590 406 2672 ponderum‚⁶
433 2587 636 2652 mensurarum⁷
662 2605 689 2654 ct
709 2597 835 2654 similium
857 2607 1010 2656 ceterorum
1030 2602 1188 2656 notationes

227 2683 352 2755 proprias
367 2679 476 2737 halent.
498 2673 590 2737 *μθ

230 2811 428 2820 ..—-——-——

300 2883 319 2950 ¹)
335 2886 457 2938 Masurius
471 2888 510 2936 vel
518 2887 639 2938 liacuuius
651 2886 712 2936 odd.
723 2885 849 2950 Suspicor
859 2887 945 2938 Martii
954 2896 979 2938 et
989 2889 1102 2938 Pacuvii
1111 2895 1189 2940 notas

226 2958 253 3006 in
269 2971 344 3006 unam
359 2957 484 3020 conflatos
498 2971 560 3006 esse.
591 2953 675 3022 ²)A.;
689 2958 807 3006 omittunt
823 2959 903 3006 ceteri
915 2958 976 3007 (lid.
995 2966 1021 3008 et
1034 2959 1073 3008 ed.
1103 2955 1125 3023 ⁸)
1138 2958 1170 3008 E.
1177 2975 1189 3015 ‚·

226 3028 343 3076 omittunt
357 3028 405 3076 olii
417 3027 478 3076 Cdd.
508 3024 530 3091 ⁴)
545 3027 614 3076 etiam
629 3027 668 3076 hic
684 3026 709 3076 Ο.
725 3027 796 3076 etism
811 3042 858 3076 om.
873 3024 954 3078 ceteri
972 3028 1033 3078 odd.
1044 3029 1084 3080 De
1097 3031 1188 3080 curia·

226 3112 282 3145 rum
292 3095 436 3146 nominibus
446 3099 542 3148 notatis
551 3097 586 3159 cs.
601 3095 672 3146 Ouid.
686 3096 713 3146 F.
724 3108 745 3158 2,
754 3106 801 3148 528.
832 3094 852 3160 ⁵)
863 3097 982 3163 Intelliye
994 3099 1095 3150 dierum
1102 3100 1188 3162 fasto-

226 3183 295 3224 rum,
315 3167 474 3230 nefastorum
488 3173 512 3216 et
525 3168 653 3215 similium.
673 3181 786 3228 pagorum
807 3166 896 3216 Morus.
913 3171 945 3230 ci.
998 3165 1019 3232 8)
1034 3183 1188 3220 numerorum

229 3237 290 3286 odd.
306 3244 331 3286 et
344 3238 393 3299 ecl,
413 3237 482 3300 quod
495 3239 622 3286 coaluisse
642 3237 786 3286 videtureoe
800 3251 892 3288 numer.
903 3253 926 3300 p.
942 3252 1021 3300 erum;
1036 3254 1187 3290 nummorum

226 3307 316 3358 Mome.
332 3309 364 3370 ej.
396 3304 417 3372 ⁷)
432 3307 569 3356 Deseritis
584 3308 642 3356 iuris
659 3307 746 3364 ciuilis,
761 3321 826 3371 quoe
839 3307 882 3356 laio
901 3307 963 3357 odd.
974 3310 1119 3372 intrudunt,
1134 3311 1186 3360 oid.

225 3379 338 3440 praefat.
377 3373 398 3443 ⁸)
413 3377 466 3428 Hie
480 3394 536 3428 eum
547 3379 573 3426 in
589 3378 654 3428 duos
665 3383 756 3440 portes
770 3391 834 3439 opus
846 3378 1011 3428 scinderetur
1025 3396 1042 3428 o
1059 3380 1188 3437 librariis,

226 3463 276 3498 non
291 3449 379 3498 dubito
395 3449 519 3512 quaedam
532 3449 670 3506 eccidisse,
681 3447 772 3510 quibus
783 3446 884 3496 Probus
893 3448 929 3498 od
938 3455 1013 3500 notae
1022 3451 1091 3500 iuris
1101 3457 1189 3500 traus-

226 3519 289 3567 itum
299 3519 409 3581 fecerat.
