2692 4114
256 167 319 234 502
542 181 608 218 trun
626 182 721 218 rovum
739 183 810 218 sator.
829 164 875 218 Ill.
896 172 919 220 6.

252 312 286 368 ad
302 310 530 368 usufructuarium
546 313 693 384 pertinent,
715 310 764 382 ’(r'd
778 305 850 383 est)¹
872 312 949 368 safuo
965 329 1013 382 eo,
1029 320 1059 368 ut
1074 313 1204 386 quicquid

253 397 330 469 gregi
345 394 501 468 deperierit,
515 411 547 451 ex
562 394 661 451 fetibus
676 394 828 468 impleatur.
872 391 918 452 21.
941 390 1044 452 ²Areae
1059 395 1204 452 usufructu

252 480 359 552 iegato,
375 476 493 535 aedificia
507 480 534 534 iu
550 495 581 535 ea
596 481 724 535 constitui
740 495 794 534 non
813 489 938 552 possunt.
981 474 1030 536 22.
1054 472 1203 537 ³Accessfo

252 563 418 620 alluuionum
433 562 465 618 ati
480 563 655 619 fructuarium
671 557 780 635 ’[ιιιιιΙί,4
796 563 857 636 quia
872 563 978 620 fructus
990 562 1064 620 fundi
1080 579 1135 619 nou
1150 571 1203 639 est,

252 663 308 704 uon
320 648 452 719 pertinet:
468 647 618 703 uenationis
630 662 694 702 uero
706 655 733 701 et
748 649 854 720 aucupii
866 647 968 702 reditus
981 646 1013 702 ati
1024 647 1202 704 fructuarium
1226 715 1232 727 ι

252 731 380 804 pertinet.
418 726 467 788 23.
491 725 610 786 ⁵Seruos
627 746 676 786 nec
692 739 829 803 torquere,
845 747 933 803 neque
949 730 1062 804 flagellis
1079 730 1201 802 caedere,

252 830 340 888 neque
366 817 394 871 in
421 830 481 870 eum
509 830 599 870 casum
627 813 696 870 facto
725 831 776 869 suo
805 813 952 886 perducere
985 814 1203 870 usufructuarius

251 907 350 972 potest.
366 914 420 972 quo
436 898 585 954 deteriores
602 895 674 953 fiant.
710 893 758 954 24.
777 889 896 954 ⁶Fructu
911 897 1012 971 legato,
1028 900 1051 952 si
1066 913 1132 954 usus
1147 914 1204 955 uon

253 981 435 1052 adscribatur,
452 983 533 1054 magis
555 981 654 1055 placuit
673 975 902 1038 ’usumfructum⁷
919 981 1004 1037 uirieri
1025 981 1201 1055 adscriptum.

251 1065 355 1122 fructus
372 1067 441 1122 enim
457 1067 514 1121 sine
531 1081 582 1120 usu
597 1080 656 1120 esse
671 1081 725 1122 nou
746 1072 846 1138 potest.
890 1061 936 1121 25.
960 1058 1007 1120 8Si
1030 1065 1107 1120 alteri
1124 1082 1203 1136 usus,

251 1150 328 1206 elteri
344 1149 448 1206 fructus
464 1149 568 1222 legatus
584 1150 629 1219 sit,
644 1147 808 1205 fructuarius
825 1150 852 1204 in
868 1165 945 1204 usum
961 1150 1111 1220 concurrit,
1128 1149 1202 1222 quod
1326 1195 1329 1212 ,

251 1235 278 1288 in
293 1233 385 1288 fructu
400 1234 523 1288 usuarius
538 1231 626 1289 facere
642 1248 696 1288 nou
712 1241 812 1306 potest.
854 1227 903 1288 26.
927 1227 1118 1289 ⁹Couiunctim
1134 1233 1202 1288 duo·
1298 1289 1300 1294 ,

252 1315 303 1372 irus
319 1316 500 1376 ’ususfructus
511 1331 554 1372 no
565 1331 648 1372 nuoo
661 1315 767 1389 legatus
777 1308 801 1349 ¹⁰
817 1315 902 1372 altero
914 1323 1022 1372 mortuo
1038 1316 1070 1372 ati
1086 1315 1202 1372 aiterum

251 1401 278 1455 in
293 1399 409 1455 solidum
424 1398 577 1472 pertinebit.
607 1394 655 1457 27.
672 1393 846 1456 ¹¹Usufructu
857 1399 1001 1473 rogareris
1013 1399 1093 1455 modo
1107 1400 1201 1456 utendi

251 1484 341 1538 cautio
357 1499 371 1537 a
387 1481 535 1538 fructuario
550 1482 621 1538 solet
636 1485 787 1557 interponi,
803 1491 830 1539 et
845 1483 905 1538 ideo
921 1481 1031 1556 perinde
1047 1483 1166 1539 ’omniuo
1176 1477 1202 1518 ¹²

251 1581 280 1622 se
297 1582 419 1631 usurum,
435 1581 466 1622 ac
480 1567 502 1621 si
518 1566 634 1639 optimus
649 1567 838 1640 paterfamilias
850 1575 982 1638 uteretur,
995 1565 1200 1623 fideiussoribus

251 1649 347 1706 oblatis
362 1665 458 1706 cauere
473 1657 597 1722 cogetur.

385 1728 428 1812 [L.
445 1733 484 1790 59
498 1750 546 1805 pr.
563 1734 611 1806 SS.
630 1734 656 1790 1.
674 1733 701 1790 2.
724 1735 760 1791 1).
776 1735 810 1790 de
826 1734 923 1806 usosr.
939 1729 985 1810 (i,
1003 1727 1056 1810 1).]

313 1813 361 1875 28.
402 1811 608 1874 ¹³Ususfruotus
639 1819 757 1888 amissus,
786 1818 818 1873 ari
851 1819 1041 1890 proprietatem
1073 1817 1198 1873 recurrit.

251 1903 383 1960 amittitur
404 1910 494 1958 autem
510 1903 628 1974 quinque
651 1901 751 1957 modis:
774 1903 868 1974 capitis
884 1902 1042 1970 minutione,
1058 1902 1096 1956 rei
1112 1909 1199 1956 muta·

251 1988 335 2059 tione,
359 2001 415 2044 nou
437 1985 550 2057 utendo,
573 1987 600 2041 in
622 1987 680 2041 iure
702 1987 834 2056 cessione,
858 1984 965 2047 dominii
987 1985 1198 2057 comparatione.
1211 2002 1273 2051 [too]

249 2065 299 2128 29.
323 2071 422 2144 Capitis
437 2070 586 2126 minutione
601 2071 743 2140 amittitur,
766 2071 789 2125 si
803 2071 830 2124 iu
845 2067 957 2123 insulam
973 2065 1138 2123 fructuarius
1154 2067 1201 2124 de·

250 2162 391 2228 portetur,
407 2153 451 2210 uel
467 2155 489 2210 si
505 2169 537 2210 ex
552 2169 632 2209 causa
647 2153 747 2209 metalli
762 2169 859 2209 seruus
874 2167 976 2226 poenae
991 2148 1138 2227 efficiatur,
1153 2159 1201 2209 aut

249 2240 274 2294 si
287 2246 389 2294 statum
404 2253 436 2294 ex
451 2238 623 2308 arrogatione
638 2237 682 2293 uei
704 2237 848 2309 adoptione
870 2235 1023 2291 mutauerit.
1067 2231 1118 2291 30.
1142 2234 1201 2291 Non

250 2319 350 2376 utendo
375 2321 507 2376 amittitur
534 2319 720 2389 ususfructus,
749 2321 772 2375 si
800 2320 971 2393 possessione
993 2317 1069 2374 fundi
1090 2317 1199 2374 hiennio

250 2404 414 2460 fructuarius
429 2419 484 2458 uon
499 2411 605 2473 utatur,
629 2403 673 2458 uel
688 2405 727 2459 rei
743 2403 848 2460 mobilis
863 2419 941 2460 auno.
976 2397 1021 2459 31.
1046 2394 1126 2458 “liet
1141 2418 1198 2457 mu·

251 2485 351 2568 tatione
373 2486 505 2542 amittitur
520 2485 701 2556 ususfructus,
723 2488 745 2542 si
761 2487 857 2544 domus
872 2483 1058 2562 'fosofroctrn
1075 2484 1163 2560 legato
1173 2479 1198 2519 ¹³

250 2569 373 2626 incendio
390 2567 598 2642 confiagrauerit
619 2578 665 2626 aut
687 2571 762 2626 ruina
784 2572 911 2644 perierit,
934 2569 997 2626 lieet
1011 2577 1104 2643 postea
1119 2570 1198 2625 resti·

322 2804 342 2872 ¹)
356 2806 492 2872 supprimis
501 2808 668 2871 redfortorse
678 2810 758 2872 pirro
771 2809 900 2874 Visipothi
908 2813 1079 2858 resecuerant.
1124 2801 1145 2870 ¹)
1158 2805 1199 2868 Of.

249 2879 310 2929 Li.
325 2879 377 2940 §.t
393 2878 425 2927 D.
435 2879 467 2928 de
477 2879 560 2941 usufr.
573 2877 605 2944 (i,
616 2877 646 2944 1).
694 2875 715 2943 8)
731 2879 769 2942 Cf.
784 2879 816 2927 L.
826 2890 846 2930 9.
861 2879 900 2940 ἐξ.
911 2890 931 2929 t.
942 2888 962 2930 ⁵.
978 2879 1009 2926 Ι).
1020 2877 1075 2928 eod.
1121 2872 1200 2942 ⁴)Eae

249 2947 347 2999 Scholt.
362 2950 395 3012 ej.
410 2949 506 2998 fundum
518 2949 579 2998 cdd.
589 2950 647 2998 edd.
694 2946 716 3014 ὁ)
729 2949 766 3012 Of.
778 2949 809 2997 L.
820 2959 853 2999 tt.
868 2951 891 3010 ὅ.
901 2960 921 2998 1.
936 2949 967 2998 L.
978 2960 1011 2999 ss.
1026 2949 1049 3009 §-
1061 2959 1080 2998 ι.
1099 2945 1131 2995 D.
1142 2948 1198 2996 eod.

251 3015 272 3083 ⁰)
289 3018 327 3081 Of.
342 3017 374 3067 L.
390 3031 423 3070 14.
438 3021 462 3080 ὅ.
473 3032 493 3070 1.
512 3019 544 3070 D.
560 3020 591 3068 de
607 3034 654 3068 usu
669 3027 693 3069 et
706 3019 785 3068 habit.
800 3017 832 3084 (a,
847 3018 878 3080 a).
932 3015 952 3082 τ)
970 3018 1091 3068 fortasse
1104 3017 1200 3067 serio:

250 3103 318 3138 usum
329 3089 422 3138 fructui.
465 3086 486 3155 ⁸)
503 3089 541 3153 Cf.
556 3089 587 3138 L.
600 3102 633 3140 ti.
648 3091 670 3152 ᾖ.
682 3100 701 3138 a.
718 3089 749 3137 D.
760 3089 815 3139 eod.
862 3085 883 3150 9)
900 3089 937 3152 Os.
950 3086 1199 3153 ir.Var.as(1).ra.

252 3155 461 3226 ¹⁰)Exrfrndtsii
470 3161 503 3223 ej.
518 3158 575 3209 Cum
583 3159 662 3226 (qood
671 3162 697 3208 t'n
703 3161 836 3222 plerisque
846 3158 907 3208 odo.
914 3156 1201 3224 omittitur)coniuuctim

250 3263 310 3281 ....
326 3230 497 3280 usumfructum
512 3230 541 3279 do
557 3231 617 3292 lego,
633 3231 734 3291 legatum
748 3245 782 3278 ecc
795 3229 856 3278 cod.
867 3229 923 3277 edd.
946 3229 983 3292 Of.
994 3230 1017 3290 ἓ.
1027 3239 1063 3280 ss.
1117 3223 1148 3293 ¹¹)
1161 3228 1201 3292 Cf.

249 3299 376 3364 L.1apr.
401 3300 433 3350 D.
448 3301 480 3350 de
495 3301 579 3364 usufr.
600 3299 635 3365 (t,
651 3299 682 3365 1).
706 3299 737 3348 L.
752 3311 773 3350 t.
798 3298 824 3350 Ο.
839 3299 894 3347 eod.
909 3297 940 3364 (s,
954 3297 999 3364 aa).
1074 3293 1107 3364 l²)
1122 3299 1201 3347 omnia

252 3370 313 3419 odd.
328 3371 386 3420 edd.
440 3367 472 3436 ¹⁸)
488 3371 564 3434 0255.
580 3371 624 3420 ult.
644 3367 905 3433 Ldeusosr.(s,4).
928 3369 1059 3427 (foisse.
1114 3364 1145 3435 ¹⁴)
1162 3367 1200 3431 Cf.

250 3440 281 3489 L.
296 3450 317 3491 a.
332 3442 355 3501 5.
365 3451 386 3490 2.
405 3440 436 3492 t.
452 3452 484 3491 to.
500 3442 522 3501 ξ.
535 3453 554 3490 1.
570 3439 636 3504 quib.
647 3440 712 3490 mod.
723 3439 807 3501 osasr.
817 3453 865 3487 om.
876 3437 947 3503 (7.4).
997 3436 1028 3504 ¹⁵)
1039 3438 1084 3487 rte
1096 3437 1202 3489 Noooeo·

250 3511 282 3571 φ’.
298 3509 373 3570 legata
389 3509 450 3558 cod.
465 3510 521 3561 edd.
550 3507 656 3559 Scilicet
665 3516 726 3574 post
740 3509 835 3557 dom-us
845 3510 929 3572 periit
942 3516 1003 3559 nota
1017 3509 1049 3558 uf.
