<?xml version="1.0" encoding="UTF-8"?>
<!DOCTYPE html PUBLIC "-//W3C//DTD XHTML 1.0 Transitional//EN"
    "http://www.w3.org/TR/xhtml1/DTD/xhtml1-transitional.dtd">
<html xmlns="http://www.w3.org/1999/xhtml" xml:lang="en" lang="en">
 <head>
  <title>
</title>
<meta http-equiv="Content-Type" content="text/html;charset=utf-8" />
  <meta name='ocr-system' content='tesseract 3.04.00' />
  <meta name='ocr-capabilities' content='ocr_page ocr_carea ocr_par ocr_line ocrx_word'/>
</head>
<body>
  <div class='ocr_page' id='page_1' title='image "./ivrisprvdentiae00huscgoog_0032.png"; bbox 0 0 2672 4112; ppageno 0'>
   <div class='ocr_carea' id='block_1_1' title="bbox 231 203 1099 260">
    <p class='ocr_par' dir='ltr' id='par_1_1' title="bbox 231 203 1099 260">
     <span class='ocr_line' id='line_1_1' title="bbox 231 203 1099 260; baseline 0.003 -14"><span class='ocrx_word' id='word_1_1' title='bbox 231 203 250 260; x_wconf 80' lang='grc'>8</span> <span class='ocrx_word' id='word_1_2' title='bbox 321 213 344 248; x_wconf 86' lang='lat' dir='ltr'><strong>a.</strong></span> <span class='ocrx_word' id='word_1_3' title='bbox 364 208 526 246; x_wconf 77' lang='lat' dir='ltr'><strong>suurnomvs</strong></span> <span class='ocrx_word' id='word_1_4' title='bbox 545 207 693 245; x_wconf 72' lang='grc'><strong>1919111191</strong></span> <span class='ocrx_word' id='word_1_5' title='bbox 713 221 746 230; x_wconf 93' lang='grc'>-</span> <span class='ocrx_word' id='word_1_6' title='bbox 765 209 792 244; x_wconf 82' lang='lat' dir='ltr'><strong>tt.</strong></span> <span class='ocrx_word' id='word_1_7' title='bbox 811 209 901 246; x_wconf 81' lang='lat' dir='ltr'><strong>1vu1vs</strong></span> <span class='ocrx_word' id='word_1_8' title='bbox 921 208 1099 249; x_wconf 71' lang='grc'><strong>(1919991199.</strong></span> 
     </span>
    </p>
   </div>
   <div class='ocr_carea' id='block_1_2' title="bbox 318 327 1029 409">
    <p class='ocr_par' dir='ltr' id='par_1_2' title="bbox 318 327 1029 409">
     <span class='ocr_line' id='line_1_2' title="bbox 318 327 1029 409; baseline 0.003 -13"><span class='ocrx_word' id='word_1_9' title='bbox 318 405 320 409; x_wconf 40' lang='lat'><strong>.</strong></span> <span class='ocrx_word' id='word_1_10' title='bbox 394 328 454 396; x_wconf 76' lang='grc'><strong>*0.</strong></span> <span class='ocrx_word' id='word_1_11' title='bbox 477 327 753 396; x_wconf 80' lang='lat' dir='ltr'><strong>SEMPRONIVS</strong></span> <span class='ocrx_word' id='word_1_12' title='bbox 776 330 1029 398; x_wconf 79' lang='lat' dir='ltr'><strong>TVDITANVS</strong></span> 
     </span>
    </p>
   </div>
   <div class='ocr_carea' id='block_1_3' title="bbox 522 434 907 607">
    <p class='ocr_par' dir='ltr' id='par_1_3' title="bbox 522 434 907 607">
     <span class='ocr_line' id='line_1_3' title="bbox 606 434 816 502; baseline 0.005 -17"><span class='ocrx_word' id='word_1_13' title='bbox 606 434 667 501; x_wconf 90' lang='lat' dir='ltr'><strong>(cos.</strong></span> <span class='ocrx_word' id='word_1_14' title='bbox 683 451 704 486; x_wconf 87' lang='lat' dir='ltr'><strong>a.</strong></span> <span class='ocrx_word' id='word_1_15' title='bbox 719 451 742 486; x_wconf 90' lang='lat' dir='ltr'><strong>u.</strong></span> <span class='ocrx_word' id='word_1_16' title='bbox 758 435 816 502; x_wconf 77' lang='grc'><strong>995).</strong></span> 
     </span>
     <span class='ocr_line' id='line_1_4' title="bbox 522 530 907 607; baseline 0.005 -17"><span class='ocrx_word' id='word_1_17' title='bbox 522 530 907 607; x_wconf 81' lang='lat' dir='ltr'><strong>Magistratuum.¹</strong></span> 
     </span>
    </p>
   </div>
   <div class='ocr_carea' id='block_1_4' title="bbox 230 637 1235 1056">
    <p class='ocr_par' dir='ltr' id='par_1_4' title="bbox 230 637 1235 887">
     <span class='ocr_line' id='line_1_5' title="bbox 292 637 1192 725; baseline 0.004 -21"><span class='ocrx_word' id='word_1_18' title='bbox 292 639 315 704; x_wconf 89' lang='grc'><strong>1.</strong></span> <span class='ocrx_word' id='word_1_19' title='bbox 337 643 487 701; x_wconf 77' lang='lat' dir='ltr'><strong>Tuditanus</strong></span> <span class='ocrx_word' id='word_1_20' title='bbox 501 637 586 700; x_wconf 77' lang='lat' dir='ltr'><strong>refert</strong></span> <span class='ocrx_word' id='word_1_21' title='bbox 600 643 669 699; x_wconf 89' lang='lat' dir='ltr'><strong>libro</strong></span> <span class='ocrx_word' id='word_1_22' title='bbox 685 646 766 700; x_wconf 90' lang='lat' dir='ltr'><strong>lertio</strong></span> <span class='ocrx_word' id='word_1_23' title='bbox 782 647 997 719; x_wconf 78' lang='lat' dir='ltr'><strong>magistratuum,</strong></span> <span class='ocrx_word' id='word_1_24' title='bbox 1013 647 1192 725; x_wconf 88' lang='lat' dir='ltr'><strong>decemuiros,</strong></span> 
     </span>
     <span class='ocr_line' id='line_1_6' title="bbox 232 727 1235 808; baseline 0.008 -24"><span class='ocrx_word' id='word_1_25' title='bbox 232 731 277 804; x_wconf 92' lang='lat' dir='ltr'><strong>qui</strong></span> <span class='ocrx_word' id='word_1_26' title='bbox 298 729 390 785; x_wconf 91' lang='lat' dir='ltr'><strong>decem</strong></span> <span class='ocrx_word' id='word_1_27' title='bbox 411 727 508 784; x_wconf 89' lang='lat' dir='ltr'><strong>tabuiis</strong></span> <span class='ocrx_word' id='word_1_28' title='bbox 526 727 591 784; x_wconf 89' lang='lat' dir='ltr'><strong>duas</strong></span> <span class='ocrx_word' id='word_1_29' title='bbox 612 728 787 801; x_wconf 87' lang='lat' dir='ltr'><strong>addiderunt,</strong></span> <span class='ocrx_word' id='word_1_30' title='bbox 808 729 842 786; x_wconf 89' lang='lat' dir='ltr'><strong>dc</strong></span> <span class='ocrx_word' id='word_1_31' title='bbox 863 731 1045 790; x_wconf 84' lang='lat' dir='ltr'><strong>intercalando</strong></span> <span class='ocrx_word' id='word_1_32' title='bbox 1060 735 1235 808; x_wconf 76' lang='lat' dir='ltr'><strong>populumrs]</strong></span> 
     </span>
     <span class='ocr_line' id='line_1_7' title="bbox 230 810 1121 887; baseline -0.001 -18"><span class='ocrx_word' id='word_1_33' title='bbox 230 829 353 887; x_wconf 80' lang='lat' dir='ltr'><strong>rogasse.</strong></span> <span class='ocrx_word' id='word_1_34' title='bbox 369 842 411 854; x_wconf 95' lang='lat'>-</span> <span class='ocrx_word' id='word_1_35' title='bbox 424 810 540 868; x_wconf 87' lang='lat' dir='ltr'><strong>llacrob.</strong></span> <span class='ocrx_word' id='word_1_36' title='bbox 558 811 614 868; x_wconf 86' lang='lat' dir='ltr'><strong>Sat.</strong></span> <span class='ocrx_word' id='word_1_37' title='bbox 632 812 661 882; x_wconf 89' lang='lat'><strong>1,</strong></span> <span class='ocrx_word' id='word_1_38' title='bbox 679 811 726 868; x_wconf 84' lang='lat'><strong>13.</strong></span> <span class='ocrx_word' id='word_1_39' title='bbox 743 813 771 884; x_wconf 69' lang='lat' dir='ltr'><strong>S.</strong></span> <span class='ocrx_word' id='word_1_40' title='bbox 788 812 838 869; x_wconf 81' lang='lat'><strong>21.</strong></span> <span class='ocrx_word' id='word_1_41' title='bbox 1117 861 1121 868; x_wconf 93' lang='lat'><strong>.</strong></span> 
     </span>
    </p>

    <p class='ocr_par' dir='ltr' id='par_1_5' title="bbox 231 894 1193 1056">
     <span class='ocr_line' id='line_1_8' title="bbox 294 894 1190 974; baseline 0.004 -20"><span class='ocrx_word' id='word_1_42' title='bbox 294 894 324 954; x_wconf 77' lang='lat'><strong>2.</strong></span> <span class='ocrx_word' id='word_1_43' title='bbox 342 943 348 957; x_wconf 95' lang='lat'><strong>.</strong></span> <span class='ocrx_word' id='word_1_44' title='bbox 366 938 372 952; x_wconf 96' lang='lat'><strong>.</strong></span> <span class='ocrx_word' id='word_1_45' title='bbox 390 936 397 952; x_wconf 91' lang='lat'><strong>.</strong></span> <span class='ocrx_word' id='word_1_46' title='bbox 412 903 444 952; x_wconf 89' lang='lat' dir='ltr'><strong>ut</strong></span> <span class='ocrx_word' id='word_1_47' title='bbox 458 897 485 952; x_wconf 90' lang='lat' dir='ltr'><strong>in</strong></span> <span class='ocrx_word' id='word_1_48' title='bbox 500 897 693 952; x_wconf 90' lang='lat' dir='ltr'><strong>commentario</strong></span> <span class='ocrx_word' id='word_1_49' title='bbox 708 898 789 953; x_wconf 90' lang='lat' dir='ltr'><strong>tertio</strong></span> <span class='ocrx_word' id='word_1_50' title='bbox 805 897 908 954; x_wconf 88' lang='lat' dir='ltr'><strong>decimo</strong></span> <span class='ocrx_word' id='word_1_51' title='bbox 924 896 952 953; x_wconf 84' lang='lat' dir='ltr'><strong>(l.</strong></span> <span class='ocrx_word' id='word_1_52' title='bbox 965 897 1091 956; x_wconf 81' lang='lat' dir='ltr'><strong>Tuditani</strong></span> <span class='ocrx_word' id='word_1_53' title='bbox 1105 910 1190 974; x_wconf 86' lang='lat' dir='ltr'><strong>patet,</strong></span> 
     </span>
     <span class='ocr_line' id='line_1_9' title="bbox 231 980 1193 1056; baseline 0.006 -20"><span class='ocrx_word' id='word_1_54' title='bbox 231 982 292 1054; x_wconf 92' lang='lat' dir='ltr'><strong>quia</strong></span> <span class='ocrx_word' id='word_1_55' title='bbox 308 981 450 1054; x_wconf 91' lang='lat' dir='ltr'><strong>imperium</strong></span> <span class='ocrx_word' id='word_1_56' title='bbox 466 981 554 1036; x_wconf 90' lang='lat' dir='ltr'><strong>minus</strong></span> <span class='ocrx_word' id='word_1_57' title='bbox 570 988 688 1054; x_wconf 89' lang='lat' dir='ltr'><strong>praetor,</strong></span> <span class='ocrx_word' id='word_1_58' title='bbox 704 982 789 1037; x_wconf 90' lang='lat' dir='ltr'><strong>maius</strong></span> <span class='ocrx_word' id='word_1_59' title='bbox 804 980 885 1038; x_wconf 90' lang='lat' dir='ltr'><strong>habet</strong></span> <span class='ocrx_word' id='word_1_60' title='bbox 900 982 1006 1056; x_wconf 89' lang='lat' dir='ltr'><strong>consul,</strong></span> <span class='ocrx_word' id='word_1_61' title='bbox 1018 991 1046 1040; x_wconf 95' lang='lat' dir='ltr'><strong>et</strong></span> <span class='ocrx_word' id='word_1_62' title='bbox 1061 987 1193 1042; x_wconf 89' lang='lat' dir='ltr'><strong>aminare</strong></span> 
     </span>
    </p>
   </div>
   <div class='ocr_carea' id='block_1_5' title="bbox 230 1062 1193 1222">
    <p class='ocr_par' dir='ltr' id='par_1_6' title="bbox 230 1062 1193 1222">
     <span class='ocr_line' id='line_1_10' title="bbox 231 1062 1193 1141; baseline 0.005 -21"><span class='ocrx_word' id='word_1_63' title='bbox 231 1067 345 1138; x_wconf 90' lang='lat' dir='ltr'><strong>imperio</strong></span> <span class='ocrx_word' id='word_1_64' title='bbox 361 1065 445 1120; x_wconf 88' lang='lat' dir='ltr'><strong>maius</strong></span> <span class='ocrx_word' id='word_1_65' title='bbox 460 1071 507 1120; x_wconf 88' lang='lat' dir='ltr'><strong>aut</strong></span> <span class='ocrx_word' id='word_1_66' title='bbox 523 1065 631 1120; x_wconf 87' lang='lat' dir='ltr'><strong>maioris</strong></span> <span class='ocrx_word' id='word_1_67' title='bbox 648 1063 753 1136; x_wconf 82' lang='lat' dir='ltr'><strong>collega</strong></span> <span class='ocrx_word' id='word_1_68' title='bbox 767 1067 857 1136; x_wconf 82' lang='lat' dir='ltr'><strong>rogari</strong></span> <span class='ocrx_word' id='word_1_69' title='bbox 875 1066 934 1123; x_wconf 92' lang='lat' dir='ltr'><strong>iure</strong></span> <span class='ocrx_word' id='word_1_70' title='bbox 949 1083 1005 1123; x_wconf 90' lang='lat' dir='ltr'><strong>non</strong></span> <span class='ocrx_word' id='word_1_71' title='bbox 1019 1062 1137 1141; x_wconf 74' lang='lat' dir='ltr'><strong>polest.2</strong></span> <span class='ocrx_word' id='word_1_72' title='bbox 1151 1099 1193 1110; x_wconf 87' lang='lat'>-</span> 
     </span>
     <span class='ocr_line' id='line_1_11' title="bbox 230 1145 745 1222; baseline 0 -18"><span class='ocrx_word' id='word_1_73' title='bbox 230 1147 352 1205; x_wconf 83' lang='lat' dir='ltr'><strong>Messalla</strong></span> <span class='ocrx_word' id='word_1_74' title='bbox 367 1147 439 1222; x_wconf 88' lang='lat' dir='ltr'><strong>apud</strong></span> <span class='ocrx_word' id='word_1_75' title='bbox 454 1147 522 1206; x_wconf 87' lang='lat' dir='ltr'><strong>Geli.</strong></span> <span class='ocrx_word' id='word_1_76' title='bbox 540 1146 589 1220; x_wconf 82' lang='lat'><strong>13,</strong></span> <span class='ocrx_word' id='word_1_77' title='bbox 608 1145 655 1204; x_wconf 86' lang='lat'><strong>15.</strong></span> <span class='ocrx_word' id='word_1_78' title='bbox 671 1147 699 1220; x_wconf 75' lang='lat'><strong>§-</strong></span> <span class='ocrx_word' id='word_1_79' title='bbox 717 1148 745 1206; x_wconf 88' lang='lat'><strong>5.</strong></span> 
     </span>
    </p>
   </div>
   <div class='ocr_carea' id='block_1_6' title="bbox 553 1307 871 1386">
    <p class='ocr_par' dir='ltr' id='par_1_7' title="bbox 553 1307 871 1386">
     <span class='ocr_line' id='line_1_12' title="bbox 553 1307 871 1386; baseline 0 -10"><span class='ocrx_word' id='word_1_80' title='bbox 553 1309 609 1386; x_wconf 83' lang='lat' dir='ltr'><strong>*Q.</strong></span> <span class='ocrx_word' id='word_1_81' title='bbox 633 1307 871 1377; x_wconf 80' lang='lat' dir='ltr'>OOSCONIVS</span> 
     </span>
    </p>
   </div>
   <div class='ocr_carea' id='block_1_7' title="bbox 339 1415 1029 1483">
    <p class='ocr_par' dir='ltr' id='par_1_8' title="bbox 339 1415 1029 1483">
     <span class='ocr_line' id='line_1_13' title="bbox 339 1415 1029 1483; baseline 0.012 -20"><span class='ocrx_word' id='word_1_82' title='bbox 339 1475 341 1481; x_wconf 33' lang='grc' dir='ltr'>Ι</span> <span class='ocrx_word' id='word_1_83' title='bbox 389 1415 514 1482; x_wconf 85' lang='lat' dir='ltr'><strong>(incertae,</strong></span> <span class='ocrx_word' id='word_1_84' title='bbox 533 1416 576 1465; x_wconf 88' lang='lat' dir='ltr'><strong>sed</strong></span> <span class='ocrx_word' id='word_1_85' title='bbox 594 1415 664 1465; x_wconf 87' lang='lat' dir='ltr'><strong>huius</strong></span> <span class='ocrx_word' id='word_1_86' title='bbox 684 1418 742 1479; x_wconf 89' lang='lat' dir='ltr'><strong>iere,</strong></span> <span class='ocrx_word' id='word_1_87' title='bbox 760 1423 787 1466; x_wconf 89' lang='lat' dir='ltr'><strong>ut</strong></span> <span class='ocrx_word' id='word_1_88' title='bbox 804 1417 906 1480; x_wconf 85' lang='lat' dir='ltr'><strong>ridetur,</strong></span> <span class='ocrx_word' id='word_1_89' title='bbox 925 1415 1029 1483; x_wconf 83' lang='lat' dir='ltr'><strong>aetatis).</strong></span> 
     </span>
    </p>
   </div>
   <div class='ocr_carea' id='block_1_8' title="bbox 231 1500 1193 1750">
    <p class='ocr_par' dir='ltr' id='par_1_9' title="bbox 231 1500 1193 1750">
     <span class='ocr_line' id='line_1_14' title="bbox 292 1500 1192 1583; baseline 0.003 -19"><span class='ocrx_word' id='word_1_90' title='bbox 292 1503 312 1565; x_wconf 92' lang='lat' dir='ltr'><strong>l.</strong></span> <span class='ocrx_word' id='word_1_91' title='bbox 334 1506 391 1563; x_wconf 92' lang='lat' dir='ltr'><strong>llcc</strong></span> <span class='ocrx_word' id='word_1_92' title='bbox 417 1505 488 1562; x_wconf 89' lang='lat' dir='ltr'><strong>idern</strong></span> <span class='ocrx_word' id='word_1_93' title='bbox 509 1500 673 1562; x_wconf 86' lang='lat' dir='ltr'><strong>Cosconins³</strong></span> <span class='ocrx_word' id='word_1_94' title='bbox 699 1508 727 1562; x_wconf 93' lang='lat' dir='ltr'><strong>in</strong></span> <span class='ocrx_word' id='word_1_95' title='bbox 755 1507 904 1564; x_wconf 86' lang='lat' dir='ltr'><strong>actionibus</strong></span> <span class='ocrx_word' id='word_1_96' title='bbox 926 1507 1019 1565; x_wconf 84' lang='lat' dir='ltr'><strong>scribit</strong></span> <span class='ocrx_word' id='word_1_97' title='bbox 1041 1516 1192 1583; x_wconf 88' lang='lat' dir='ltr'><strong>praetorem</strong></span> 
     </span>
     <span class='ocr_line' id='line_1_15' title="bbox 231 1589 1192 1662; baseline 0.004 -16"><span class='ocrx_word' id='word_1_98' title='bbox 231 1607 372 1646; x_wconf 87' lang='lat' dir='ltr'><strong>accensum</strong></span> <span class='ocrx_word' id='word_1_99' title='bbox 396 1589 505 1646; x_wconf 87' lang='lat' dir='ltr'><strong>solitum</strong></span> <span class='ocrx_word' id='word_1_100' title='bbox 528 1605 588 1646; x_wconf 89' lang='lat' dir='ltr'><strong>esse</strong></span> <span class='ocrx_word' id='word_1_101' title='bbox 610 1589 715 1662; x_wconf 88' lang='lat' dir='ltr'><strong>iubere,</strong></span> <span class='ocrx_word' id='word_1_102' title='bbox 738 1589 784 1646; x_wconf 92' lang='lat' dir='ltr'><strong>ubi</strong></span> <span class='ocrx_word' id='word_1_103' title='bbox 806 1593 830 1647; x_wconf 92' lang='lat' dir='ltr'><strong>ei</strong></span> <span class='ocrx_word' id='word_1_104' title='bbox 852 1590 994 1648; x_wconf 83' lang='lat' dir='ltr'><strong>uidebatur</strong></span> <span class='ocrx_word' id='word_1_105' title='bbox 1015 1593 1109 1650; x_wconf 88' lang='lat' dir='ltr'><strong>horam</strong></span> <span class='ocrx_word' id='word_1_106' title='bbox 1132 1611 1192 1652; x_wconf 86' lang='lat' dir='ltr'><strong>esse</strong></span> 
     </span>
     <span class='ocr_line' id='line_1_16' title="bbox 233 1673 1193 1750; baseline 0.005 -20"><span class='ocrx_word' id='word_1_107' title='bbox 233 1676 348 1744; x_wconf 83' lang='lat' dir='ltr'><strong>tertiam,</strong></span> <span class='ocrx_word' id='word_1_108' title='bbox 371 1673 522 1743; x_wconf 86' lang='lat' dir='ltr'><strong>inclamare,</strong></span> <span class='ocrx_word' id='word_1_109' title='bbox 545 1674 639 1730; x_wconf 91' lang='lat' dir='ltr'><strong>horam</strong></span> <span class='ocrx_word' id='word_1_110' title='bbox 661 1690 721 1730; x_wconf 86' lang='lat' dir='ltr'><strong>esse</strong></span> <span class='ocrx_word' id='word_1_111' title='bbox 736 1675 854 1745; x_wconf 86' lang='lat' dir='ltr'><strong>tertiam,</strong></span> <span class='ocrx_word' id='word_1_112' title='bbox 878 1676 997 1750; x_wconf 89' lang='lat' dir='ltr'><strong>itemque</strong></span> <span class='ocrx_word' id='word_1_113' title='bbox 1012 1678 1149 1735; x_wconf 89' lang='lat' dir='ltr'><strong>meridiem</strong></span> <span class='ocrx_word' id='word_1_114' title='bbox 1165 1687 1193 1734; x_wconf 92' lang='lat' dir='ltr'><strong>et</strong></span> 
     </span>
    </p>
   </div>
   <div class='ocr_carea' id='block_1_9' title="bbox 231 1750 956 1831">
    <p class='ocr_par' dir='ltr' id='par_1_10' title="bbox 231 1750 956 1831">
     <span class='ocr_line' id='line_1_17' title="bbox 231 1750 956 1831; baseline 0.001 -17"><span class='ocrx_word' id='word_1_115' title='bbox 231 1759 324 1815; x_wconf 90' lang='lat' dir='ltr'><strong>horam</strong></span> <span class='ocrx_word' id='word_1_116' title='bbox 340 1750 464 1814; x_wconf 85' lang='lat' dir='ltr'><strong>nonam.⁴</strong></span> <span class='ocrx_word' id='word_1_117' title='bbox 477 1785 519 1798; x_wconf 92' lang='lat'><em>—</em></span> <span class='ocrx_word' id='word_1_118' title='bbox 536 1757 619 1813; x_wconf 90' lang='lat' dir='ltr'><strong>Varro</strong></span> <span class='ocrx_word' id='word_1_119' title='bbox 635 1757 669 1813; x_wconf 87' lang='lat' dir='ltr'><strong>de</strong></span> <span class='ocrx_word' id='word_1_120' title='bbox 684 1756 712 1812; x_wconf 77' lang='lat' dir='ltr'><strong>l..</strong></span> <span class='ocrx_word' id='word_1_121' title='bbox 728 1757 757 1814; x_wconf 88' lang='lat' dir='ltr'><strong>L.</strong></span> <span class='ocrx_word' id='word_1_122' title='bbox 774 1759 803 1829; x_wconf 88' lang='grc'><strong>6,</strong></span> <span class='ocrx_word' id='word_1_123' title='bbox 820 1759 848 1816; x_wconf 92' lang='grc'><strong>9.</strong></span> <span class='ocrx_word' id='word_1_124' title='bbox 861 1759 889 1831; x_wconf 77' lang='lat'><strong>§-</strong></span> <span class='ocrx_word' id='word_1_125' title='bbox 905 1758 956 1816; x_wconf 87' lang='grc'><strong>89.</strong></span> 
     </span>
    </p>
   </div>
   <div class='ocr_carea' id='block_1_10' title="bbox 402 1918 1021 1988">
    <p class='ocr_par' dir='ltr' id='par_1_11' title="bbox 402 1918 1021 1988">
     <span class='ocr_line' id='line_1_18' title="bbox 402 1918 1021 1988; baseline 0 -2"><span class='ocrx_word' id='word_1_126' title='bbox 402 1918 465 1986; x_wconf 79' lang='grc' dir='ltr'><strong>*Μ.</strong></span> <span class='ocrx_word' id='word_1_127' title='bbox 487 1919 659 1987; x_wconf 83' lang='lat' dir='ltr'><strong>IVNIVS</strong></span> <span class='ocrx_word' id='word_1_128' title='bbox 684 1920 1021 1988; x_wconf 77' lang='lat' dir='ltr'><strong>GRACCHANVS</strong></span> 
     </span>
    </p>
   </div>
   <div class='ocr_carea' id='block_1_11' title="bbox 425 2025 995 2093">
    <p class='ocr_par' dir='ltr' id='par_1_12' title="bbox 425 2025 995 2093">
     <span class='ocr_line' id='line_1_19' title="bbox 425 2025 995 2093; baseline 0.004 -17"><span class='ocrx_word' id='word_1_129' title='bbox 425 2025 462 2093; x_wconf 87' lang='lat' dir='ltr'><strong>(C.</strong></span> <span class='ocrx_word' id='word_1_130' title='bbox 482 2026 616 2092; x_wconf 85' lang='lat' dir='ltr'><strong>Sempronii</strong></span> <span class='ocrx_word' id='word_1_131' title='bbox 636 2028 737 2078; x_wconf 82' lang='lat' dir='ltr'><strong>Gracchi</strong></span> <span class='ocrx_word' id='word_1_132' title='bbox 756 2035 785 2078; x_wconf 89' lang='lat' dir='ltr'><strong>tr.</strong></span> <span class='ocrx_word' id='word_1_133' title='bbox 805 2028 837 2092; x_wconf 87' lang='lat' dir='ltr'><strong>pl.</strong></span> <span class='ocrx_word' id='word_1_134' title='bbox 856 2025 995 2093; x_wconf 62' lang='grc' dir='ltr'><strong>1191111119).ὅ</strong></span> 
     </span>
    </p>
   </div>
   <div class='ocr_carea' id='block_1_12' title="bbox 577 2117 849 2182">
    <p class='ocr_par' dir='ltr' id='par_1_13' title="bbox 577 2117 849 2182">
     <span class='ocr_line' id='line_1_20' title="bbox 577 2117 849 2182; baseline 0 -2"><span class='ocrx_word' id='word_1_135' title='bbox 577 2117 849 2182; x_wconf 79' lang='lat' dir='ltr'><strong>Commentarii.⁶</strong></span> 
     </span>
    </p>
   </div>
   <div class='ocr_carea' id='block_1_13' title="bbox 231 2222 1193 2381">
    <p class='ocr_par' dir='ltr' id='par_1_14' title="bbox 231 2222 1193 2381">
     <span class='ocr_line' id='line_1_21' title="bbox 293 2222 1193 2297; baseline -0.001 -13"><span class='ocrx_word' id='word_1_136' title='bbox 293 2223 316 2284; x_wconf 74' lang='lat' dir='ltr'><strong>L</strong></span> <span class='ocrx_word' id='word_1_137' title='bbox 338 2226 444 2282; x_wconf 87' lang='lat' dir='ltr'><strong>Celeres</strong></span> <span class='ocrx_word' id='word_1_138' title='bbox 467 2223 518 2280; x_wconf 89' lang='lat' dir='ltr'><strong>sub</strong></span> <span class='ocrx_word' id='word_1_139' title='bbox 540 2223 654 2280; x_wconf 87' lang='lat' dir='ltr'><strong>Romulo</strong></span> <span class='ocrx_word' id='word_1_140' title='bbox 677 2223 841 2297; x_wconf 81' lang='lat' dir='ltr'><strong>regibusque</strong></span> <span class='ocrx_word' id='word_1_141' title='bbox 855 2231 921 2280; x_wconf 89' lang='lat' dir='ltr'><strong>sunt</strong></span> <span class='ocrx_word' id='word_1_142' title='bbox 935 2222 1071 2297; x_wconf 89' lang='lat' dir='ltr'><strong>appellati,</strong></span> <span class='ocrx_word' id='word_1_143' title='bbox 1094 2223 1193 2283; x_wconf 88' lang='lat' dir='ltr'><strong>deinde</strong></span> 
     </span>
     <span class='ocr_line' id='line_1_22' title="bbox 231 2305 1193 2381; baseline -0.002 -15"><span class='ocrx_word' id='word_1_144' title='bbox 231 2309 372 2370; x_wconf 83' lang='lat' dir='ltr'><strong>lleruutes.</strong></span> <span class='ocrx_word' id='word_1_145' title='bbox 394 2315 491 2381; x_wconf 89' lang='lat' dir='ltr'><strong>postea</strong></span> <span class='ocrx_word' id='word_1_146' title='bbox 513 2308 635 2380; x_wconf 89' lang='lat' dir='ltr'><strong>trossuli,</strong></span> <span class='ocrx_word' id='word_1_147' title='bbox 657 2323 719 2362; x_wconf 88' lang='lat' dir='ltr'><strong>curn</strong></span> <span class='ocrx_word' id='word_1_148' title='bbox 741 2305 868 2381; x_wconf 88' lang='lat' dir='ltr'><strong>oppidum</strong></span> <span class='ocrx_word' id='word_1_149' title='bbox 890 2306 918 2362; x_wconf 88' lang='lat' dir='ltr'><strong>in</strong></span> <span class='ocrx_word' id='word_1_150' title='bbox 933 2305 1028 2364; x_wconf 86' lang='lat' dir='ltr'><strong>&#39;luscis</strong></span> <span class='ocrx_word' id='word_1_151' title='bbox 1051 2309 1193 2368; x_wconf 88' lang='lat' dir='ltr'><strong>citraVol·</strong></span> 
     </span>
    </p>
   </div>
   <div class='ocr_carea' id='block_1_14' title="bbox 227 2469 1264 3594">
    <p class='ocr_par' dir='ltr' id='par_1_15' title="bbox 227 2469 1264 3594">
     <span class='ocr_line' id='line_1_23' title="bbox 305 2469 1191 2537; baseline 0.005 -17"><span class='ocrx_word' id='word_1_152' title='bbox 305 2469 325 2537; x_wconf 87' lang='lat'><strong>¹)</strong></span> <span class='ocrx_word' id='word_1_153' title='bbox 344 2470 414 2532; x_wconf 85' lang='lat' dir='ltr'><strong>Quae</strong></span> <span class='ocrx_word' id='word_1_154' title='bbox 430 2470 499 2519; x_wconf 81' lang='lat' dir='ltr'><strong>Pila.</strong></span> <span class='ocrx_word' id='word_1_155' title='bbox 516 2469 547 2518; x_wconf 91' lang='lat' dir='ltr'><strong>N.</strong></span> <span class='ocrx_word' id='word_1_156' title='bbox 562 2469 597 2518; x_wconf 85' lang='lat' dir='ltr'><strong>H.</strong></span> <span class='ocrx_word' id='word_1_157' title='bbox 614 2481 648 2532; x_wconf 87' lang='grc'><strong>19,</strong></span> <span class='ocrx_word' id='word_1_158' title='bbox 663 2482 696 2521; x_wconf 88' lang='grc'><strong>19.</strong></span> <span class='ocrx_word' id='word_1_159' title='bbox 711 2485 746 2519; x_wconf 81' lang='lat' dir='ltr'><strong>ex</strong></span> <span class='ocrx_word' id='word_1_160' title='bbox 763 2469 887 2520; x_wconf 75' lang='lat' dir='ltr'><strong>liaditaui</strong></span> <span class='ocrx_word' id='word_1_161' title='bbox 906 2471 1094 2523; x_wconf 85' lang='lat' dir='ltr'><strong>decimotertio</strong></span> <span class='ocrx_word' id='word_1_162' title='bbox 1109 2473 1191 2532; x_wconf 82' lang='lat' dir='ltr'><strong>babel,</strong></span> 
     </span>
     <span class='ocr_line' id='line_1_24' title="bbox 227 2537 1193 2608; baseline 0.001 -16"><span class='ocrx_word' id='word_1_163' title='bbox 227 2541 392 2608; x_wconf 79' lang='lat' dir='ltr'><strong>probabilius</strong></span> <span class='ocrx_word' id='word_1_164' title='bbox 405 2541 441 2590; x_wconf 86' lang='lat' dir='ltr'><strong>ad</strong></span> <span class='ocrx_word' id='word_1_165' title='bbox 453 2543 509 2590; x_wconf 85' lang='lat' dir='ltr'><strong>eius</strong></span> <span class='ocrx_word' id='word_1_166' title='bbox 523 2542 630 2590; x_wconf 83' lang='lat' dir='ltr'><strong>auuales</strong></span> <span class='ocrx_word' id='word_1_167' title='bbox 643 2541 804 2603; x_wconf 83' lang='lat' dir='ltr'><strong>referuntur.</strong></span> <span class='ocrx_word' id='word_1_168' title='bbox 834 2537 855 2606; x_wconf 75' lang='lat'><strong>²)</strong></span> <span class='ocrx_word' id='word_1_169' title='bbox 867 2541 905 2605; x_wconf 81' lang='lat' dir='ltr'><strong>Os.</strong></span> <span class='ocrx_word' id='word_1_170' title='bbox 920 2542 994 2606; x_wconf 81' lang='lat' dir='ltr'><strong>iufra</strong></span> <span class='ocrx_word' id='word_1_171' title='bbox 1008 2541 1045 2592; x_wconf 88' lang='lat' dir='ltr'><strong>M.</strong></span> <span class='ocrx_word' id='word_1_172' title='bbox 1061 2543 1193 2594; x_wconf 84' lang='lat' dir='ltr'><strong>Valeriam</strong></span> 
     </span>
     <span class='ocr_line' id='line_1_25' title="bbox 232 2608 1191 2677; baseline -0.001 -14"><span class='ocrx_word' id='word_1_173' title='bbox 232 2613 380 2664; x_wconf 84' lang='lat' dir='ltr'><strong>Messallam</strong></span> <span class='ocrx_word' id='word_1_174' title='bbox 390 2623 409 2662; x_wconf 89' lang='lat'><strong>1.</strong></span> <span class='ocrx_word' id='word_1_175' title='bbox 440 2608 460 2677; x_wconf 79' lang='lat'><strong>⁸)</strong></span> <span class='ocrx_word' id='word_1_176' title='bbox 472 2611 533 2661; x_wconf 80' lang='lat' dir='ltr'><strong>Cum</strong></span> <span class='ocrx_word' id='word_1_177' title='bbox 542 2612 648 2661; x_wconf 85' lang='lat' dir='ltr'><strong>eundem</strong></span> <span class='ocrx_word' id='word_1_178' title='bbox 661 2611 693 2660; x_wconf 89' lang='lat' dir='ltr'><strong>de</strong></span> <span class='ocrx_word' id='word_1_179' title='bbox 706 2611 784 2660; x_wconf 83' lang='lat' dir='ltr'><strong>rebus</strong></span> <span class='ocrx_word' id='word_1_180' title='bbox 795 2613 972 2676; x_wconf 66' lang='lat' dir='ltr'><strong>arammalt&#39;ais</strong></span> <span class='ocrx_word' id='word_1_181' title='bbox 984 2614 1121 2676; x_wconf 82' lang='lat' dir='ltr'><strong>scripsisse</strong></span> <span class='ocrx_word' id='word_1_182' title='bbox 1132 2631 1191 2664; x_wconf 86' lang='lat' dir='ltr'><strong>cau·</strong></span> 
     </span>
     <span class='ocr_line' id='line_1_26' title="bbox 231 2680 1193 2750; baseline -0.001 -15"><span class='ocrx_word' id='word_1_183' title='bbox 231 2692 280 2735; x_wconf 86' lang='lat' dir='ltr'><strong>stet</strong></span> <span class='ocrx_word' id='word_1_184' title='bbox 295 2682 390 2750; x_wconf 83' lang='lat' dir='ltr'><strong>(Varr.</strong></span> <span class='ocrx_word' id='word_1_185' title='bbox 405 2683 436 2731; x_wconf 88' lang='lat' dir='ltr'><strong>de</strong></span> <span class='ocrx_word' id='word_1_186' title='bbox 450 2682 483 2731; x_wconf 83' lang='lat' dir='ltr'><strong>L.</strong></span> <span class='ocrx_word' id='word_1_187' title='bbox 497 2682 530 2731; x_wconf 89' lang='lat' dir='ltr'><strong>L.</strong></span> <span class='ocrx_word' id='word_1_188' title='bbox 546 2693 566 2743; x_wconf 82' lang='lat' dir='ltr'><strong>a,</strong></span> <span class='ocrx_word' id='word_1_189' title='bbox 576 2692 596 2732; x_wconf 76' lang='lat' dir='ltr'><strong>a.</strong></span> <span class='ocrx_word' id='word_1_190' title='bbox 607 2683 630 2744; x_wconf 65' lang='grc' dir='ltr'><strong>ἕ.</strong></span> <span class='ocrx_word' id='word_1_191' title='bbox 641 2693 675 2732; x_wconf 82' lang='lat' dir='ltr'><strong>tto.</strong></span> <span class='ocrx_word' id='word_1_192' title='bbox 689 2680 760 2730; x_wconf 85' lang='lat' dir='ltr'><strong>Suet.</strong></span> <span class='ocrx_word' id='word_1_193' title='bbox 775 2685 818 2731; x_wconf 88' lang='lat' dir='ltr'><strong>ait.</strong></span> <span class='ocrx_word' id='word_1_194' title='bbox 837 2681 894 2732; x_wconf 85' lang='lat' dir='ltr'><strong>Ter.</strong></span> <span class='ocrx_word' id='word_1_195' title='bbox 908 2681 941 2748; x_wconf 85' lang='lat'><strong>5.)</strong></span> <span class='ocrx_word' id='word_1_196' title='bbox 955 2685 1040 2732; x_wconf 88' lang='lat' dir='ltr'><strong>malim</strong></span> <span class='ocrx_word' id='word_1_197' title='bbox 1053 2699 1122 2734; x_wconf 83' lang='lat' dir='ltr'><strong>aune</strong></span> <span class='ocrx_word' id='word_1_198' title='bbox 1137 2699 1193 2734; x_wconf 89' lang='lat' dir='ltr'><strong>cum</strong></span> 
     </span>
     <span class='ocr_line' id='line_1_27' title="bbox 231 2752 1193 2818; baseline 0 -14"><span class='ocrx_word' id='word_1_199' title='bbox 231 2755 340 2804; x_wconf 80' lang='lat' dir='ltr'><strong>Hertzio</strong></span> <span class='ocrx_word' id='word_1_200' title='bbox 348 2760 470 2811; x_wconf 81' lang='lat' dir='ltr'><strong>statuere,</strong></span> <span class='ocrx_word' id='word_1_201' title='bbox 478 2767 529 2802; x_wconf 85' lang='lat' dir='ltr'><strong>aaa</strong></span> <span class='ocrx_word' id='word_1_202' title='bbox 537 2754 564 2800; x_wconf 87' lang='lat' dir='ltr'><strong>iu</strong></span> <span class='ocrx_word' id='word_1_203' title='bbox 572 2752 718 2802; x_wconf 84' lang='lat' dir='ltr'><strong>actionibus</strong></span> <span class='ocrx_word' id='word_1_204' title='bbox 725 2767 780 2802; x_wconf 86' lang='lat' dir='ltr'><strong>eum</strong></span> <span class='ocrx_word' id='word_1_205' title='bbox 787 2753 987 2817; x_wconf 68' lang='lat' dir='ltr'><strong>laccaripsisce</strong></span> <span class='ocrx_word' id='word_1_206' title='bbox 994 2754 1193 2818; x_wconf 81' lang='lat' dir='ltr'><strong>cedrartpsisse,</strong></span> 
     </span>
     <span class='ocr_line' id='line_1_28' title="bbox 227 2822 1193 2890; baseline 0.001 -17"><span class='ocrx_word' id='word_1_207' title='bbox 227 2831 376 2890; x_wconf 79' lang='lat' dir='ltr'><strong>praetorem</strong></span> <span class='ocrx_word' id='word_1_208' title='bbox 385 2825 411 2872; x_wconf 84' lang='lat' dir='ltr'><strong>iu</strong></span> <span class='ocrx_word' id='word_1_209' title='bbox 420 2822 565 2873; x_wconf 83' lang='lat' dir='ltr'><strong>actionibus</strong></span> <span class='ocrx_word' id='word_1_210' title='bbox 571 2838 611 2881; x_wconf 92' lang='lat' dir='ltr'><strong>ea,</strong></span> <span class='ocrx_word' id='word_1_211' title='bbox 622 2838 687 2887; x_wconf 87' lang='lat' dir='ltr'><strong>quae</strong></span> <span class='ocrx_word' id='word_1_212' title='bbox 696 2830 845 2888; x_wconf 82' lang='lat' dir='ltr'><strong>sequuntur,</strong></span> <span class='ocrx_word' id='word_1_213' title='bbox 855 2825 968 2874; x_wconf 82' lang='lat' dir='ltr'><strong>iussisse.</strong></span> <span class='ocrx_word' id='word_1_214' title='bbox 987 2824 1027 2873; x_wconf 83' lang='lat' dir='ltr'><strong>Ile</strong></span> <span class='ocrx_word' id='word_1_215' title='bbox 1035 2824 1193 2876; x_wconf 72' lang='lat' dir='ltr'><strong>Hostilianas</strong></span> 
     </span>
     <span class='ocr_line' id='line_1_29' title="bbox 232 2889 1192 2960; baseline -0.001 -16"><span class='ocrx_word' id='word_1_216' title='bbox 232 2894 376 2945; x_wconf 85' lang='lat' dir='ltr'><strong>actionibus</strong></span> <span class='ocrx_word' id='word_1_217' title='bbox 392 2893 443 2942; x_wconf 87' lang='lat' dir='ltr'><strong>oid.</strong></span> <span class='ocrx_word' id='word_1_218' title='bbox 457 2893 508 2942; x_wconf 75' lang='lat' dir='ltr'><strong>Cic.</strong></span> <span class='ocrx_word' id='word_1_219' title='bbox 523 2894 555 2942; x_wconf 85' lang='lat' dir='ltr'><strong>de</strong></span> <span class='ocrx_word' id='word_1_220' title='bbox 569 2901 634 2944; x_wconf 86' lang='lat' dir='ltr'><strong>aral.</strong></span> <span class='ocrx_word' id='word_1_221' title='bbox 645 2905 666 2955; x_wconf 92' lang='lat'><strong>1,</strong></span> <span class='ocrx_word' id='word_1_222' title='bbox 676 2903 709 2945; x_wconf 77' lang='lat' dir='ltr'><strong>aa.</strong></span> <span class='ocrx_word' id='word_1_223' title='bbox 720 2895 742 2956; x_wconf 62' lang='grc' dir='ltr'><strong>ὅ.</strong></span> <span class='ocrx_word' id='word_1_224' title='bbox 755 2904 801 2945; x_wconf 78' lang='grc'><strong>945.</strong></span> <span class='ocrx_word' id='word_1_225' title='bbox 826 2889 897 2958; x_wconf 79' lang='lat' dir='ltr'><strong>⁴)Cf.</strong></span> <span class='ocrx_word' id='word_1_226' title='bbox 911 2894 1088 2946; x_wconf 69' lang='lat' dir='ltr'><strong>Censorinus.</strong></span> <span class='ocrx_word' id='word_1_227' title='bbox 1118 2893 1139 2960; x_wconf 74' lang='lat'><strong>⁵)</strong></span> <span class='ocrx_word' id='word_1_228' title='bbox 1154 2895 1192 2944; x_wconf 88' lang='lat' dir='ltr'><strong>De</strong></span> 
     </span>
     <span class='ocr_line' id='line_1_30' title="bbox 232 2963 1191 3028; baseline 0.001 -13"><span class='ocrx_word' id='word_1_229' title='bbox 232 2966 280 3015; x_wconf 81' lang='lat' dir='ltr'><strong>baa</strong></span> <span class='ocrx_word' id='word_1_230' title='bbox 294 2965 328 3028; x_wconf 81' lang='lat' dir='ltr'><strong>cf.</strong></span> <span class='ocrx_word' id='word_1_231' title='bbox 344 2964 375 3012; x_wconf 84' lang='lat' dir='ltr'><strong>L.</strong></span> <span class='ocrx_word' id='word_1_232' title='bbox 387 2963 517 3013; x_wconf 81' lang='lat' dir='ltr'><strong>Merclsliu</strong></span> <span class='ocrx_word' id='word_1_233' title='bbox 532 2963 563 3013; x_wconf 83' lang='lat' dir='ltr'><strong>de</strong></span> <span class='ocrx_word' id='word_1_234' title='bbox 573 2963 649 3014; x_wconf 85' lang='lat' dir='ltr'><strong>Iunia</strong></span> <span class='ocrx_word' id='word_1_235' title='bbox 663 2963 772 3014; x_wconf 78' lang='lat' dir='ltr'><strong>Graecia.</strong></span> <span class='ocrx_word' id='word_1_236' title='bbox 785 2963 874 3014; x_wconf 84' lang='lat' dir='ltr'><strong>Corum.</strong></span> <span class='ocrx_word' id='word_1_237' title='bbox 885 2971 956 3028; x_wconf 84' lang='lat' dir='ltr'><strong>part.</strong></span> <span class='ocrx_word' id='word_1_238' title='bbox 967 2975 988 3015; x_wconf 91' lang='grc'><strong>1.</strong></span> <span class='ocrx_word' id='word_1_239' title='bbox 999 2976 1018 3015; x_wconf 86' lang='grc'><strong>9.</strong></span> <span class='ocrx_word' id='word_1_240' title='bbox 1038 2965 1119 3028; x_wconf 85' lang='lat' dir='ltr'><strong>Dorp.</strong></span> <span class='ocrx_word' id='word_1_241' title='bbox 1131 2977 1191 3016; x_wconf 78' lang='lat'><strong>1841.</strong></span> 
     </span>
     <span class='ocr_line' id='line_1_31' title="bbox 232 3033 1264 3098; baseline 0 -13"><span class='ocrx_word' id='word_1_242' title='bbox 232 3043 257 3085; x_wconf 86' lang='lat' dir='ltr'><strong>et</strong></span> <span class='ocrx_word' id='word_1_243' title='bbox 271 3034 307 3085; x_wconf 89' lang='lat' dir='ltr'><strong>M.</strong></span> <span class='ocrx_word' id='word_1_244' title='bbox 322 3035 404 3084; x_wconf 84' lang='lat' dir='ltr'><strong>Hertz</strong></span> <span class='ocrx_word' id='word_1_245' title='bbox 422 3033 545 3083; x_wconf 83' lang='lat' dir='ltr'><strong>delanio</strong></span> <span class='ocrx_word' id='word_1_246' title='bbox 562 3033 672 3084; x_wconf 77' lang='lat' dir='ltr'><strong>Graecia.</strong></span> <span class='ocrx_word' id='word_1_247' title='bbox 692 3035 757 3098; x_wconf 83' lang='lat' dir='ltr'><strong>disp.</strong></span> <span class='ocrx_word' id='word_1_248' title='bbox 777 3035 880 3084; x_wconf 85' lang='lat' dir='ltr'><strong>adiecta</strong></span> <span class='ocrx_word' id='word_1_249' title='bbox 899 3050 985 3085; x_wconf 86' lang='lat' dir='ltr'><strong>comm.</strong></span> <span class='ocrx_word' id='word_1_250' title='bbox 1000 3036 1032 3084; x_wconf 86' lang='lat' dir='ltr'><strong>de</strong></span> <span class='ocrx_word' id='word_1_251' title='bbox 1047 3036 1079 3084; x_wconf 87' lang='lat' dir='ltr'><strong>L.</strong></span> <span class='ocrx_word' id='word_1_252' title='bbox 1096 3035 1193 3085; x_wconf 77' lang='lat' dir='ltr'><strong>Cinolis</strong></span> <span class='ocrx_word' id='word_1_253' title='bbox 1261 3041 1264 3048; x_wconf 95' lang='lat'>&#39;</span> 
     </span>
     <span class='ocr_line' id='line_1_32' title="bbox 231 3101 1193 3170; baseline 0.002 -16"><span class='ocrx_word' id='word_1_254' title='bbox 231 3105 318 3155; x_wconf 90' lang='lat' dir='ltr'><strong>Beral.</strong></span> <span class='ocrx_word' id='word_1_255' title='bbox 340 3117 399 3156; x_wconf 75' lang='grc'><strong>1949.</strong></span> <span class='ocrx_word' id='word_1_256' title='bbox 411 3120 438 3168; x_wconf 79' lang='lat' dir='ltr'><strong>p.</strong></span> <span class='ocrx_word' id='word_1_257' title='bbox 453 3115 480 3156; x_wconf 81' lang='grc'><strong>99</strong></span> <span class='ocrx_word' id='word_1_258' title='bbox 493 3119 560 3170; x_wconf 83' lang='lat' dir='ltr'><strong>seqq.</strong></span> <span class='ocrx_word' id='word_1_259' title='bbox 596 3101 617 3170; x_wconf 80' lang='lat'><strong>⁶)</strong></span> <span class='ocrx_word' id='word_1_260' title='bbox 635 3104 689 3154; x_wconf 86' lang='lat' dir='ltr'><strong>Hic</strong></span> <span class='ocrx_word' id='word_1_261' title='bbox 703 3107 796 3154; x_wconf 83' lang='lat' dir='ltr'><strong>titulus.</strong></span> <span class='ocrx_word' id='word_1_262' title='bbox 806 3107 898 3154; x_wconf 84' lang='lat' dir='ltr'><strong>nititur</strong></span> <span class='ocrx_word' id='word_1_263' title='bbox 912 3106 1012 3169; x_wconf 85' lang='lat' dir='ltr'><strong>quidem</strong></span> <span class='ocrx_word' id='word_1_264' title='bbox 1025 3112 1123 3154; x_wconf 86' lang='lat' dir='ltr'><strong>tautum</strong></span> <span class='ocrx_word' id='word_1_265' title='bbox 1136 3109 1193 3156; x_wconf 90' lang='lat' dir='ltr'><strong>loco</strong></span> 
     </span>
     <span class='ocr_line' id='line_1_33' title="bbox 237 3172 1191 3239; baseline 0 -14"><span class='ocrx_word' id='word_1_266' title='bbox 237 3175 316 3225; x_wconf 84' lang='lat' dir='ltr'><strong>Varr.</strong></span> <span class='ocrx_word' id='word_1_267' title='bbox 327 3176 358 3224; x_wconf 87' lang='lat' dir='ltr'><strong>de</strong></span> <span class='ocrx_word' id='word_1_268' title='bbox 367 3175 399 3224; x_wconf 89' lang='lat' dir='ltr'><strong>L.</strong></span> <span class='ocrx_word' id='word_1_269' title='bbox 410 3175 442 3224; x_wconf 83' lang='lat' dir='ltr'><strong>L.</strong></span> <span class='ocrx_word' id='word_1_270' title='bbox 454 3187 475 3237; x_wconf 86' lang='lat' dir='ltr'><strong>o,</strong></span> <span class='ocrx_word' id='word_1_271' title='bbox 485 3187 505 3226; x_wconf 87' lang='lat'><strong>9.</strong></span> <span class='ocrx_word' id='word_1_272' title='bbox 516 3177 539 3237; x_wconf 67' lang='grc'><strong>9.</strong></span> <span class='ocrx_word' id='word_1_273' title='bbox 550 3185 584 3227; x_wconf 78' lang='grc'><strong>99.</strong></span> <span class='ocrx_word' id='word_1_274' title='bbox 599 3176 644 3224; x_wconf 89' lang='lat' dir='ltr'><strong>hoc</strong></span> <span class='ocrx_word' id='word_1_275' title='bbox 659 3177 737 3239; x_wconf 87' lang='lat' dir='ltr'><strong>ipsam</strong></span> <span class='ocrx_word' id='word_1_276' title='bbox 753 3172 882 3237; x_wconf 74' lang='lat' dir='ltr'><strong>‘iuligium’</strong></span> <span class='ocrx_word' id='word_1_277' title='bbox 899 3177 1014 3238; x_wconf 88' lang='lat' dir='ltr'><strong>scriplum</strong></span> <span class='ocrx_word' id='word_1_278' title='bbox 1029 3177 1108 3225; x_wconf 86' lang='lat' dir='ltr'><strong>inueni</strong></span> <span class='ocrx_word' id='word_1_279' title='bbox 1123 3177 1147 3225; x_wconf 91' lang='lat' dir='ltr'><strong>in</strong></span> <span class='ocrx_word' id='word_1_280' title='bbox 1161 3176 1191 3225; x_wconf 88' lang='lat' dir='ltr'><strong>ll.</strong></span> 
     </span>
     <span class='ocr_line' id='line_1_34' title="bbox 232 3245 1192 3310; baseline 0.001 -16"><span class='ocrx_word' id='word_1_281' title='bbox 232 3247 292 3295; x_wconf 89' lang='lat' dir='ltr'><strong>lunii</strong></span> <span class='ocrx_word' id='word_1_282' title='bbox 302 3246 491 3306; x_wconf 80' lang='lat' dir='ltr'><strong>commentariis3</strong></span> <span class='ocrx_word' id='word_1_283' title='bbox 505 3247 552 3296; x_wconf 84' lang='lat' dir='ltr'><strong>sed</strong></span> <span class='ocrx_word' id='word_1_284' title='bbox 561 3248 622 3310; x_wconf 82' lang='lat' dir='ltr'><strong>quia</strong></span> <span class='ocrx_word' id='word_1_285' title='bbox 632 3247 698 3295; x_wconf 85' lang='lat' dir='ltr'><strong>idem</strong></span> <span class='ocrx_word' id='word_1_286' title='bbox 711 3249 746 3296; x_wconf 87' lang='lat' dir='ltr'><strong>sil</strong></span> <span class='ocrx_word' id='word_1_287' title='bbox 759 3247 798 3295; x_wconf 88' lang='lat' dir='ltr'><strong>sia</strong></span> <span class='ocrx_word' id='word_1_288' title='bbox 808 3246 844 3295; x_wconf 92' lang='lat' dir='ltr'><strong>M.</strong></span> <span class='ocrx_word' id='word_1_289' title='bbox 855 3245 947 3295; x_wconf 81' lang='lat' dir='ltr'><strong>Iunius</strong></span> <span class='ocrx_word' id='word_1_290' title='bbox 961 3262 1017 3296; x_wconf 87' lang='lat' dir='ltr'><strong>eum</strong></span> <span class='ocrx_word' id='word_1_291' title='bbox 1031 3254 1127 3304; x_wconf 71' lang='lat' dir='ltr'><strong>norma,</strong></span> <span class='ocrx_word' id='word_1_292' title='bbox 1141 3248 1192 3295; x_wconf 84' lang='lat' dir='ltr'><strong>ianr</strong></span> 
     </span>
     <span class='ocr_line' id='line_1_35' title="bbox 232 3313 1191 3380; baseline -0.001 -13"><span class='ocrx_word' id='word_1_293' title='bbox 232 3333 288 3368; x_wconf 86' lang='lat' dir='ltr'><strong>cum</strong></span> <span class='ocrx_word' id='word_1_294' title='bbox 302 3317 410 3367; x_wconf 80' lang='lat' dir='ltr'><strong>Herlzio</strong></span> <span class='ocrx_word' id='word_1_295' title='bbox 425 3332 476 3366; x_wconf 85' lang='lat' dir='ltr'><strong>nau</strong></span> <span class='ocrx_word' id='word_1_296' title='bbox 491 3316 586 3366; x_wconf 84' lang='lat' dir='ltr'><strong>dubito.</strong></span> <span class='ocrx_word' id='word_1_297' title='bbox 610 3315 670 3380; x_wconf 80' lang='lat' dir='ltr'><strong>Ipse</strong></span> <span class='ocrx_word' id='word_1_298' title='bbox 687 3317 856 3366; x_wconf 76' lang='lat' dir='ltr'><strong>Gracchanus</strong></span> <span class='ocrx_word' id='word_1_299' title='bbox 869 3318 961 3380; x_wconf 82' lang='lat' dir='ltr'><strong>scipsit</strong></span> <span class='ocrx_word' id='word_1_300' title='bbox 974 3318 1050 3365; x_wconf 86' lang='lat' dir='ltr'><strong>etiam</strong></span> <span class='ocrx_word' id='word_1_301' title='bbox 1066 3313 1109 3366; x_wconf 81' lang='lat' dir='ltr'><strong>‘de</strong></span> <span class='ocrx_word' id='word_1_302' title='bbox 1119 3323 1191 3380; x_wconf 85' lang='lat' dir='ltr'><strong>pole-</strong></span> 
     </span>
     <span class='ocr_line' id='line_1_36' title="bbox 231 3385 1193 3452; baseline -0.002 -14"><span class='ocrx_word' id='word_1_303' title='bbox 231 3385 350 3438; x_wconf 84' lang='lat' dir='ltr'><strong>statibus’</strong></span> <span class='ocrx_word' id='word_1_304' title='bbox 367 3387 468 3445; x_wconf 85' lang='lat' dir='ltr'><strong>librum,</strong></span> <span class='ocrx_word' id='word_1_305' title='bbox 482 3394 568 3436; x_wconf 83' lang='lat' dir='ltr'><strong>uotum</strong></span> <span class='ocrx_word' id='word_1_306' title='bbox 582 3401 616 3436; x_wconf 75' lang='lat' dir='ltr'><strong>ecc</strong></span> <span class='ocrx_word' id='word_1_307' title='bbox 632 3388 683 3436; x_wconf 82' lang='lat' dir='ltr'><strong>Cic.</strong></span> <span class='ocrx_word' id='word_1_308' title='bbox 699 3388 731 3437; x_wconf 86' lang='lat' dir='ltr'><strong>de</strong></span> <span class='ocrx_word' id='word_1_309' title='bbox 747 3390 795 3452; x_wconf 71' lang='lat' dir='ltr'><strong>lea.</strong></span> <span class='ocrx_word' id='word_1_310' title='bbox 805 3399 826 3449; x_wconf 86' lang='grc'><strong>9,</strong></span> <span class='ocrx_word' id='word_1_311' title='bbox 837 3398 871 3448; x_wconf 84' lang='grc'><strong>19,</strong></span> <span class='ocrx_word' id='word_1_312' title='bbox 880 3397 913 3437; x_wconf 78' lang='grc'><strong>19.</strong></span> <span class='ocrx_word' id='word_1_313' title='bbox 933 3387 964 3435; x_wconf 87' lang='lat' dir='ltr'><strong>L.</strong></span> <span class='ocrx_word' id='word_1_314' title='bbox 976 3399 987 3436; x_wconf 89' lang='lat'><strong>1</strong></span> <span class='ocrx_word' id='word_1_315' title='bbox 997 3402 1037 3450; x_wconf 82' lang='lat' dir='ltr'><strong>pr.</strong></span> <span class='ocrx_word' id='word_1_316' title='bbox 1049 3389 1071 3448; x_wconf 66' lang='grc' dir='ltr'><strong>ξ.</strong></span> <span class='ocrx_word' id='word_1_317' title='bbox 1083 3399 1102 3437; x_wconf 93' lang='grc'><strong>1.</strong></span> <span class='ocrx_word' id='word_1_318' title='bbox 1119 3387 1150 3436; x_wconf 87' lang='lat' dir='ltr'><strong>D.</strong></span> <span class='ocrx_word' id='word_1_319' title='bbox 1161 3388 1193 3436; x_wconf 78' lang='lat' dir='ltr'><strong>tle</strong></span> 
     </span>
     <span class='ocr_line' id='line_1_37' title="bbox 231 3456 1193 3524; baseline -0.002 -16"><span class='ocrx_word' id='word_1_320' title='bbox 231 3459 299 3521; x_wconf 79' lang='lat' dir='ltr'><strong>offic.</strong></span> <span class='ocrx_word' id='word_1_321' title='bbox 315 3466 411 3521; x_wconf 83' lang='lat' dir='ltr'><strong>quaest.</strong></span> <span class='ocrx_word' id='word_1_322' title='bbox 426 3456 504 3524; x_wconf 87' lang='grc'><strong>(1,19)</strong></span> <span class='ocrx_word' id='word_1_323' title='bbox 518 3465 543 3507; x_wconf 88' lang='lat' dir='ltr'><strong>et</strong></span> <span class='ocrx_word' id='word_1_324' title='bbox 552 3458 619 3522; x_wconf 72' lang='lat' dir='ltr'><strong>Lyd.</strong></span> <span class='ocrx_word' id='word_1_325' title='bbox 635 3459 667 3507; x_wconf 85' lang='lat' dir='ltr'><strong>de</strong></span> <span class='ocrx_word' id='word_1_326' title='bbox 681 3473 746 3523; x_wconf 71' lang='lat' dir='ltr'><strong>may.</strong></span> <span class='ocrx_word' id='word_1_327' title='bbox 757 3470 777 3519; x_wconf 92' lang='lat'><strong>1,</strong></span> <span class='ocrx_word' id='word_1_328' title='bbox 787 3469 821 3507; x_wconf 77' lang='grc'><strong>91.</strong></span> <span class='ocrx_word' id='word_1_329' title='bbox 839 3471 910 3520; x_wconf 85' lang='lat' dir='ltr'><strong>quem</strong></span> <span class='ocrx_word' id='word_1_330' title='bbox 920 3459 1010 3516; x_wconf 85' lang='lat' dir='ltr'><strong>lacum,</strong></span> <span class='ocrx_word' id='word_1_331' title='bbox 1025 3471 1081 3506; x_wconf 85' lang='lat' dir='ltr'><strong>cum</strong></span> <span class='ocrx_word' id='word_1_332' title='bbox 1092 3457 1193 3522; x_wconf 72' lang='lat' dir='ltr'><strong>Lydum</strong></span> 
     </span>
     <span class='ocr_line' id='line_1_38' title="bbox 231 3528 966 3594; baseline -0.003 -16"><span class='ocrx_word' id='word_1_333' title='bbox 231 3544 279 3578; x_wconf 88' lang='lat' dir='ltr'><strong>sua</strong></span> <span class='ocrx_word' id='word_1_334' title='bbox 294 3535 439 3578; x_wconf 70' lang='lat' dir='ltr'><strong>tautameos</strong></span> <span class='ocrx_word' id='word_1_335' title='bbox 453 3528 568 3594; x_wconf 64' lang='lat' dir='ltr'><strong>Digestis</strong></span> <span class='ocrx_word' id='word_1_336' title='bbox 581 3529 697 3578; x_wconf 72' lang='lat' dir='ltr'><strong>hausisse</strong></span> <span class='ocrx_word' id='word_1_337' title='bbox 712 3534 816 3585; x_wconf 85' lang='lat' dir='ltr'><strong>constet,</strong></span> <span class='ocrx_word' id='word_1_338' title='bbox 831 3528 966 3576; x_wconf 84' lang='lat' dir='ltr'><strong>omisimus.</strong></span> 
     </span>
    </p>
   </div>
   <div class='ocr_carea' id='block_1_15' title="bbox 0 0 1340 4112">
    <p class='ocr_par' dir='ltr' id='par_1_16' title="bbox 0 0 1340 4112">
     <span class='ocr_line' id='line_1_39' title="bbox 0 0 1340 4112; baseline 0 0"><span class='ocrx_word' id='word_1_339' title='bbox 0 0 1340 4112; x_wconf 95' lang='lat' dir='ltr'><strong> </strong></span> 
     </span>
    </p>
   </div>
  </div>
 </body>
</html>
