2680 4112
561 194 646 231 carus.
1021 179 1084 244 159

127 316 200 369 baec
218 314 380 368 rudimenta
397 330 431 368 eo
449 315 565 370 consilio
583 316 744 384 scripsisss,¹
763 319 796 372 ut
813 318 853 372 ‘iu
865 319 1031 374 stationibus
1043 321 1086 374 ius

148 381 244 436 ublioe
267 381 439 436 docentium’
463 380 547 448 (Gell.
571 388 615 446 13,
639 387 682 448 13)
705 383 797 438 abiis
839 385 924 452 otius,
947 403 1032 455 quam
1054 391 1087 442 ub

182 451 266 502 tenus
286 449 461 514 factitatum,
489 450 524 502 ab
547 447 632 503 edicti
657 451 750 518 prima
768 467 807 529 pa
871 452 940 506 iuris
962 453 1085 508 studium

128 516 1084 652 tlultttbuu⁰⁰bltll⁰tb{ltustlzltbbitltbtbr

148 649 262 703 licando
281 651 347 703 ante
365 623 557 726 Ir'rsbitutiones
579 650 626 703 vel
643 651 799 706 Pandectas
820 669 885 708 acce
907 655 951 708 tas
972 655 1085 710 initium

128 667 223 770 Facere
235 716 333 770 vellet.
364 717 452 782 Atqui
469 733 525 770 1am
538 716 644 770 dudum
656 733 691 771 ex
703 735 806 786 rerum,
822 721 851 773 ui
862 671 953 789 failor,
972 724 1036 776 actu
1049 723 1085 776 ab

128 785 258 853 Augusto
276 784 306 836 in
318 799 426 837 menses
438 783 559 838 aerativo
572 785 601 837 et
612 784 744 840 hibernos
757 786 846 840 diviso
858 787 945 853 (Suet.
957 789 1029 858 Aug.
1043 795 1084 844 32.

129 851 228 905 Claud.
250 853 316 918 33),
341 851 389 918 qui
416 851 502 904 etiam
528 851 645 928 consilia
666 852 868 922 imperatorum
890 855 989 920 (Dione
1011 858 1084 911 teste

128 924 170 983 53,
189 924 231 971 21.
250 922 291 982 56,
310 921 350 971 38.
369 923 411 983 60,
428 920 456 985 4)
475 918 505 971 eb
520 919 693 974 reser1bendi
710 935 780 988 opus
797 922 942 976 semestris
957 923 1037 988 fecii,
1057 924 1086 978 eb

129 1001 164 1062 px
180 983 320 1038 Labeonis
337 985 404 1038 noto
428 984 556 1063 exemplo
578 984 618 1050 (L.
638 991 662 1044 2.
680 993 703 1051 5.
722 993 763 1064 47.
781 986 813 1040 D.
834 988 869 1042 de
888 1003 927 1042 or.
944 989 996 1044 iur.
1016 996 1039 1056 1,
1057 992 1085 1056 3)

127 1069 158 1104 ιιι
175 1068 257 1104 usum
274 1056 401 1115 venerat,
420 1053 452 1105 ut
469 1067 538 1104 ruris
569 1068 662 1129 uoque
674 1053 798 1107 studmm
809 1070 861 1123 per
874 1070 981 1109 annuos
992 1072 1086 1110 cursus

126 1118 201 1172 binis
220 1134 334 1196 quoque
352 1117 537 1196 anneupensis
550 1068 701 1174 (incinctos
713 1121 913 1178 absolveretur.
944 1122 983 1176 Ut
999 1123 1007 1175 i
1032 1123 1087 1176 'tur

128 1186 277 1263 abraditis
294 1200 379 1253 quam
396 1201 510 1241 mammo
529 1185 703 1252 deflecteret,
721 1188 1008 1267 cum-Institutionum
1023 1189 1086 1268 'ibri

127 1254 241 1321 mtegro
259 1268 333 1305 anuo
350 1267 406 1306 non
424 1252 599 1329 sufficerent,
642 1254 838 1330 pudentissimo
857 1254 942 1310 Gaius
963 1258 1087 1334 instituit

76 1329 117 1378 ¹⁹³³
128 1319 591 1440 “substantibilem
612 1322 670 1441 rel
690 1324 1086 1446 tltslttttllbrblr

128 1403 275 1530 decretur,
292 1452 368 1521 isque
386 1455 491 1522 partim
503 1405 729 1508 Instibritioni'bus
746 1457 849 1524 partim
861 1408 994 1526 quaqttuor
1005 1407 1085 1512 fibris

128 1518 321 1596 singularibus
338 1524 529 1589 occuparetur.
565 1520 621 1574 Sed
639 1522 692 1576 etsi
708 1523 828 1591 placeat,
845 1525 919 1591 quod
936 1526 1032 1579 multis
1050 1541 1085 1580 ex

127 1586 221 1641 causis
239 1586 387 1640 vensimile
405 1589 460 1653 est,
484 1589 541 1641 iam
563 1589 630 1642 tuuc
653 1590 719 1643 ante
742 1590 865 1645 edictum
887 1592 1025 1661 praetoris
1041 1594 1085 1646 ius
1163 1591 1169 1604 “

126 1654 212 1708 civile
231 1669 266 1707 ex
283 1653 363 1707 libris
374 1654 495 1731 ‘Masurii
513 1655 609 1710 Sabini
627 1657 755 1710 semestri
773 1674 852 1712 cursu
864 1659 1000 1713 traditum
1014 1675 1084 1737 esse,

123 1722 168 1775 ita
190 1736 305 1788 quoque
328 1722 415 1774 Gams
440 1722 484 1774 his
505 1723 647 1778 incondite
673 1725 784 1792 scriptis
809 1725 887 1778 libris
912 1743 975 1779 suas
1001 1727 1086 1780 vicini

126 1787 290 1858 argumenti
312 1787 505 1843 lustitutiones
532 1792 561 1844 et
577 1789 663 1844 libros
689 1791 869 1860 singulares,¹
896 1792 996 1846 dehinc
1019 1794 1085 1846 anni

124 1871 207 1923 opus,
227 1855 424 1922 subrogando³
435 1857 541 1923 optime
553 1857 589 1911 de
601 1857 701 1910 studiis
718 1859 786 1911 iuris
804 1857 894 1912 civilis
905 1860 1021 1913 meritus
1034 1860 1085 1924 est,

203 2028 223 2096 ¹)
237 2029 286 2081 lice
300 2031 410 2096 improbo
424 2033 469 2082 hoc
484 2033 516 2082 ita
530 2040 663 2098 acceptum,
678 2039 705 2082 ut
718 2039 843 2097 antequam
857 2034 1019 2084 Institutioues
1029 2049 1085 2084 suas

123 2103 149 2152 in
164 2101 288 2166 publicum
303 2103 393 2164 ederet,
409 2117 435 2152 ea
450 2104 501 2168 ipsa
516 2104 572 2166 lere,
588 2119 647 2168 quae
658 2104 795 2168 scripserat,
810 2105 927 2154 vivavoce
938 2104 1085 2155 auditoribus

123 2173 245 2235 traderet,
266 2187 336 2236 quam
356 2174 501 2238 sententiam
516 2175 623 2238 pluribus
643 2181 769 2223 exsecutus
788 2181 825 2224 est
838 2175 866 2224 H.
882 2175 1005 2237 llernburg
1024 2175 1085 2224 libro

126 2241 178 2293 ‘die
195 2243 363 2292 lustitutionen
379 2243 421 2292 des
436 2243 508 2294 Gaius
523 2246 560 2294 ein
577 2243 756 2307 Collegienbeit'
773 2257 832 2297 1869.
852 2261 875 2310 p.
891 2257 917 2297 33
932 2261 992 2310 seq,
1013 2246 1084 2296 modo

123 2329 155 2363 ne
171 2329 200 2362 ex
215 2313 442 2364 commentariomm
456 2315 559 2377 nomine,
574 2331 620 2379 quo
632 2315 704 2364 Gaius
718 2317 762 2366 hos
772 2324 798 2364 ut
807 2317 866 2366 alios
877 2317 951 2366 libros
962 2317 1032 2366 etiam
1042 2331 1083 2365 ore

124 2399 248 2448 uunquam
257 2384 366 2446 traditos,
374 2385 481 2434 modeste
491 2385 625 2450 appellavit,
636 2394 798 2448 argumentum
808 2388 859 2436 eius
869 2387 1001 2436 sentcntiae
1011 2387 1084 2437 ducas

124 2470 205 2518 neque
219 2456 264 2504 hac
279 2455 331 2518 ipsa
345 2455 429 2516 forma,
444 2469 514 2519 quam
529 2465 645 2517 tenemus,
667 2471 694 2505 ex
708 2457 842 2506 auditorum
856 2458 952 2507 schedis
967 2458 990 2507 in
1005 2457 1084 2522 publi·

125 2540 184 2574 eum
200 2539 240 2573 eos
254 2525 374 2587 prodiisse
388 2525 500 2589 opineris.
525 2526 661 2590 Quanquam
676 2528 746 2576 etiam
762 2528 806 2576 alia
820 2528 939 2592 pleraque¹
948 2542 976 2577 eo
988 2529 1012 2577 in
1022 2529 1083 2578 libro

125 2603 236 2644 ceterum
250 2595 425 2656 elegantissime
446 2597 535 2659 scripto
550 2598 643 2660 insunt,
657 2612 717 2660 quae
731 2613 777 2647 non
791 2599 874 2660 probo.
926 2595 947 2664 ¹)
961 2599 987 2648 ln
1002 2599 1084 2660 vulgus

124 2673 210 2715 notum
225 2673 270 2727 est,
285 2667 309 2714 in
324 2665 391 2714 libris
406 2666 435 2715 ad
450 2666 562 2716 Sabinum
573 2668 684 2716 materias
698 2668 895 2729 delectamentis,
910 2669 939 2718 de
949 2669 1033 2730 legatis
1043 2669 1083 2733 (de

122 2751 206 2786 rerum
222 2736 419 2799 acquisitionibus
435 2737 501 2786 etde
516 2735 701 2802 contractibus),
720 2738 750 2787 de
769 2739 823 2788 dote
842 2747 866 2787 et
880 2739 909 2788 de
923 2740 1003 2788 tutelis
1017 2740 1083 2803 prin-

124 2808 204 2870 cipem
219 2807 299 2856 locum
313 2806 452 2856 obtinuisse.
481 2807 529 2856 lam
548 2823 601 2857 eum
618 2823 658 2869 ea,
678 2809 776 2871 quaein
791 2809 880 2858 scholis
894 2810 1014 2872 leguntur,
1029 2823 1083 2859 raro

123 2877 219 2927 absolvi
233 2877 334 2938 soleant,
349 2879 420 2926 etiam
434 2878 476 2927 bas
491 2879 602 2927 materias
616 2879 688 2940 solas,
703 2879 813 2942 quamdiu
828 2894 855 2928 ex
867 2880 954 2929 Sabino
968 2881 1005 2930 ius
1015 2880 1084 2930 civile

122 2948 275 3009 traderetur,
293 2954 406 2996 tractatas
425 2962 478 2998 esse
498 2963 598 3011 pronum
612 2949 641 2997 ad
656 2949 836 2999 existimandum
851 2957 895 2999 est.
924 2950 991 3008 Quod
1005 2952 1026 3000 si
1040 2965 1083 3014 po·

122 3020 213 3080 nimus,
228 3032 290 3067 nora
306 3018 405 3067 docendi
421 3019 481 3067 ratio
496 3034 509 3067 a
525 3019 583 3068 Gaio
598 3021 705 3068 institute
720 3034 789 3084 quam
808 3021 904 3069 minime
919 3035 931 3069 a
946 3029 1026 3071 vetere
1041 3022 1084 3070 de·

121 3091 198 3150 nexit,
214 3089 337 3152 magisque
352 3090 374 3137 ei
389 3089 480 3138 addidit
493 3095 591 3152 tantum,
606 3091 769 3140 lustitutiones
784 3105 839 3140 suas
854 3092 921 3154 quasi
935 3091 1083 3158 προοίμιον

122 3160 214 3208 Sabino
230 3159 304 3223 (nunc
319 3159 361 3207 llll
375 3159 441 3208 libris
452 3158 619 3225 singularibus)
629 3162 770 3224 praefigens,
781 3177 849 3225 quam
861 3162 968 3211 detraxit.
1008 3159 1029 3228 ³)
1040 3163 1082 3211 Ve-

122 3231 222 3292 stigium
238 3231 289 3278 eius
304 3228 340 3277 rei
359 3230 382 3280 in
398 3244 426 3278 eo
441 3245 585 3292 cognoscere
600 3232 659 3280 mihi
669 3231 758 3294 videor,
774 3233 835 3295 quod
846 3240 937 3296 postea,
953 3233 1081 3282 Iustiniano

121 3301 145 3350 iu
161 3308 242 3350 const,
271 3299 370 3349 Omnem
384 3299 443 3363 reip.
458 3303 482 3362 ξ,
498 3313 516 3350 1.
533 3308 607 3363 teste,
624 3301 675 3350 Gaii
687 3302 847 3352 lustitutiones
867 3311 890 3352 et
904 3310 1014 3366 quattuor
1027 3302 1082 3350 libri

122 3372 258 3434 singulares
276 3368 539 3434 ‘connumerabuntur',
560 3372 584 3420 id
599 3380 636 3422 est
649 3387 692 3435 pro
707 3388 752 3422 uno
768 3374 827 3423 libro
842 3389 861 3422 s.
877 3373 994 3422 volumine
1009 3371 1082 3420 babe-

121 3442 210 3492 bantur
229 3441 312 3508 (sicuti
332 3441 412 3490 Sabini
431 3457 491 3506 opus
510 3440 596 3506 luerat)
616 3443 709 3491 scilicet
727 3458 754 3492 en
774 3457 814 3492 sex
833 3444 893 3504 illis,
912 3455 971 3504 quos
990 3447 1040 3489 tum
1055 3455 1082 3489 ex

120 3515 235 3563 universa
255 3512 454 3576 iurisprudentia,
476 3510 551 3577 ‘quae
570 3513 593 3562 in
613 3513 727 3562 librorum
747 3513 792 3563 duo
808 3515 872 3564 milia
887 3508 1082 3574 extendebatur',
