2672 4112
464 253 499 288 nn
517 253 629 290 molave
647 254 725 290 nmen
743 255 773 292 11.
1059 248 1101 306 43

200 379 228 439 8.
251 380 283 447 Q.
295 371 415 452 ¹Optime
430 395 506 450 nero,
522 379 615 448 irater,
630 387 658 435 et
673 365 731 435 fieri
745 381 785 436 sic
800 380 885 437 decet

198 464 243 519 tv.
260 465 300 520 M.
317 462 460 518 Videamus
475 462 559 536 igitur
569 479 674 533 rursus,
686 465 761 536 prius
774 479 854 537 quam
865 463 1055 538 adgrediamur
1070 465 1102 520 ad

135 550 211 623 leges
227 547 360 621 singulas,
376 548 431 602 uim
447 554 623 618 naturamque
638 546 717 619 legis,
733 562 778 617 ne,
794 563 875 620 quom
891 546 1032 604 reserenda
1048 550 1102 604 siut

136 633 245 688 adeam
260 631 339 687 nobis
357 631 462 699 omnia,
483 627 602 684 labamur
621 629 755 685 interdum
768 647 861 686 errore
876 633 1007 687 sermonis
1023 634 1101 705 igno·

137 732 284 788 remusque
300 716 354 770 uim
370 706 531 768 'relationis¹
548 714 621 778 eius,
639 730 691 786 qua
708 714 766 768 iura
780 712 858 769 nobis
873 713 1022 771 delinienda
1037 717 1100 772 sint.

202 799 236 867 Q.
251 798 321 854 Sane
337 796 444 870 quidem
460 795 561 867 hercle,
577 804 605 852 et
619 805 662 851 est
675 799 727 852 ista
742 805 815 854 recta
830 797 942 854 docendi
957 800 1011 858 uia.

201 883 242 938 M.
264 881 341 936 Hanc
356 881 442 952 igitur
458 874 552 935 uidec²
565 881 824 952 sapientissimorum
834 880 919 936 luisse
930 883 1102 951 seutentiam,

136 967 226 1039 legem
242 981 332 1038 neque
348 965 487 1019 hominum
501 964 618 1036 ingeniis
633 963 812 1036 excogitatam
826 979 877 1020 nec
887 965 982 1020 scitum
994 965 1102 1039 aliquod

137 1065 197 1104 esse
213 1049 389 1123 populorum,
406 1047 453 1102 sed
469 1054 608 1102 aeternum
620 1046 754 1120 quiddam,
770 1047 845 1120 quod
857 1049 1012 1104 uniuersum
1024 1064 1102 1104 mun·

137 1133 203 1187 dum
224 1139 335 1204 regeret
356 1129 503 1202 imperandi
515 1128 730 1203 prohibendique
741 1132 881 1203 sapientia.
907 1131 1102 1204 ltaprincipem

137 1216 227 1288 legem
249 1215 321 1271 illam
344 1223 372 1270 et
394 1213 514 1268 ultimam
536 1221 653 1270 mentem
676 1229 736 1268 esse
758 1213 882 1270 dicebant
897 1215 986 1269 omnia
1000 1217 1102 1270 ratione

137 1307 186 1354 aut
201 1301 325 1372 cogentis
340 1305 387 1353 aut
401 1297 518 1352 uetantis
533 1296 591 1353 dei:
607 1313 640 1352 ex
654 1311 707 1369 qua
720 1297 765 1352 illa
779 1296 832 1366 lox,
849 1313 928 1370 quarn
943 1297 969 1352 di
985 1297 1102 1354 humano

140 1385 238 1454 generi
260 1381 400 1444 dederunt,
424 1388 498 1436 recte
520 1389 562 1436 cst
583 1379 705 1449 laudata;
728 1389 770 1436 eat
792 1382 862 1436 enim
884 1382 952 1438 ratio
973 1397 1103 1455 mensque

141 1465 275 1538 sapientis
289 1465 320 1519 ad
333 1463 477 1520 iubendum
493 1472 521 1520 et
535 1463 568 1518 ad
584 1462 775 1520 deterrendum
788 1465 893 1520 idonea.

206 1545 235 1606 9.
256 1547 288 1616 Q.
310 1547 479 1620 Aliquotiens
501 1549 552 1604 iam
572 1549 624 1602 iste
638 1547 714 1604 locus
730 1565 745 1604 a
759 1556 787 1604 te
799 1553 887 1604 tactus
902 1556 955 1619 est,
976 1548 1024 1604 sed
1040 1557 1102 1604 ante

136 1648 220 1706 quam
236 1631 269 1687 ad
282 1631 430 1705 populares
446 1630 522 1705 leges
537 1633 647 1701 uenias,
669 1633 723 1688 uim
737 1633 816 1688 istius
832 1631 955 1688 caelestis
973 1632 1042 1706 legis
1058 1649 1103 1688 ex·

136 1717 228 1790 plana,
250 1719 273 1772 si
291 1715 390 1789 placet,
414 1731 448 1770 ne
468 1723 559 1770 aestus
579 1731 630 1770 nos
651 1715 854 1772 consuetudinis
869 1714 1011 1772 absorbeat
1027 1712 1102 1772 etad

138 1801 274 1855 sermonis
291 1815 393 1855 morem
409 1800 501 1854 usitati
518 1798 613 1858 trahat.

201 1883 244 1940 M.
267 1884 396 1956 dparuis
412 1883 497 1952 enlm,
515 1881 629 1955 Quinte,
650 1881 791 1938 didicimus
806 1882 842 1937 ‘si
855 1884 884 1938 in
899 1883 941 1938 ius
958 1881 1049 1937 uocat’
1065 1891 1103 1938 at·

139 1960 206 2041 que³
228 1968 286 2024 eius
306 1965 381 2022 modi
400 1965 475 2039 leges
495 1965 559 2022 alias
580 1965 734 2034 nominare;
760 1964 808 2020 sed
835 1980 901 2020 uero
922 1965 1045 2038 intellegi
1066 1968 1104 2022 sic

141 2059 260 2124 oportet,
285 2059 313 2107 et
333 2051 386 2106 hoc
406 2058 434 2105 et
453 2049 503 2106 alia
522 2051 595 2106 iussa
610 2065 641 2105 ao
656 2050 738 2104 uetita
753 2047 917 2121 populorum
933 2049 988 2103 nim
1004 2047 1103 2105 habere

140 2134 175 2190 ad
189 2141 262 2190 recte
285 2133 355 2190 lacta
377 2133 491 2190 uocandi
513 2141 541 2189 et
562 2149 577 2188 a
599 2132 717 2207 peccatis
739 2130 880 2202 auocandi,
902 2147 970 2204 quae
992 2134 1034 2188 uis
1048 2149 1104 2188 non

138 2218 222 2274 modo
238 2219 330 2273 senior
345 2225 387 2272 est
403 2233 482 2290 quam
498 2225 571 2274 aetas
586 2216 750 2290 populorum
766 2224 794 2270 et
808 2215 970 2286 ciuitatium,
993 2215 1040 2272 sed
1060 2232 1104 2272 ae·

139 2301 228 2375 qualis
249 2300 322 2356 illius
344 2300 447 2356 caelum
469 2309 550 2374 atque
571 2309 657 2356 terras
679 2300 781 2356 tuentis
796 2307 823 2354 et
838 2300 957 2370 regentis
973 2298 1025 2356 dei.
1055 2298 1103 2357 10.

139 2401 230 2458 neque
252 2386 323 2440 enim
345 2400 406 2439 esse
426 2399 502 2439 meus
522 2384 612 2440 diuina
634 2385 691 2439 siue
713 2385 818 2440 ratione
839 2391 941 2456 potest,
963 2399 1013 2440 nec
1034 2385 1103 2440 ratio

142 2467 234 2524 dium
254 2485 311 2524 non
332 2467 400 2524 hanc
422 2468 477 2523 uim
498 2469 526 2522 in
548 2468 630 2524 rectis
652 2468 797 2540 prauisque
819 2467 971 2523 sanciendis
995 2463 1102 2531 habet⁴;

141 2567 203 2620 nec,
227 2552 288 2626 quia
309 2567 444 2625 nusquam
466 2559 524 2606 crat
545 2553 687 2624 scriptum,
709 2560 741 2606 ut
764 2558 859 2606 contra
881 2552 967 2606 omnis
982 2551 1102 2607 hostium

140 2637 232 2709 copias
251 2637 280 2691 in
301 2645 386 2708 ponte
403 2650 472 2690 unus
487 2633 630 2690 adsisteret
645 2651 659 2688 a
675 2642 809 2708 tergoque
823 2642 933 2707 pontem
948 2634 1103 2690 interscindi
1208 2654 1210 2659 ·

137 2718 255 2789 iuberet,
270 2717 371 2776 idcirco
387 2720 475 2774 minus
490 2717 618 2775 Coclitem
632 2717 709 2774 illum
723 2733 780 2774 rem
795 2720 913 2791 gessisse
934 2726 1033 2774 tantam
1049 2717 1103 2774 ior·

137 2802 265 2859 titudinis
286 2801 348 2876 lege
370 2811 451 2877 atque
472 2803 586 2875 imperio
608 2801 772 2875 putabimus,
795 2818 856 2872 nec,
879 2803 901 2857 si
923 2810 1053 2872 regnante
1067 2801 1097 2856 L.

137 2875 289 2960 Tarquinio
303 2885 378 2942 nulla
392 2894 450 2942 erat
464 2884 564 2942 Romae
578 2887 678 2958 scripta
692 2884 736 2940 les
750 2883 784 2940 de
798 2887 914 2958 stupris,
935 2885 1034 2942 idcirco
1049 2902 1104 2942 non

137 2979 237 3027 contra
252 2969 326 3025 illam
340 2969 429 3044 legem
441 2972 631 3043 sempiternam
643 2967 703 3024 Ser.
716 2968 876 3042 l'arquinius
888 2969 942 3024 uim
952 2967 1102 3034 Lucretiae,

137 3053 295 3127 Tricipitini
310 3051 392 3125 filiae,
404 3053 505 3110 attulit.
527 3053 670 3110 eratenim
686 3054 765 3124 ratio,
780 3053 901 3126 prolecta
917 3070 932 3108 a
951 3070 1041 3109 rerum
1057 3069 1103 3108 na·

136 3146 199 3193 tura
216 3145 244 3194 et
260 3136 377 3194 adnecte
392 3137 543 3194 laciendum
558 3137 690 3210 inpellens
706 3145 734 3193 et
749 3153 763 3192 a
778 3136 877 3192 delicto
893 3153 1019 3209 auocans,
1035 3153 1104 3210 quae

135 3237 192 3278 non
216 3228 276 3276 tum
295 3220 411 3294 danique
432 3222 526 3294 incipit
544 3219 587 3276 lex
602 3236 673 3291 esse,
694 3236 776 3293 quom
791 3222 890 3294 scripta
905 3230 958 3290 est,
972 3221 1020 3276 sed
1035 3230 1103 3292 tum,

135 3321 198 3360 cum
219 3311 280 3360 orta
295 3313 352 3373 επις
374 3313 435 3362 orta
456 3313 545 3360 autem
560 3312 603 3361 est
617 3303 698 3360 simul
717 3301 778 3360 cum
793 3311 882 3360 mente
896 3304 994 3362 diuina.
1025 3320 1104 3376 quam

212 3489 232 3557 ¹)
252 3493 370 3542 sermonis
383 3491 440 3542 AB
450 3494 550 3543 rationis
564 3494 603 3544 ed.
616 3493 646 3543 V.
690 3489 713 3558 ²)
727 3507 755 3542 ex
773 3493 833 3542 add.
849 3491 904 3541 AB
916 3491 956 3540 ed.
966 3489 998 3539 V.
1032 3485 1053 3554 ³)
1068 3500 1104 3539 at·

136 3579 181 3627 qne
197 3571 222 3613 at
236 3562 294 3612 AB
319 3562 341 3630 ⁴)
356 3563 446 3614 Malim
459 3564 555 3615 hebere.
