2672 4112
465 261 500 294 nn
518 259 629 296 ucornvs
647 259 726 296 nmen
738 261 779 296 111.
1061 253 1099 310 71

135 388 188 444 loci
211 386 246 444 de
267 384 471 459 magistratibus
492 395 556 442 sunt
576 387 687 460 propria
708 385 853 459 quaedam,
879 401 895 442 a
914 385 1101 460 Theophrasto

69 506 72 510 -
136 473 266 545 primum,
283 469 380 526 deinde
396 487 412 524 a
427 469 509 526 Dione
525 469 616 526 Stoico
633 471 754 544 quaesita
769 469 906 531 subtilius.

200 569 244 629 Vl.
266 559 312 628 14,Ι
332 571 368 626 Α.
393 570 443 625 hin
459 567 584 626 tandem?
597 571 680 625 'etiam
696 586 711 625 a
725 569 822 626 Stoicis
831 569 883 625 ista
894 577 1009 626 tractata
1021 571 1102 626 sunti

202 671 244 726 M.
261 669 320 725 Non
336 686 400 726 sanc
416 671 468 725 nisi
483 667 515 725 ab
530 686 574 741 eo,
591 687 670 746 quem
685 669 766 725 modo
787 671 937 741 nominaui,
959 678 987 726 et
1007 681 1103 744 postea

137 771 153 809 a
168 769 269 826 magno
285 753 394 809 homine
410 761 437 809 et
451 755 479 809 in
495 755 588 827 primis
603 753 725 824 erudito,
746 751 881 809 Panaetio.
916 767 977 810 nam
994 761 1102 811 ueteres

137 836 225 893 uerbo
241 845 321 892 tenus
337 845 415 893 acute
429 837 468 892 illi
483 836 602 910 quidem,
624 837 672 892 sed
687 853 742 893 non
758 835 790 891 ad
805 835 877 893 hunc
892 853 970 893 usum
984 839 1101 912 popula·

137 937 196 976 rem
219 929 301 994 atque
323 921 440 992 ciuilem,
464 919 497 976 de
517 935 549 975 re
570 919 677 994 publica
698 919 876 976 disserebant.
906 919 938 976 ah
955 917 1101 978 academia¹

135 1005 224 1077 magis
243 1005 296 1059 ista
316 1013 468 1077 manarunt,
487 1001 600 1060 Platone
620 1006 755 1079 priucipe3
779 1013 843 1077 post
858 1005 1017 1060 Aristoteles
1032 1007 1101 1062 inlu·

136 1089 237 1143 strauit
252 1103 360 1143 omnem
375 1087 447 1143 hunc
458 1087 565 1144 ciuilem
573 1089 601 1143 in
613 1087 777 1163 disputando
790 1088 880 1144 locum
892 1087 1100 1163 Heraclidesque

135 1171 270 1228 Ponticus
285 1171 425 1245 proiectus
441 1170 473 1227 ah
489 1171 584 1227 eodem
599 1171 728 1240 Platone3
749 1169 954 1245 Theophrastus
971 1185 1047 1244 uero,
1062 1173 1101 1228 in·

137 1257 254 1312 stitutus
270 1253 302 1310 ab
318 1254 473 1329 Aristotele,
490 1254 631 1326 habitauit,
646 1263 677 1310 ut
690 1255 777 1326 scitis,
792 1255 820 1311 in
835 1271 868 1310 eo
884 1270 986 1328 genere
1001 1271 1102 1328 rerum,

137 1337 172 1394 ah
188 1337 339 1410 eodemque
351 1337 498 1394 Aristotele
513 1337 610 1394 doctus
625 1339 800 1395 Dicaearchus
815 1338 878 1394 huic
888 1337 989 1394 rationi
998 1339 1103 1396 studio-

141 1438 198 1494 que
214 1437 270 1476 non
285 1420 382 1491 deluit3
403 1431 467 1495 post
487 1439 502 1478 a
516 1421 705 1497 'l’heophrasto
721 1421 865 1478 Phalereus
880 1421 926 1478 ille
941 1421 1100 1496 Demetrius,

140 1504 177 1560 de
194 1521 250 1577 quo
265 1503 315 1560 ieci
329 1521 409 1579 supra
424 1507 599 1576 mentionem,
615 1505 770 1562 mirabiliter
784 1505 934 1562 doctrinam
949 1522 983 1562 er
994 1507 1102 1563 umbra·

137 1587 210 1645 culis
226 1583 476 1666 eruditorum[que]
501 1590 613 1662 otioque
634 1607 687 1646 non
711 1589 791 1646 modo
814 1591 843 1646 in
866 1589 951 1646 solem
972 1600 1054 1666 atque
1075 1593 1102 1648 ln

135 1671 293 1744 puluerem,
309 1672 399 1728 sedin
415 1675 503 1746 ipsum
519 1672 662 1730 discrimen
677 1675 815 1746 aciemque
829 1673 974 1748 produxit:
994 1690 1056 1730 uam
1075 1684 1102 1732 et

135 1753 313 1811 mediocriter
334 1757 431 1814 doctos
451 1773 565 1830 magnos
586 1759 614 1812 in
628 1755 779 1830 republica
795 1757 870 1813 uiros
886 1764 914 1813 et
929 1757 1102 1815 doctissimos

69 1898 71 1904 ,
135 1839 263 1894 homines
278 1853 334 1894 non
348 1841 428 1896 nimis
442 1841 471 1895 in
486 1855 515 1896 re
525 1839 634 1914 publica
644 1849 768 1897 uersatus
779 1841 881 1896 multos
891 1857 1103 1899 commemorare

134 1939 302 1996 possumus;
320 1923 367 1996 qui
377 1939 444 1980 uero
460 1933 575 1997 utraque
589 1941 619 1980 re
634 1923 789 1996 excelleret,
804 1933 835 1979 ut
851 1931 878 1978 et
894 1921 1033 1980 doctrinae
1044 1933 1102 1980 stu-

137 2005 189 2061 diis
205 2015 231 2061 et
247 2005 367 2080 regenda
382 2008 492 2064 ciuitate
506 2009 633 2081 princeps
649 2015 732 2077 esset,
748 2007 809 2080 quis
825 2005 1021 2079 iacilepraeter
1031 2008 1102 2066 hunc

137 2089 254 2146 inueniri
269 2091 380 2163 potest?

202 2192 238 2247 A.
262 2189 332 2246 Puto
354 2207 437 2265 posse
459 2199 487 2248 et
509 2191 617 2266 quidem
639 2189 757 2264 aliquem
779 2197 807 2246 te
829 2190 916 2246 trihus
939 2189 1032 2248 nobis:
1055 2191 1101 2248 sed

136 2290 237 2348 perge,
254 2283 285 2330 ut
300 2291 439 2348 coeperas.

202 2373 257 2430 vlt.
283 2371 327 2431 1⁶.
356 2375 397 2432 M.
427 2373 583 2442 Quaesitum
604 2376 688 2450 igitur
709 2374 741 2430 ab
763 2373 816 2430 illis
839 2383 896 2446 est,
926 2371 1102 2453 placerethee)

139 2474 226 2514 unum
239 2459 268 2514 in
283 2459 393 2515 ciuitate
409 2475 468 2514 esse
482 2459 685 2534 magistratum,
700 2460 744 2516 cui
758 2457 856 2532 reliqui
871 2467 1011 2532 parerent,
1028 2460 1103 2532 quod

141 2543 241 2597 exactis
255 2541 365 2616 regibus
380 2543 512 2618 intellego
527 2543 662 2617 placuisse
676 2543 778 2599 nostris
793 2542 955 2612 maioribus3
972 2542 1019 2598 sed
1036 2559 1103 2616 quc·
1164 2603 1167 2608 ,

139 2627 213 2680 niam
235 2625 326 2698 regale
348 2627 466 2683 ciuitatis
481 2643 579 2700 genus,
601 2626 746 2700 probatum
761 2626 908 2700 quondam,
929 2633 1026 2700 postea
1047 2643 1103 2684 non

137 2719 194 2765 tam
214 2711 292 2782 regni
315 2727 396 2784 quam
418 2713 491 2784 regis
514 2711 590 2768 uitiis
602 2711 774 2785 repudiatum
795 2719 853 2780 est,
875 2726 975 2767 nomen
998 2717 1102 2766 tantum

137 2791 280 2849 uidebitur
293 2795 367 2867 regis
382 2795 564 2868 repudiatum,
579 2811 623 2852 res
638 2792 765 2868 mauebit,
781 2795 804 2850 si
819 2810 889 2850 unns
901 2793 1026 2850 omuibus
1041 2794 1103 2850 reli·

137 2879 202 2950 quis
217 2877 419 2951 magistratibus
435 2877 585 2952 imperabit.
616 2874 661 2936 16.
679 2894 732 2952 qua
753 2895 783 2935 re
797 2894 848 2934 nec
862 2878 958 2952 ephori
972 2877 1103 2935 Lacedae·

137 2977 221 3016 mone
242 2961 301 3016 sine
320 2977 400 3017 causa
415 2979 431 3018 a
446 2962 621 3037 Theopompo
638 2963 759 3036 oppositi
773 2961 884 3036 regibus
900 2977 950 3018 nec
966 2961 1037 3035 apud
1052 2977 1103 3024 nos

136 3041 299 3101 consulibus
315 3043 427 3102 tribuni.
458 3062 519 3102 nam
533 3045 601 3102 illud
616 3046 724 3121 quidem
739 3047 839 3120 ipsum,
855 3045 929 3119 quod
943 3047 971 3100 in
986 3047 1044 3102 iure
1054 3062 1103 3120 po·

135 3129 222 3183 situm
244 3135 297 3199 est,
318 3127 400 3185 hahet
419 3129 526 3202 consul,
547 3137 578 3186 nt
593 3132 617 3187 ei
632 3131 729 3204 reliqui
746 3131 921 3204 magistratus
942 3145 1035 3186 omnes
1056 3145 1102 3202 pa·

135 3219 226 3284 neunt,
251 3221 364 3286 excepto
387 3212 506 3278 tribuno,
529 3216 576 3287 qui
597 3223 662 3288 post
684 3216 782 3284 extitit,
805 3230 841 3270 ne
861 3213 899 3286 id,
923 3213 996 3286 quod
1011 3213 1102 3282 luerit,

135 3302 223 3351 esset.
260 3295 313 3350 hcc
333 3298 404 3352 enim
424 3299 540 3370 primum
560 3299 658 3354 minuit
672 3298 815 3356 consulare
829 3299 889 3368 ius,
912 3296 986 3370 quod
1001 3297 1104 3352 exstitit

134 3379 214 3452 lpse,
238 3379 284 3450 qui
299 3394 332 3434 eo
348 3395 403 3436 non
418 3388 570 3453 teneretur,
590 3381 688 3438 deinde
703 3383 777 3456 quod
792 3381 885 3438 attulit
899 3379 1027 3436 auxilium
1042 3378 1103 3434 reli·

214 3572 237 3641 1)
253 3575 281 3624 ab
295 3575 356 3626 hanc
369 3577 457 3627 familia
471 3578 528 3627 AB
539 3579 568 3628 ab
582 3579 627 3628 hac
641 3579 729 3629 iamilia
743 3579 800 3629 edd.
