<?xml version="1.0" encoding="UTF-8"?>
<!DOCTYPE html PUBLIC "-//W3C//DTD XHTML 1.0 Transitional//EN"
    "http://www.w3.org/TR/xhtml1/DTD/xhtml1-transitional.dtd">
<html xmlns="http://www.w3.org/1999/xhtml" xml:lang="en" lang="en">
 <head>
  <title>
</title>
<meta http-equiv="Content-Type" content="text/html;charset=utf-8" />
  <meta name='ocr-system' content='tesseract 3.04.00' />
  <meta name='ocr-capabilities' content='ocr_page ocr_carea ocr_par ocr_line ocrx_word'/>
</head>
<body>
  <div class='ocr_page' id='page_1' title='image "./ivrisprvdentiae00huscgoog_0479.png"; bbox 0 0 2684 4112; ppageno 0'>
   <div class='ocr_carea' id='block_1_1' title="bbox 499 169 1103 234">
    <p class='ocr_par' dir='ltr' id='par_1_1' title="bbox 499 169 1103 234">
     <span class='ocr_line' id='line_1_1' title="bbox 499 169 1103 234; baseline 0 -13"><span class='ocrx_word' id='word_1_1' title='bbox 499 184 592 221; x_wconf 81' lang='lat' dir='ltr'>rvnrva</span> <span class='ocrx_word' id='word_1_2' title='bbox 610 187 737 224; x_wconf 77' lang='lat' dir='ltr'>rsvuuvs.</span> <span class='ocrx_word' id='word_1_3' title='bbox 1039 169 1103 234; x_wconf 80' lang='lat'>455</span> 
     </span>
    </p>
   </div>
   <div class='ocr_carea' id='block_1_2' title="bbox 67 319 1202 2484">
    <p class='ocr_par' dir='ltr' id='par_1_2' title="bbox 137 319 1099 592">
     <span class='ocr_line' id='line_1_2' title="bbox 137 319 1099 456; baseline -0.002 -14"><span class='ocrx_word' id='word_1_4' title='bbox 137 319 278 442; x_wconf 48' lang='grc' dir='ltr'>ἶῗᾝῗίξ</span> <span class='ocrx_word' id='word_1_5' title='bbox 292 319 1099 456; x_wconf 53' lang='lat' dir='ltr'>ittet:⁶¹²titulastitibilitanis</span> 
     </span>
     <span class='ocr_line' id='line_1_3' title="bbox 138 404 1098 524; baseline -0.003 -14"><span class='ocrx_word' id='word_1_6' title='bbox 138 457 211 524; x_wconf 85' lang='lat' dir='ltr'>sunt,</span> <span class='ocrx_word' id='word_1_7' title='bbox 232 455 268 509; x_wconf 89' lang='lat' dir='ltr'>ab</span> <span class='ocrx_word' id='word_1_8' title='bbox 286 455 340 509; x_wconf 92' lang='lat' dir='ltr'>hac</span> <span class='ocrx_word' id='word_1_9' title='bbox 357 427 423 509; x_wconf 67' lang='lat' dir='ltr'>lab’c</span> <span class='ocrx_word' id='word_1_10' title='bbox 434 404 582 510; x_wconf 61' lang='lat' dir='ltr'>dmmunes</span> <span class='ocrx_word' id='word_1_11' title='bbox 599 455 714 522; x_wconf 85' lang='lat' dir='ltr'>inerint,</span> <span class='ocrx_word' id='word_1_12' title='bbox 734 471 791 509; x_wconf 91' lang='lat' dir='ltr'>non</span> <span class='ocrx_word' id='word_1_13' title='bbox 802 455 885 509; x_wconf 90' lang='lat' dir='ltr'>modo</span> <span class='ocrx_word' id='word_1_14' title='bbox 899 454 1033 508; x_wconf 80' lang='lat' dir='ltr'>credibile</span> <span class='ocrx_word' id='word_1_15' title='bbox 1047 455 1098 522; x_wconf 89' lang='lat' dir='ltr'>est,</span> 
     </span>
     <span class='ocr_line' id='line_1_4' title="bbox 138 523 644 592; baseline -0.002 -15"><span class='ocrx_word' id='word_1_16' title='bbox 138 523 188 578; x_wconf 88' lang='lat' dir='ltr'>ssd</span> <span class='ocrx_word' id='word_1_17' title='bbox 206 524 294 577; x_wconf 83' lang='lat' dir='ltr'>etiam</span> <span class='ocrx_word' id='word_1_18' title='bbox 310 523 372 592; x_wconf 88' lang='lat' dir='ltr'>ipsa</span> <span class='ocrx_word' id='word_1_19' title='bbox 389 538 419 576; x_wconf 86' lang='lat' dir='ltr'>re</span> <span class='ocrx_word' id='word_1_20' title='bbox 437 523 644 590; x_wconf 87' lang='lat' dir='ltr'>comprobatur.</span> 
     </span>
    </p>

    <p class='ocr_par' dir='ltr' id='par_1_3' title="bbox 138 588 1100 727">
     <span class='ocr_line' id='line_1_5' title="bbox 207 588 1100 660; baseline 0 -16"><span class='ocrx_word' id='word_1_21' title='bbox 207 589 277 644; x_wconf 82' lang='lat' dir='ltr'>Cum</span> <span class='ocrx_word' id='word_1_22' title='bbox 294 605 362 644; x_wconf 84' lang='lat' dir='ltr'>vero</span> <span class='ocrx_word' id='word_1_23' title='bbox 380 590 437 644; x_wconf 88' lang='lat' dir='ltr'>iam</span> <span class='ocrx_word' id='word_1_24' title='bbox 455 591 491 644; x_wconf 86' lang='lat' dir='ltr'>ad</span> <span class='ocrx_word' id='word_1_25' title='bbox 503 590 634 646; x_wconf 82' lang='lat' dir='ltr'><strong>Paullum</strong></span> <span class='ocrx_word' id='word_1_26' title='bbox 645 591 804 660; x_wconf 73' lang='lat' dir='ltr'>integritati</span> <span class='ocrx_word' id='word_1_27' title='bbox 816 605 882 643; x_wconf 85' lang='lat' dir='ltr'>snae</span> <span class='ocrx_word' id='word_1_28' title='bbox 896 588 1100 644; x_wconf 75' lang='lat' dir='ltr'>restituendam</span> 
     </span>
     <span class='ocr_line' id='line_1_6' title="bbox 138 657 1100 727; baseline -0.003 -14"><span class='ocrx_word' id='word_1_29' title='bbox 138 657 307 724; x_wconf 81' lang='lat' dir='ltr'>venerimus,</span> <span class='ocrx_word' id='word_1_30' title='bbox 326 657 450 726; x_wconf 90' lang='lat' dir='ltr'>primum</span> <span class='ocrx_word' id='word_1_31' title='bbox 468 659 610 714; x_wconf 85' lang='lat' dir='ltr'>sciendum</span> <span class='ocrx_word' id='word_1_32' title='bbox 625 660 676 724; x_wconf 87' lang='lat' dir='ltr'>est,</span> <span class='ocrx_word' id='word_1_33' title='bbox 694 659 836 727; x_wconf 88' lang='lat' dir='ltr'>epitomae</span> <span class='ocrx_word' id='word_1_34' title='bbox 851 657 1026 710; x_wconf 83' lang='lat' dir='ltr'>Alariciauae</span> <span class='ocrx_word' id='word_1_35' title='bbox 1044 673 1100 710; x_wconf 92' lang='lat' dir='ltr'>non</span> 
     </span>
    </p>

    <p class='ocr_par' dir='ltr' id='par_1_4' title="bbox 67 725 1101 796">
     <span class='ocr_line' id='line_1_7' title="bbox 67 725 1101 796; baseline 0.001 -20"><span class='ocrx_word' id='word_1_36' title='bbox 67 733 126 788; x_wconf 76' lang='lat' dir='ltr'>{est}</span> <span class='ocrx_word' id='word_1_37' title='bbox 141 725 274 794; x_wconf 81' lang='lat' dir='ltr'>exignum</span> <span class='ocrx_word' id='word_1_38' title='bbox 297 741 446 778; x_wconf 86' lang='lat' dir='ltr'>nnmerum</span> <span class='ocrx_word' id='word_1_39' title='bbox 473 726 732 796; x_wconf 73' lang='lat' dir='ltr'>supplementorum</span> <span class='ocrx_word' id='word_1_40' title='bbox 759 725 907 787; x_wconf 84' lang='lat' dir='ltr'>accedere,</span> <span class='ocrx_word' id='word_1_41' title='bbox 934 725 1039 793; x_wconf 85' lang='lat' dir='ltr'>partim</span> <span class='ocrx_word' id='word_1_42' title='bbox 1067 741 1101 778; x_wconf 85' lang='lat' dir='ltr'>ex</span> 
     </span>
    </p>

    <p class='ocr_par' dir='ltr' id='par_1_5' title="bbox 138 791 1101 1266">
     <span class='ocr_line' id='line_1_8' title="bbox 139 791 1100 864; baseline -0.003 -17"><span class='ocrx_word' id='word_1_43' title='bbox 139 793 314 864; x_wconf 76' lang='lat' dir='ltr'>Fragmentis</span> <span class='ocrx_word' id='word_1_44' title='bbox 327 791 473 847; x_wconf 77' lang='lat' dir='ltr'>Vaticanis</span> <span class='ocrx_word' id='word_1_45' title='bbox 492 799 521 848; x_wconf 88' lang='lat' dir='ltr'>et</span> <span class='ocrx_word' id='word_1_46' title='bbox 533 794 688 848; x_wconf 86' lang='lat' dir='ltr'>Collatione</span> <span class='ocrx_word' id='word_1_47' title='bbox 707 795 737 846; x_wconf 88' lang='lat' dir='ltr'>et</span> <span class='ocrx_word' id='word_1_48' title='bbox 749 791 961 848; x_wconf 77' lang='lat' dir='ltr'>Consultatione</span> <span class='ocrx_word' id='word_1_49' title='bbox 980 792 1100 844; x_wconf 85' lang='lat' dir='ltr'>etlusti·</span> 
     </span>
     <span class='ocr_line' id='line_1_9' title="bbox 138 858 1101 938; baseline -0.003 -24"><span class='ocrx_word' id='word_1_50' title='bbox 138 863 216 915; x_wconf 87' lang='lat' dir='ltr'>niani</span> <span class='ocrx_word' id='word_1_51' title='bbox 241 860 381 938; x_wconf 81' lang='lat' dir='ltr'>Digestis,</span> <span class='ocrx_word' id='word_1_52' title='bbox 408 861 513 929; x_wconf 88' lang='lat' dir='ltr'>partim</span> <span class='ocrx_word' id='word_1_53' title='bbox 543 879 577 916; x_wconf 86' lang='lat' dir='ltr'>ex</span> <span class='ocrx_word' id='word_1_54' title='bbox 603 861 770 930; x_wconf 86' lang='lat' dir='ltr'>quibusdam</span> <span class='ocrx_word' id='word_1_55' title='bbox 797 858 939 913; x_wconf 74' lang='lat' dir='ltr'>codicibus</span> <span class='ocrx_word' id='word_1_56' title='bbox 965 859 1101 912; x_wconf 86' lang='lat' dir='ltr'>breviarii</span> 
     </span>
     <span class='ocr_line' id='line_1_10' title="bbox 140 926 1098 1000; baseline -0.002 -18"><span class='ocrx_word' id='word_1_57' title='bbox 140 929 300 994; x_wconf 79' lang='lat' dir='ltr'>Alariciam,</span> <span class='ocrx_word' id='word_1_58' title='bbox 320 929 421 997; x_wconf 85' lang='lat' dir='ltr'>quibus</span> <span class='ocrx_word' id='word_1_59' title='bbox 440 945 475 982; x_wconf 81' lang='lat' dir='ltr'>er</span> <span class='ocrx_word' id='word_1_60' title='bbox 493 929 621 1000; x_wconf 80' lang='lat' dir='ltr'>genuinis</span> <span class='ocrx_word' id='word_1_61' title='bbox 640 929 730 982; x_wconf 90' lang='lat' dir='ltr'>Paulli</span> <span class='ocrx_word' id='word_1_62' title='bbox 748 927 907 990; x_wconf 81' lang='lat' dir='ltr'>Sententiis,</span> <span class='ocrx_word' id='word_1_63' title='bbox 927 928 958 980; x_wconf 87' lang='lat' dir='ltr'>ut</span> <span class='ocrx_word' id='word_1_64' title='bbox 976 926 1098 991; x_wconf 85' lang='lat' dir='ltr'>videtur,</span> 
     </span>
     <span class='ocr_line' id='line_1_11' title="bbox 139 993 1099 1119; baseline -0.003 -1"><span class='ocrx_word' id='word_1_65' title='bbox 139 995 835 1118; x_wconf 61' lang='lat' dir='ltr'>{lauritiussubruitur</span> <span class='ocrx_word' id='word_1_66' title='bbox 848 993 1099 1116; x_wconf 53' lang='lat' dir='ltr'>irretierit</span> 
     </span>
     <span class='ocr_line' id='line_1_12' title="bbox 141 1101 1098 1200; baseline -0.006 -14"><span class='ocrx_word' id='word_1_67' title='bbox 141 1138 248 1186; x_wconf 74' lang='lat'>15-19.</span> <span class='ocrx_word' id='word_1_68' title='bbox 260 1137 301 1188; x_wconf 76' lang='lat'>21.</span> <span class='ocrx_word' id='word_1_69' title='bbox 314 1137 355 1185; x_wconf 60' lang='grc' dir='ltr'>ῃ.</span> <span class='ocrx_word' id='word_1_70' title='bbox 376 1132 531 1200; x_wconf 85' lang='lat' dir='ltr'>exscriptus</span> <span class='ocrx_word' id='word_1_71' title='bbox 550 1133 579 1186; x_wconf 87' lang='lat' dir='ltr'>et</span> <span class='ocrx_word' id='word_1_72' title='bbox 595 1105 624 1184; x_wconf 69' lang='lat' dir='ltr'>iu</span> <span class='ocrx_word' id='word_1_73' title='bbox 643 1131 767 1185; x_wconf 88' lang='lat' dir='ltr'>editione</span> <span class='ocrx_word' id='word_1_74' title='bbox 786 1145 835 1182; x_wconf 88' lang='lat' dir='ltr'>sua</span> <span class='ocrx_word' id='word_1_75' title='bbox 852 1143 876 1188; x_wconf 81' lang='lat' dir='ltr'>a,</span> <span class='ocrx_word' id='word_1_76' title='bbox 898 1101 973 1182; x_wconf 65' lang='grc' dir='ltr'>156θῖ</span> <span class='ocrx_word' id='word_1_77' title='bbox 990 1127 1098 1182; x_wconf 85' lang='lat' dir='ltr'>adbibi-</span> 
     </span>
     <span class='ocr_line' id='line_1_13' title="bbox 138 1199 579 1266; baseline 0.002 -13"><span class='ocrx_word' id='word_1_78' title='bbox 138 1201 196 1266; x_wconf 90' lang='lat' dir='ltr'>tus,</span> <span class='ocrx_word' id='word_1_79' title='bbox 214 1215 289 1251; x_wconf 89' lang='lat' dir='ltr'>nnnc</span> <span class='ocrx_word' id='word_1_80' title='bbox 305 1213 374 1252; x_wconf 85' lang='lat' dir='ltr'>vero</span> <span class='ocrx_word' id='word_1_81' title='bbox 392 1199 579 1266; x_wconf 86' lang='lat' dir='ltr'>deperditus.¹</span> 
     </span>
    </p>

    <p class='ocr_par' dir='ltr' id='par_1_6' title="bbox 138 1263 1202 2484">
     <span class='ocr_line' id='line_1_14' title="bbox 208 1263 1102 1336; baseline -0.003 -18"><span class='ocrx_word' id='word_1_82' title='bbox 208 1265 288 1330; x_wconf 79' lang='lat' dir='ltr'>Quod</span> <span class='ocrx_word' id='word_1_83' title='bbox 305 1281 373 1319; x_wconf 78' lang='lat' dir='ltr'>uero</span> <span class='ocrx_word' id='word_1_84' title='bbox 391 1265 535 1336; x_wconf 86' lang='lat' dir='ltr'>adipeam</span> <span class='ocrx_word' id='word_1_85' title='bbox 554 1268 706 1336; x_wconf 83' lang='lat' dir='ltr'>epitomum</span> <span class='ocrx_word' id='word_1_86' title='bbox 726 1264 913 1319; x_wconf 83' lang='lat' dir='ltr'>Alaricianam</span> <span class='ocrx_word' id='word_1_87' title='bbox 931 1263 1047 1328; x_wconf 80' lang='lat' dir='ltr'>attinet,</span> <span class='ocrx_word' id='word_1_88' title='bbox 1067 1277 1102 1316; x_wconf 88' lang='lat' dir='ltr'>ea</span> 
     </span>
     <span class='ocr_line' id='line_1_15' title="bbox 140 1332 1102 1401; baseline -0.002 -16"><span class='ocrx_word' id='word_1_89' title='bbox 140 1333 254 1401; x_wconf 90' lang='lat' dir='ltr'>quidem</span> <span class='ocrx_word' id='word_1_90' title='bbox 272 1333 420 1401; x_wconf 88' lang='lat' dir='ltr'>permultis</span> <span class='ocrx_word' id='word_1_91' title='bbox 432 1335 575 1389; x_wconf 90' lang='lat' dir='ltr'>codicibus</span> <span class='ocrx_word' id='word_1_92' title='bbox 587 1351 651 1392; x_wconf 86' lang='lat' dir='ltr'>mss.</span> <span class='ocrx_word' id='word_1_93' title='bbox 666 1334 702 1387; x_wconf 84' lang='lat' dir='ltr'>ad</span> <span class='ocrx_word' id='word_1_94' title='bbox 719 1350 770 1388; x_wconf 86' lang='lat' dir='ltr'>nos</span> <span class='ocrx_word' id='word_1_95' title='bbox 786 1348 838 1401; x_wconf 91' lang='lat' dir='ltr'>pro</span> <span class='ocrx_word' id='word_1_96' title='bbox 897 1332 945 1385; x_wconf 79' lang='lat' dir='ltr'>ata</span> <span class='ocrx_word' id='word_1_97' title='bbox 961 1333 1013 1398; x_wconf 84' lang='lat' dir='ltr'>est,</span> <span class='ocrx_word' id='word_1_98' title='bbox 1032 1345 1102 1397; x_wconf 89' lang='lat' dir='ltr'>quo·</span> 
     </span>
     <span class='ocr_line' id='line_1_16' title="bbox 139 1349 1202 1463; baseline -0.004 -11"><span class='ocrx_word' id='word_1_99' title='bbox 139 1417 204 1453; x_wconf 84' lang='lat' dir='ltr'>rum</span> <span class='ocrx_word' id='word_1_100' title='bbox 212 1400 339 1453; x_wconf 84' lang='lat' dir='ltr'>nonnulli</span> <span class='ocrx_word' id='word_1_101' title='bbox 351 1402 387 1455; x_wconf 87' lang='lat' dir='ltr'>ab</span> <span class='ocrx_word' id='word_1_102' title='bbox 397 1403 554 1456; x_wconf 81' lang='lat' dir='ltr'>editoribus</span> <span class='ocrx_word' id='word_1_103' title='bbox 564 1400 658 1456; x_wconf 87' lang='lat' dir='ltr'>seculo</span> <span class='ocrx_word' id='word_1_104' title='bbox 674 1401 783 1456; x_wconf 89' lang='lat' dir='ltr'>decimo</span> <span class='ocrx_word' id='word_1_105' title='bbox 794 1349 927 1454; x_wconf 47' lang='lat' dir='ltr'>restittat</span> <span class='ocrx_word' id='word_1_106' title='bbox 966 1400 1012 1463; x_wconf 91' lang='lat' dir='ltr'>cti,</span> <span class='ocrx_word' id='word_1_107' title='bbox 1027 1415 1100 1452; x_wconf 90' lang='lat' dir='ltr'>nnnc</span> <span class='ocrx_word' id='word_1_108' title='bbox 1200 1441 1202 1448; x_wconf 81' lang='grc'>,</span> 
     </span>
     <span class='ocr_line' id='line_1_17' title="bbox 140 1467 1099 1538; baseline -0.002 -18"><span class='ocrx_word' id='word_1_109' title='bbox 140 1468 190 1521; x_wconf 90' lang='lat' dir='ltr'>ubi</span> <span class='ocrx_word' id='word_1_110' title='bbox 208 1467 276 1534; x_wconf 86' lang='lat' dir='ltr'>sint,</span> <span class='ocrx_word' id='word_1_111' title='bbox 296 1467 454 1538; x_wconf 75' lang='lat' dir='ltr'>ignoratur,</span> <span class='ocrx_word' id='word_1_112' title='bbox 474 1470 564 1524; x_wconf 88' lang='lat' dir='ltr'>multo</span> <span class='ocrx_word' id='word_1_113' title='bbox 582 1469 673 1523; x_wconf 89' lang='lat' dir='ltr'>maior</span> <span class='ocrx_word' id='word_1_114' title='bbox 692 1469 787 1522; x_wconf 86' lang='lat' dir='ltr'>autem</span> <span class='ocrx_word' id='word_1_115' title='bbox 804 1483 870 1536; x_wconf 86' lang='lat' dir='ltr'>pars</span> <span class='ocrx_word' id='word_1_116' title='bbox 888 1467 923 1520; x_wconf 89' lang='lat' dir='ltr'>ad</span> <span class='ocrx_word' id='word_1_117' title='bbox 945 1482 979 1520; x_wconf 91' lang='lat' dir='ltr'>uc</span> <span class='ocrx_word' id='word_1_118' title='bbox 998 1467 1099 1529; x_wconf 80' lang='lat' dir='ltr'>enatat¹</span> 
     </span>
     <span class='ocr_line' id='line_1_18' title="bbox 139 1533 1099 1605; baseline -0.002 -17"><span class='ocrx_word' id='word_1_119' title='bbox 139 1551 192 1589; x_wconf 86' lang='lat' dir='ltr'>nec</span> <span class='ocrx_word' id='word_1_120' title='bbox 211 1534 299 1588; x_wconf 86' lang='lat' dir='ltr'>solum</span> <span class='ocrx_word' id='word_1_121' title='bbox 323 1537 416 1590; x_wconf 88' lang='lat' dir='ltr'>exstat</span> <span class='ocrx_word' id='word_1_122' title='bbox 437 1539 487 1591; x_wconf 88' lang='lat' dir='ltr'>sed</span> <span class='ocrx_word' id='word_1_123' title='bbox 505 1541 535 1591; x_wconf 89' lang='lat' dir='ltr'>et</span> <span class='ocrx_word' id='word_1_124' title='bbox 552 1538 581 1590; x_wconf 91' lang='lat' dir='ltr'>in</span> <span class='ocrx_word' id='word_1_125' title='bbox 604 1538 697 1590; x_wconf 88' lang='lat' dir='ltr'>lucem</span> <span class='ocrx_word' id='word_1_126' title='bbox 719 1537 864 1605; x_wconf 84' lang='lat' dir='ltr'>protracta</span> <span class='ocrx_word' id='word_1_127' title='bbox 882 1536 932 1589; x_wconf 90' lang='lat' dir='ltr'>est.</span> <span class='ocrx_word' id='word_1_128' title='bbox 969 1533 1099 1602; x_wconf 87' lang='lat' dir='ltr'>Inprimis</span> 
     </span>
     <span class='ocr_line' id='line_1_19' title="bbox 139 1600 1099 1668; baseline -0.005 -10"><span class='ocrx_word' id='word_1_129' title='bbox 139 1603 258 1658; x_wconf 82' lang='lat' dir='ltr'>Gustavi</span> <span class='ocrx_word' id='word_1_130' title='bbox 272 1602 403 1658; x_wconf 86' lang='lat' dir='ltr'>Haeuelii</span> <span class='ocrx_word' id='word_1_131' title='bbox 419 1604 563 1659; x_wconf 85' lang='lat' dir='ltr'>doctrinae</span> <span class='ocrx_word' id='word_1_132' title='bbox 578 1606 608 1658; x_wconf 92' lang='lat' dir='ltr'>et</span> <span class='ocrx_word' id='word_1_133' title='bbox 618 1603 760 1658; x_wconf 85' lang='lat' dir='ltr'>indefesso</span> <span class='ocrx_word' id='word_1_134' title='bbox 770 1603 865 1656; x_wconf 90' lang='lat' dir='ltr'>studio</span> <span class='ocrx_word' id='word_1_135' title='bbox 876 1602 1004 1668; x_wconf 81' lang='lat' dir='ltr'>debetur,</span> <span class='ocrx_word' id='word_1_136' title='bbox 1023 1600 1099 1668; x_wconf 86' lang='lat' dir='ltr'>qnod</span> 
     </span>
     <span class='ocr_line' id='line_1_20' title="bbox 138 1669 1100 1741; baseline -0.002 -17"><span class='ocrx_word' id='word_1_137' title='bbox 138 1671 257 1741; x_wconf 78' lang='lat' dir='ltr'>triginta</span> <span class='ocrx_word' id='word_1_138' title='bbox 265 1672 400 1740; x_wconf 88' lang='lat' dir='ltr'>quattuor</span> <span class='ocrx_word' id='word_1_139' title='bbox 409 1673 536 1726; x_wconf 84' lang='lat' dir='ltr'>codicum</span> <span class='ocrx_word' id='word_1_140' title='bbox 549 1673 584 1726; x_wconf 87' lang='lat' dir='ltr'>ab</span> <span class='ocrx_word' id='word_1_141' title='bbox 598 1672 660 1741; x_wconf 90' lang='lat' dir='ltr'>ipso</span> <span class='ocrx_word' id='word_1_142' title='bbox 673 1670 878 1739; x_wconf 83' lang='lat' dir='ltr'>descriptorum</span> <span class='ocrx_word' id='word_1_143' title='bbox 893 1673 922 1723; x_wconf 88' lang='lat' dir='ltr'>ct</span> <span class='ocrx_word' id='word_1_144' title='bbox 933 1669 1100 1724; x_wconf 82' lang='lat' dir='ltr'>collatorum</span> 
     </span>
     <span class='ocr_line' id='line_1_21' title="bbox 138 1737 1102 1808; baseline -0.002 -17"><span class='ocrx_word' id='word_1_145' title='bbox 138 1739 307 1793; x_wconf 85' lang='lat' dir='ltr'>lectionibus</span> <span class='ocrx_word' id='word_1_146' title='bbox 324 1739 367 1792; x_wconf 86' lang='lat' dir='ltr'>uti</span> <span class='ocrx_word' id='word_1_147' title='bbox 383 1739 491 1794; x_wconf 64' lang='lat' dir='ltr'>liceat.²</span> <span class='ocrx_word' id='word_1_148' title='bbox 521 1739 643 1804; x_wconf 82' lang='lat' dir='ltr'>Quorum</span> <span class='ocrx_word' id='word_1_149' title='bbox 661 1739 776 1808; x_wconf 87' lang='lat' dir='ltr'>quidem</span> <span class='ocrx_word' id='word_1_150' title='bbox 793 1737 835 1790; x_wconf 91' lang='lat' dir='ltr'>sin</span> <span class='ocrx_word' id='word_1_151' title='bbox 877 1737 967 1791; x_wconf 86' lang='lat' dir='ltr'>lorum</span> <span class='ocrx_word' id='word_1_152' title='bbox 980 1737 1015 1789; x_wconf 90' lang='lat' dir='ltr'>de</span> <span class='ocrx_word' id='word_1_153' title='bbox 1029 1737 1102 1790; x_wconf 89' lang='lat' dir='ltr'>doti-</span> 
     </span>
     <span class='ocr_line' id='line_1_22' title="bbox 139 1804 1101 1878; baseline 0 -18"><span class='ocrx_word' id='word_1_154' title='bbox 139 1806 191 1860; x_wconf 88' lang='lat' dir='ltr'>bus</span> <span class='ocrx_word' id='word_1_155' title='bbox 210 1823 296 1877; x_wconf 81' lang='lat' dir='ltr'>agere</span> <span class='ocrx_word' id='word_1_156' title='bbox 314 1808 345 1860; x_wconf 91' lang='lat' dir='ltr'>et</span> <span class='ocrx_word' id='word_1_157' title='bbox 361 1807 477 1878; x_wconf 84' lang='lat' dir='ltr'>longum</span> <span class='ocrx_word' id='word_1_158' title='bbox 495 1809 602 1862; x_wconf 87' lang='lat' dir='ltr'>estnec</span> <span class='ocrx_word' id='word_1_159' title='bbox 619 1807 694 1862; x_wconf 89' lang='lat' dir='ltr'>tanti</span> <span class='ocrx_word' id='word_1_160' title='bbox 711 1807 806 1860; x_wconf 83' lang='lat' dir='ltr'>refert.</span> <span class='ocrx_word' id='word_1_161' title='bbox 843 1805 921 1874; x_wconf 83' lang='lat' dir='ltr'>gitur</span> <span class='ocrx_word' id='word_1_162' title='bbox 933 1804 1101 1860; x_wconf 84' lang='lat' dir='ltr'>sullicithoc</span> 
     </span>
     <span class='ocr_line' id='line_1_23' title="bbox 138 1871 1101 1954; baseline -0.001 -28"><span class='ocrx_word' id='word_1_163' title='bbox 138 1873 200 1927; x_wconf 92' lang='lat' dir='ltr'>loco</span> <span class='ocrx_word' id='word_1_164' title='bbox 219 1873 390 1941; x_wconf 80' lang='lat' dir='ltr'>generaliter</span> <span class='ocrx_word' id='word_1_165' title='bbox 406 1876 531 1941; x_wconf 88' lang='lat' dir='ltr'>notasse,</span> <span class='ocrx_word' id='word_1_166' title='bbox 555 1875 625 1929; x_wconf 86' lang='lat' dir='ltr'>duos</span> <span class='ocrx_word' id='word_1_167' title='bbox 643 1874 729 1929; x_wconf 85' lang='lat' dir='ltr'>seculi</span> <span class='ocrx_word' id='word_1_168' title='bbox 752 1873 879 1954; x_wconf 85' lang='lat' dir='ltr'>septimi,</span> <span class='ocrx_word' id='word_1_169' title='bbox 904 1873 1011 1926; x_wconf 86' lang='lat' dir='ltr'>ceteros</span> <span class='ocrx_word' id='word_1_170' title='bbox 1028 1871 1101 1925; x_wconf 86' lang='lat' dir='ltr'>inse·</span> 
     </span>
     <span class='ocr_line' id='line_1_24' title="bbox 139 1941 1101 2010; baseline 0 -17"><span class='ocrx_word' id='word_1_171' title='bbox 139 1943 288 2008; x_wconf 77' lang='lat' dir='ltr'>quantiam</span> <span class='ocrx_word' id='word_1_172' title='bbox 306 1942 466 1996; x_wconf 86' lang='lat' dir='ltr'>seculorum</span> <span class='ocrx_word' id='word_1_173' title='bbox 484 1959 552 2008; x_wconf 89' lang='lat' dir='ltr'>esse,</span> <span class='ocrx_word' id='word_1_174' title='bbox 571 1942 640 1996; x_wconf 90' lang='lat' dir='ltr'>alios</span> <span class='ocrx_word' id='word_1_175' title='bbox 657 1957 741 2010; x_wconf 87' lang='lat' dir='ltr'>saepe</span> <span class='ocrx_word' id='word_1_176' title='bbox 760 1941 830 1995; x_wconf 81' lang='lat' dir='ltr'>alias</span> <span class='ocrx_word' id='word_1_177' title='bbox 842 1941 997 1994; x_wconf 86' lang='lat' dir='ltr'>sententias</span> <span class='ocrx_word' id='word_1_178' title='bbox 1012 1941 1101 1994; x_wconf 87' lang='lat' dir='ltr'>conti·</span> 
     </span>
     <span class='ocr_line' id='line_1_25' title="bbox 140 2009 1100 2078; baseline 0.001 -18"><span class='ocrx_word' id='word_1_179' title='bbox 140 2023 208 2061; x_wconf 89' lang='lat' dir='ltr'>nere</span> <span class='ocrx_word' id='word_1_180' title='bbox 226 2024 278 2061; x_wconf 91' lang='lat' dir='ltr'>nec</span> <span class='ocrx_word' id='word_1_181' title='bbox 296 2024 380 2076; x_wconf 89' lang='lat' dir='ltr'>quem</span> <span class='ocrx_word' id='word_1_182' title='bbox 401 2025 466 2062; x_wconf 89' lang='lat' dir='ltr'>uam</span> <span class='ocrx_word' id='word_1_183' title='bbox 485 2011 593 2064; x_wconf 87' lang='lat' dir='ltr'>ceteros</span> <span class='ocrx_word' id='word_1_184' title='bbox 609 2009 651 2064; x_wconf 89' lang='lat' dir='ltr'>ita</span> <span class='ocrx_word' id='word_1_185' title='bbox 668 2009 845 2078; x_wconf 85' lang='lat' dir='ltr'>praestantia</span> <span class='ocrx_word' id='word_1_186' title='bbox 855 2023 997 2077; x_wconf 82' lang='lat' dir='ltr'>superare¹</span> <span class='ocrx_word' id='word_1_187' title='bbox 1017 2009 1100 2064; x_wconf 88' lang='lat' dir='ltr'>uteo</span> 
     </span>
     <span class='ocr_line' id='line_1_26' title="bbox 141 2074 1102 2132; baseline 0.002 -5"><span class='ocrx_word' id='word_1_188' title='bbox 141 2074 203 2128; x_wconf 90' lang='lat' dir='ltr'>solo</span> <span class='ocrx_word' id='word_1_189' title='bbox 214 2077 257 2128; x_wconf 88' lang='lat' dir='ltr'>uti</span> <span class='ocrx_word' id='word_1_190' title='bbox 266 2075 357 2130; x_wconf 83' lang='lat' dir='ltr'>liceat</span> <span class='ocrx_word' id='word_1_191' title='bbox 414 2077 509 2132; x_wconf 85' lang='lat' dir='ltr'>mnino</span> <span class='ocrx_word' id='word_1_192' title='bbox 519 2079 614 2131; x_wconf 87' lang='lat' dir='ltr'>autem</span> <span class='ocrx_word' id='word_1_193' title='bbox 629 2079 659 2130; x_wconf 94' lang='lat' dir='ltr'>in</span> <span class='ocrx_word' id='word_1_194' title='bbox 674 2077 748 2130; x_wconf 91' lang='lat' dir='ltr'>bunc</span> <span class='ocrx_word' id='word_1_195' title='bbox 760 2092 908 2130; x_wconf 88' lang='lat' dir='ltr'>numerum</span> <span class='ocrx_word' id='word_1_196' title='bbox 917 2092 974 2130; x_wconf 89' lang='lat' dir='ltr'>non</span> <span class='ocrx_word' id='word_1_197' title='bbox 984 2075 1102 2129; x_wconf 87' lang='lat' dir='ltr'>veniunt</span> 
     </span>
     <span class='ocr_line' id='line_1_27' title="bbox 140 2142 1101 2214; baseline -0.002 -18"><span class='ocrx_word' id='word_1_198' title='bbox 140 2142 252 2196; x_wconf 88' lang='lat' dir='ltr'>codices</span> <span class='ocrx_word' id='word_1_199' title='bbox 271 2143 457 2212; x_wconf 87' lang='lat' dir='ltr'>epitomarurn</span> <span class='ocrx_word' id='word_1_200' title='bbox 474 2145 595 2212; x_wconf 89' lang='lat' dir='ltr'>illarum,</span> <span class='ocrx_word' id='word_1_201' title='bbox 614 2144 694 2199; x_wconf 86' lang='lat' dir='ltr'>velut</span> <span class='ocrx_word' id='word_1_202' title='bbox 711 2144 893 2214; x_wconf 75' lang='lat' dir='ltr'>Aegidianaa</span> <span class='ocrx_word' id='word_1_203' title='bbox 912 2142 1101 2196; x_wconf 81' lang='lat' dir='ltr'>Guelferbita-</span> 
     </span>
     <span class='ocr_line' id='line_1_28' title="bbox 138 2209 1101 2334; baseline 0 -4"><span class='ocrx_word' id='word_1_204' title='bbox 138 2209 447 2332; x_wconf 51' lang='lat' dir='ltr'>attributis</span> <span class='ocrx_word' id='word_1_205' title='bbox 464 2211 958 2334; x_wconf 56' lang='lat' dir='ltr'>‘rrrrattractaret</span> <span class='ocrx_word' id='word_1_206' title='bbox 986 2210 1101 2330; x_wconf 56' lang='grc' dir='ltr'>Ἢ</span> 
     </span>
     <span class='ocr_line' id='line_1_29' title="bbox 139 2319 1101 2415; baseline 0 -17"><span class='ocrx_word' id='word_1_207' title='bbox 139 2346 242 2398; x_wconf 90' lang='lat' dir='ltr'>merito</span> <span class='ocrx_word' id='word_1_208' title='bbox 260 2345 290 2398; x_wconf 89' lang='lat' dir='ltr'>in</span> <span class='ocrx_word' id='word_1_209' title='bbox 307 2319 463 2412; x_wconf 72' lang='lat' dir='ltr'>pleniorem</span> <span class='ocrx_word' id='word_1_210' title='bbox 480 2348 609 2402; x_wconf 87' lang='lat' dir='ltr'>notitiam</span> <span class='ocrx_word' id='word_1_211' title='bbox 628 2349 775 2402; x_wconf 85' lang='lat' dir='ltr'>venerunt.</span> <span class='ocrx_word' id='word_1_212' title='bbox 811 2346 848 2399; x_wconf 88' lang='lat' dir='ltr'>Et</span> <span class='ocrx_word' id='word_1_213' title='bbox 864 2362 930 2400; x_wconf 86' lang='lat' dir='ltr'>sane</span> <span class='ocrx_word' id='word_1_214' title='bbox 949 2345 986 2398; x_wconf 85' lang='lat' dir='ltr'>ad</span> <span class='ocrx_word' id='word_1_215' title='bbox 1003 2344 1101 2415; x_wconf 71' lang='lat' dir='ltr'>genni-</span> 
     </span>
     <span class='ocr_line' id='line_1_30' title="bbox 138 2412 993 2484; baseline 0 -18"><span class='ocrx_word' id='word_1_216' title='bbox 138 2430 207 2467; x_wconf 92' lang='lat' dir='ltr'>num</span> <span class='ocrx_word' id='word_1_217' title='bbox 225 2412 357 2468; x_wconf 79' lang='lat' dir='ltr'>Paullum</span> <span class='ocrx_word' id='word_1_218' title='bbox 375 2414 580 2469; x_wconf 88' lang='lat' dir='ltr'>restituendum</span> <span class='ocrx_word' id='word_1_219' title='bbox 600 2415 644 2468; x_wconf 88' lang='lat' dir='ltr'>vix</span> <span class='ocrx_word' id='word_1_220' title='bbox 663 2415 818 2484; x_wconf 86' lang='lat' dir='ltr'>quidquam</span> <span class='ocrx_word' id='word_1_221' title='bbox 837 2414 993 2468; x_wconf 82' lang='lat' dir='ltr'>conferunt.</span> 
     </span>
    </p>
   </div>
   <div class='ocr_carea' id='block_1_3' title="bbox 139 2623 1103 3612">
    <p class='ocr_par' dir='ltr' id='par_1_7' title="bbox 139 2623 1103 3612">
     <span class='ocr_line' id='line_1_31' title="bbox 213 2623 1101 2692; baseline 0 -16"><span class='ocrx_word' id='word_1_222' title='bbox 213 2623 235 2692; x_wconf 83' lang='lat'>¹)</span> <span class='ocrx_word' id='word_1_223' title='bbox 248 2627 282 2676; x_wconf 81' lang='lat' dir='ltr'>Cl.</span> <span class='ocrx_word' id='word_1_224' title='bbox 303 2628 397 2677; x_wconf 85' lang='lat' dir='ltr'>Sticber</span> <span class='ocrx_word' id='word_1_225' title='bbox 415 2629 491 2678; x_wconf 82' lang='lat' dir='ltr'>Praei.</span> <span class='ocrx_word' id='word_1_226' title='bbox 512 2629 542 2678; x_wconf 89' lang='lat' dir='ltr'>ad</span> <span class='ocrx_word' id='word_1_227' title='bbox 561 2629 678 2678; x_wconf 90' lang='lat' dir='ltr'>llauboldi</span> <span class='ocrx_word' id='word_1_228' title='bbox 698 2643 780 2692; x_wconf 83' lang='lat' dir='ltr'>opusc.</span> <span class='ocrx_word' id='word_1_229' title='bbox 800 2628 865 2679; x_wconf 84' lang='lat' dir='ltr'>acad.</span> <span class='ocrx_word' id='word_1_230' title='bbox 880 2628 905 2679; x_wconf 87' lang='lat' dir='ltr'>T.</span> <span class='ocrx_word' id='word_1_231' title='bbox 926 2627 954 2680; x_wconf 86' lang='lat' dir='ltr'>ll.</span> <span class='ocrx_word' id='word_1_232' title='bbox 974 2643 997 2692; x_wconf 91' lang='lat' dir='ltr'>p.</span> <span class='ocrx_word' id='word_1_233' title='bbox 1013 2627 1101 2678; x_wconf 87' lang='lat' dir='ltr'>CllLll.</span> 
     </span>
     <span class='ocr_line' id='line_1_32' title="bbox 141 2697 1102 2764; baseline 0.001 -18"><span class='ocrx_word' id='word_1_234' title='bbox 141 2697 238 2747; x_wconf 86' lang='lat' dir='ltr'>llaencl.</span> <span class='ocrx_word' id='word_1_235' title='bbox 254 2700 328 2763; x_wconf 88' lang='lat' dir='ltr'>prael.</span> <span class='ocrx_word' id='word_1_236' title='bbox 339 2699 369 2748; x_wconf 88' lang='lat' dir='ltr'>ad</span> <span class='ocrx_word' id='word_1_237' title='bbox 384 2700 428 2762; x_wconf 79' lang='lat' dir='ltr'>leg.</span> <span class='ocrx_word' id='word_1_238' title='bbox 439 2700 506 2748; x_wconf 83' lang='lat' dir='ltr'>llum.</span> <span class='ocrx_word' id='word_1_239' title='bbox 518 2701 589 2762; x_wconf 79' lang='lat' dir='ltr'>Visig.</span> <span class='ocrx_word' id='word_1_240' title='bbox 601 2715 624 2764; x_wconf 87' lang='lat' dir='ltr'>p.</span> <span class='ocrx_word' id='word_1_241' title='bbox 635 2700 703 2750; x_wconf 90' lang='lat' dir='ltr'>llVll.</span> <span class='ocrx_word' id='word_1_242' title='bbox 716 2699 774 2748; x_wconf 91' lang='lat' dir='ltr'>lllll.</span> <span class='ocrx_word' id='word_1_243' title='bbox 799 2699 932 2748; x_wconf 74' lang='lat' dir='ltr'>Verisimile</span> <span class='ocrx_word' id='word_1_244' title='bbox 947 2707 991 2764; x_wconf 87' lang='lat' dir='ltr'>est,</span> <span class='ocrx_word' id='word_1_245' title='bbox 1007 2701 1030 2748; x_wconf 91' lang='lat' dir='ltr'>in</span> <span class='ocrx_word' id='word_1_246' title='bbox 1046 2713 1102 2748; x_wconf 86' lang='lat' dir='ltr'>cae-</span> 
     </span>
     <span class='ocr_line' id='line_1_33' title="bbox 139 2769 1101 2834; baseline 0.001 -16"><span class='ocrx_word' id='word_1_247' title='bbox 139 2769 198 2818; x_wconf 89' lang='lat' dir='ltr'>teris</span> <span class='ocrx_word' id='word_1_248' title='bbox 214 2770 346 2819; x_wconf 88' lang='lat' dir='ltr'>occidentis</span> <span class='ocrx_word' id='word_1_249' title='bbox 361 2771 468 2834; x_wconf 88' lang='lat' dir='ltr'>partibus</span> <span class='ocrx_word' id='word_1_250' title='bbox 480 2779 544 2820; x_wconf 84' lang='lat' dir='ltr'>extra</span> <span class='ocrx_word' id='word_1_251' title='bbox 560 2785 657 2833; x_wconf 79' lang='lat' dir='ltr'>reguum</span> <span class='ocrx_word' id='word_1_252' title='bbox 668 2771 843 2832; x_wconf 77' lang='lat' dir='ltr'>visigothorum</span> <span class='ocrx_word' id='word_1_253' title='bbox 853 2769 917 2834; x_wconf 83' lang='lat' dir='ltr'>(uam</span> <span class='ocrx_word' id='word_1_254' title='bbox 931 2771 969 2819; x_wconf 87' lang='lat' dir='ltr'>hic</span> <span class='ocrx_word' id='word_1_255' title='bbox 980 2771 1101 2834; x_wconf 86' lang='lat' dir='ltr'>antiquum</span> 
     </span>
     <span class='ocr_line' id='line_1_34' title="bbox 140 2840 1103 2906; baseline 0.003 -18"><span class='ocrx_word' id='word_1_256' title='bbox 140 2841 177 2888; x_wconf 92' lang='lat' dir='ltr'>ius</span> <span class='ocrx_word' id='word_1_257' title='bbox 192 2855 334 2903; x_wconf 82' lang='lat' dir='ltr'>pernoram</span> <span class='ocrx_word' id='word_1_258' title='bbox 349 2841 424 2902; x_wconf 79' lang='lat' dir='ltr'>legem</span> <span class='ocrx_word' id='word_1_259' title='bbox 439 2842 569 2890; x_wconf 86' lang='lat' dir='ltr'>Romanam</span> <span class='ocrx_word' id='word_1_260' title='bbox 584 2842 697 2890; x_wconf 88' lang='lat' dir='ltr'>abolitum</span> <span class='ocrx_word' id='word_1_261' title='bbox 713 2840 774 2906; x_wconf 86' lang='lat' dir='ltr'>erat)</span> <span class='ocrx_word' id='word_1_262' title='bbox 789 2842 943 2903; x_wconf 69' lang='lat' dir='ltr'>penninarum</span> <span class='ocrx_word' id='word_1_263' title='bbox 958 2841 1031 2890; x_wconf 78' lang='lat' dir='ltr'>Paulli</span> <span class='ocrx_word' id='word_1_264' title='bbox 1046 2855 1103 2891; x_wconf 86' lang='lat' dir='ltr'>sen·</span> 
     </span>
     <span class='ocr_line' id='line_1_35' title="bbox 140 2911 1103 2976; baseline 0.004 -18"><span class='ocrx_word' id='word_1_265' title='bbox 140 2912 268 2960; x_wconf 88' lang='lat' dir='ltr'>tentiarum</span> <span class='ocrx_word' id='word_1_266' title='bbox 282 2912 381 2961; x_wconf 87' lang='lat' dir='ltr'>codices</span> <span class='ocrx_word' id='word_1_267' title='bbox 396 2911 485 2961; x_wconf 90' lang='lat' dir='ltr'>diutius</span> <span class='ocrx_word' id='word_1_268' title='bbox 500 2913 523 2960; x_wconf 89' lang='lat' dir='ltr'>in</span> <span class='ocrx_word' id='word_1_269' title='bbox 534 2927 578 2961; x_wconf 88' lang='lat' dir='ltr'>usu</span> <span class='ocrx_word' id='word_1_270' title='bbox 594 2913 667 2961; x_wconf 87' lang='lat' dir='ltr'>luisse</span> <span class='ocrx_word' id='word_1_271' title='bbox 678 2919 702 2960; x_wconf 88' lang='lat' dir='ltr'>et</span> <span class='ocrx_word' id='word_1_272' title='bbox 713 2919 797 2976; x_wconf 85' lang='lat' dir='ltr'>postea</span> <span class='ocrx_word' id='word_1_273' title='bbox 807 2911 952 2961; x_wconf 81' lang='lat' dir='ltr'>Francorum</span> <span class='ocrx_word' id='word_1_274' title='bbox 962 2927 1034 2973; x_wconf 81' lang='lat' dir='ltr'>regno</span> <span class='ocrx_word' id='word_1_275' title='bbox 1045 2927 1103 2975; x_wconf 89' lang='lat' dir='ltr'>pru-</span> 
     </span>
     <span class='ocr_line' id='line_1_36' title="bbox 140 2981 1102 3046; baseline 0.002 -17"><span class='ocrx_word' id='word_1_276' title='bbox 140 2981 212 3036; x_wconf 86' lang='lat' dir='ltr'>latato</span> <span class='ocrx_word' id='word_1_277' title='bbox 228 2983 299 3031; x_wconf 89' lang='lat' dir='ltr'>etiam</span> <span class='ocrx_word' id='word_1_278' title='bbox 314 2983 343 3031; x_wconf 90' lang='lat' dir='ltr'>ab</span> <span class='ocrx_word' id='word_1_279' title='bbox 358 2983 404 3045; x_wconf 85' lang='lat' dir='ltr'>his,</span> <span class='ocrx_word' id='word_1_280' title='bbox 420 2983 460 3046; x_wconf 90' lang='lat' dir='ltr'>qui</span> <span class='ocrx_word' id='word_1_281' title='bbox 475 2984 498 3031; x_wconf 89' lang='lat' dir='ltr'>in</span> <span class='ocrx_word' id='word_1_282' title='bbox 510 2983 585 3032; x_wconf 87' lang='lat' dir='ltr'>Gallia</span> <span class='ocrx_word' id='word_1_283' title='bbox 595 2983 727 3032; x_wconf 84' lang='lat' dir='ltr'>meridiana</span> <span class='ocrx_word' id='word_1_284' title='bbox 737 2983 774 3032; x_wconf 89' lang='lat' dir='ltr'>ius</span> <span class='ocrx_word' id='word_1_285' title='bbox 785 2983 907 3045; x_wconf 85' lang='lat' dir='ltr'>docerent,</span> <span class='ocrx_word' id='word_1_286' title='bbox 925 2985 1034 3046; x_wconf 87' lang='lat' dir='ltr'>usurpari</span> <span class='ocrx_word' id='word_1_287' title='bbox 1046 2996 1102 3032; x_wconf 87' lang='lat' dir='ltr'>cos-</span> 
     </span>
     <span class='ocr_line' id='line_1_37' title="bbox 139 3052 1102 3118; baseline 0.004 -18"><span class='ocrx_word' id='word_1_288' title='bbox 139 3052 214 3114; x_wconf 89' lang='lat' dir='ltr'>pisse.</span> <span class='ocrx_word' id='word_1_289' title='bbox 242 3053 279 3102; x_wconf 90' lang='lat' dir='ltr'>lbi</span> <span class='ocrx_word' id='word_1_290' title='bbox 298 3053 360 3102; x_wconf 88' lang='lat' dir='ltr'>enim</span> <span class='ocrx_word' id='word_1_291' title='bbox 380 3054 474 3103; x_wconf 83' lang='lat' dir='ltr'>scholas</span> <span class='ocrx_word' id='word_1_292' title='bbox 494 3055 604 3118; x_wconf 84' lang='lat' dir='ltr'>antiquos</span> <span class='ocrx_word' id='word_1_293' title='bbox 623 3054 697 3103; x_wconf 90' lang='lat' dir='ltr'>libros</span> <span class='ocrx_word' id='word_1_294' title='bbox 717 3055 857 3117; x_wconf 84' lang='lat' dir='ltr'>retinuisse,</span> <span class='ocrx_word' id='word_1_295' title='bbox 880 3055 985 3118; x_wconf 81' lang='lat' dir='ltr'>exceptis</span> <span class='ocrx_word' id='word_1_296' title='bbox 1000 3055 1102 3104; x_wconf 80' lang='lat' dir='ltr'>sortasse</span> 
     </span>
     <span class='ocr_line' id='line_1_38' title="bbox 140 3122 1102 3189; baseline 0.004 -19"><span class='ocrx_word' id='word_1_297' title='bbox 140 3122 193 3171; x_wconf 87' lang='lat' dir='ltr'>Gaii</span> <span class='ocrx_word' id='word_1_298' title='bbox 206 3123 406 3186; x_wconf 80' lang='lat' dir='ltr'>institutionibus,</span> <span class='ocrx_word' id='word_1_299' title='bbox 422 3125 508 3187; x_wconf 86' lang='lat' dir='ltr'>probat</span> <span class='ocrx_word' id='word_1_300' title='bbox 521 3125 632 3173; x_wconf 87' lang='lat' dir='ltr'>remissio</span> <span class='ocrx_word' id='word_1_301' title='bbox 648 3124 677 3174; x_wconf 87' lang='lat' dir='ltr'>ad</span> <span class='ocrx_word' id='word_1_302' title='bbox 693 3122 778 3174; x_wconf 77' lang='lat' dir='ltr'>‘Paulli</span> <span class='ocrx_word' id='word_1_303' title='bbox 793 3125 916 3189; x_wconf 82' lang='lat' dir='ltr'>Responsa</span> <span class='ocrx_word' id='word_1_304' title='bbox 931 3125 975 3174; x_wconf 88' lang='lat' dir='ltr'>sub</span> <span class='ocrx_word' id='word_1_305' title='bbox 989 3125 1057 3174; x_wconf 90' lang='lat' dir='ltr'>titulo</span> <span class='ocrx_word' id='word_1_306' title='bbox 1073 3125 1102 3174; x_wconf 88' lang='lat' dir='ltr'>de</span> 
     </span>
     <span class='ocr_line' id='line_1_39' title="bbox 140 3191 1101 3258; baseline 0.004 -17"><span class='ocrx_word' id='word_1_307' title='bbox 140 3207 166 3242; x_wconf 88' lang='lat' dir='ltr'>rc</span> <span class='ocrx_word' id='word_1_308' title='bbox 181 3191 275 3242; x_wconf 79' lang='lat' dir='ltr'>uxoria&#39;</span> <span class='ocrx_word' id='word_1_309' title='bbox 292 3195 316 3242; x_wconf 90' lang='lat' dir='ltr'>in</span> <span class='ocrx_word' id='word_1_310' title='bbox 331 3195 433 3258; x_wconf 86' lang='lat' dir='ltr'>interpr.</span> <span class='ocrx_word' id='word_1_311' title='bbox 449 3195 491 3245; x_wconf 85' lang='lat' dir='ltr'>Th.</span> <span class='ocrx_word' id='word_1_312' title='bbox 502 3194 527 3244; x_wconf 87' lang='lat' dir='ltr'>C.</span> <span class='ocrx_word' id='word_1_313' title='bbox 539 3195 577 3244; x_wconf 93' lang='lat' dir='ltr'>lll.</span> <span class='ocrx_word' id='word_1_314' title='bbox 593 3207 626 3258; x_wconf 74' lang='lat'>18,</span> <span class='ocrx_word' id='word_1_315' title='bbox 642 3207 662 3246; x_wconf 73' lang='lat' dir='ltr'>a.</span> <span class='ocrx_word' id='word_1_316' title='bbox 687 3193 721 3244; x_wconf 81' lang='lat' dir='ltr'>Cf.</span> <span class='ocrx_word' id='word_1_317' title='bbox 732 3195 816 3247; x_wconf 90' lang='lat' dir='ltr'>lsidor.</span> <span class='ocrx_word' id='word_1_318' title='bbox 834 3197 898 3257; x_wconf 77' lang='lat' dir='ltr'>Orig.</span> <span class='ocrx_word' id='word_1_319' title='bbox 909 3208 929 3258; x_wconf 76' lang='lat' dir='ltr'>e,</span> <span class='ocrx_word' id='word_1_320' title='bbox 941 3207 967 3245; x_wconf 79' lang='lat'>14</span> <span class='ocrx_word' id='word_1_321' title='bbox 982 3203 1004 3244; x_wconf 88' lang='lat' dir='ltr'>et</span> <span class='ocrx_word' id='word_1_322' title='bbox 1020 3195 1101 3245; x_wconf 84' lang='lat' dir='ltr'>Coust.</span> 
     </span>
     <span class='ocr_line' id='line_1_40' title="bbox 140 3261 1101 3331; baseline 0.002 -19"><span class='ocrx_word' id='word_1_323' title='bbox 140 3263 241 3312; x_wconf 86' lang='lat' dir='ltr'>Omnem</span> <span class='ocrx_word' id='word_1_324' title='bbox 255 3265 316 3328; x_wconf 88' lang='lat' dir='ltr'>reip.</span> <span class='ocrx_word' id='word_1_325' title='bbox 331 3267 354 3327; x_wconf 67' lang='grc' dir='ltr'>ς.</span> <span class='ocrx_word' id='word_1_326' title='bbox 370 3277 389 3314; x_wconf 85' lang='lat'>1.</span> <span class='ocrx_word' id='word_1_327' title='bbox 442 3261 463 3331; x_wconf 79' lang='lat'>²)</span> <span class='ocrx_word' id='word_1_328' title='bbox 477 3266 617 3329; x_wconf 82' lang='lat' dir='ltr'>Descriptos</span> <span class='ocrx_word' id='word_1_329' title='bbox 632 3267 737 3315; x_wconf 78' lang='lat' dir='ltr'>inuenies</span> <span class='ocrx_word' id='word_1_330' title='bbox 752 3275 807 3330; x_wconf 87' lang='lat' dir='ltr'>post</span> <span class='ocrx_word' id='word_1_331' title='bbox 822 3267 956 3316; x_wconf 86' lang='lat' dir='ltr'>Stieberum</span> <span class='ocrx_word' id='word_1_332' title='bbox 971 3265 986 3315; x_wconf 89' lang='lat' dir='ltr'>l.</span> <span class='ocrx_word' id='word_1_333' title='bbox 1000 3282 1020 3316; x_wconf 87' lang='lat' dir='ltr'>c.</span> <span class='ocrx_word' id='word_1_334' title='bbox 1035 3267 1101 3316; x_wconf 82' lang='lat' dir='ltr'>T.11.</span> 
     </span>
     <span class='ocr_line' id='line_1_41' title="bbox 141 3335 1101 3400; baseline 0.002 -18"><span class='ocrx_word' id='word_1_335' title='bbox 141 3349 164 3396; x_wconf 88' lang='lat' dir='ltr'>p.</span> <span class='ocrx_word' id='word_1_336' title='bbox 175 3335 297 3384; x_wconf 89' lang='lat' dir='ltr'>LllllllVll</span> <span class='ocrx_word' id='word_1_337' title='bbox 308 3351 359 3400; x_wconf 88' lang='lat' dir='ltr'>seq.</span> <span class='ocrx_word' id='word_1_338' title='bbox 375 3337 398 3384; x_wconf 90' lang='lat' dir='ltr'>in</span> <span class='ocrx_word' id='word_1_339' title='bbox 408 3337 505 3386; x_wconf 89' lang='lat' dir='ltr'>Haeuel.</span> <span class='ocrx_word' id='word_1_340' title='bbox 521 3338 595 3400; x_wconf 87' lang='lat' dir='ltr'>prael.</span> <span class='ocrx_word' id='word_1_341' title='bbox 612 3337 641 3385; x_wconf 92' lang='lat' dir='ltr'>ad</span> <span class='ocrx_word' id='word_1_342' title='bbox 656 3337 681 3386; x_wconf 95' lang='lat' dir='ltr'>L.</span> <span class='ocrx_word' id='word_1_343' title='bbox 697 3337 763 3386; x_wconf 84' lang='lat' dir='ltr'>llum.</span> <span class='ocrx_word' id='word_1_344' title='bbox 776 3336 847 3398; x_wconf 76' lang='lat' dir='ltr'>Visig.</span> <span class='ocrx_word' id='word_1_345' title='bbox 863 3352 884 3384; x_wconf 87' lang='lat' dir='ltr'>c.</span> <span class='ocrx_word' id='word_1_346' title='bbox 896 3335 933 3384; x_wconf 95' lang='lat' dir='ltr'>lll.</span> <span class='ocrx_word' id='word_1_347' title='bbox 950 3350 974 3397; x_wconf 90' lang='lat' dir='ltr'>p.</span> <span class='ocrx_word' id='word_1_348' title='bbox 989 3335 1036 3383; x_wconf 90' lang='lat' dir='ltr'>llL.</span> <span class='ocrx_word' id='word_1_349' title='bbox 1051 3351 1101 3400; x_wconf 87' lang='lat' dir='ltr'>seq.</span> 
     </span>
     <span class='ocr_line' id='line_1_42' title="bbox 140 3401 1103 3471; baseline 0.001 -18"><span class='ocrx_word' id='word_1_350' title='bbox 140 3405 219 3468; x_wconf 89' lang='lat' dir='ltr'>lpsam</span> <span class='ocrx_word' id='word_1_351' title='bbox 240 3403 342 3455; x_wconf 82' lang='lat' dir='ltr'>‘variet</span> <span class='ocrx_word' id='word_1_352' title='bbox 363 3407 495 3470; x_wconf 87' lang='lat' dir='ltr'>scripturae</span> <span class='ocrx_word' id='word_1_353' title='bbox 515 3422 542 3456; x_wconf 85' lang='lat' dir='ltr'>er</span> <span class='ocrx_word' id='word_1_354' title='bbox 562 3407 634 3457; x_wconf 85' lang='lat' dir='ltr'>Paulli</span> <span class='ocrx_word' id='word_1_355' title='bbox 655 3424 667 3456; x_wconf 91' lang='lat' dir='ltr'>a</span> <span class='ocrx_word' id='word_1_356' title='bbox 685 3409 758 3470; x_wconf 80' lang='lat' dir='ltr'>Visig.</span> <span class='ocrx_word' id='word_1_357' title='bbox 774 3408 830 3471; x_wconf 86' lang='lat' dir='ltr'>epit.</span> <span class='ocrx_word' id='word_1_358' title='bbox 846 3401 985 3456; x_wconf 89' lang='lat' dir='ltr'>codicibus’</span> <span class='ocrx_word' id='word_1_359' title='bbox 1007 3405 1103 3468; x_wconf 81' lang='lat' dir='ltr'>collegit</span> 
     </span>
     <span class='ocr_line' id='line_1_43' title="bbox 140 3475 1102 3542; baseline 0.002 -19"><span class='ocrx_word' id='word_1_360' title='bbox 140 3475 204 3525; x_wconf 89' lang='lat' dir='ltr'>idem</span> <span class='ocrx_word' id='word_1_361' title='bbox 219 3476 292 3526; x_wconf 86' lang='lat' dir='ltr'>Boon.</span> <span class='ocrx_word' id='word_1_362' title='bbox 309 3488 369 3529; x_wconf 73' lang='lat'>1884.</span> <span class='ocrx_word' id='word_1_363' title='bbox 385 3485 409 3526; x_wconf 87' lang='lat' dir='ltr'>et</span> <span class='ocrx_word' id='word_1_364' title='bbox 423 3479 446 3527; x_wconf 92' lang='lat' dir='ltr'>in</span> <span class='ocrx_word' id='word_1_365' title='bbox 462 3477 532 3542; x_wconf 84' lang='lat' dir='ltr'>Corp.</span> <span class='ocrx_word' id='word_1_366' title='bbox 548 3479 592 3530; x_wconf 91' lang='lat' dir='ltr'>iur.</span> <span class='ocrx_word' id='word_1_367' title='bbox 609 3479 717 3529; x_wconf 87' lang='lat' dir='ltr'>antciust.</span> <span class='ocrx_word' id='word_1_368' title='bbox 732 3478 852 3528; x_wconf 84' lang='lat' dir='ltr'>Bonnensi</span> <span class='ocrx_word' id='word_1_369' title='bbox 866 3492 888 3540; x_wconf 88' lang='lat' dir='ltr'>p.</span> <span class='ocrx_word' id='word_1_370' title='bbox 905 3487 943 3528; x_wconf 77' lang='lat'>168</span> <span class='ocrx_word' id='word_1_371' title='bbox 957 3491 1007 3540; x_wconf 88' lang='lat' dir='ltr'>seq.</span> <span class='ocrx_word' id='word_1_372' title='bbox 1037 3476 1102 3526; x_wconf 92' lang='lat' dir='ltr'>Unus</span> 
     </span>
     <span class='ocr_line' id='line_1_44' title="bbox 141 3547 888 3612; baseline 0.003 -18"><span class='ocrx_word' id='word_1_373' title='bbox 141 3559 168 3594; x_wconf 84' lang='lat' dir='ltr'>ex</span> <span class='ocrx_word' id='word_1_374' title='bbox 183 3547 220 3596; x_wconf 88' lang='lat' dir='ltr'>his</span> <span class='ocrx_word' id='word_1_375' title='bbox 235 3547 319 3610; x_wconf 85' lang='lat' dir='ltr'>codd,</span> <span class='ocrx_word' id='word_1_376' title='bbox 335 3549 509 3612; x_wconf 81' lang='lat' dir='ltr'>berolinensis,</span> <span class='ocrx_word' id='word_1_377' title='bbox 525 3550 558 3598; x_wconf 90' lang='lat' dir='ltr'>ibi</span> <span class='ocrx_word' id='word_1_378' title='bbox 573 3549 674 3598; x_wconf 87' lang='lat' dir='ltr'>collatus</span> <span class='ocrx_word' id='word_1_379' title='bbox 689 3555 726 3598; x_wconf 91' lang='lat' dir='ltr'>est</span> <span class='ocrx_word' id='word_1_380' title='bbox 740 3565 753 3596; x_wconf 93' lang='lat' dir='ltr'>a</span> <span class='ocrx_word' id='word_1_381' title='bbox 768 3549 888 3598; x_wconf 79' lang='lat' dir='ltr'>lludorsro.</span> 
     </span>
    </p>
   </div>
   <div class='ocr_carea' id='block_1_4' title="bbox 0 0 1351 4112">
    <p class='ocr_par' dir='ltr' id='par_1_8' title="bbox 0 0 1351 4112">
     <span class='ocr_line' id='line_1_45' title="bbox 0 0 1351 4112; baseline 0 0"><span class='ocrx_word' id='word_1_382' title='bbox 0 0 1351 4112; x_wconf 95' lang='lat' dir='ltr'> </span> 
     </span>
    </p>
   </div>
  </div>
 </body>
</html>
