2672 4112
435 277 471 312 DE
489 277 601 313 LEGIBV!
620 275 698 312 LIBER
717 277 747 312 11.
1031 269 1072 326 49

169 403 314 460 Sacrum
360 419 505 459 sacroue
549 403 815 460 commendatum
851 404 907 476 qui
945 404 1075 478 clepsit

109 490 272 563 rapsitue
293 487 472 560 parricida
494 495 580 543 esto.

169 572 323 628 Periurii
349 587 458 645 poena
479 571 597 627 diuina
617 568 781 643 exitium,
810 571 950 626 humana
972 569 1075 626 dede·

107 649 308 731 cns(esto)¹.

170 740 348 796 incestum
374 738 568 812 pontifices
597 753 758 812 supremo
786 737 968 812 supplicio
997 754 1075 794 san·

107 825 242 884 ciunto.

172 907 302 981 impius
324 921 369 962 ue
391 905 518 962 rudeto
541 905 680 979 placare
702 904 801 960 donis
819 905 902 960 iram
924 905 1074 964 deornm.

171 990 280 1047 Caute
303 988 587 1047 notaredduuto:
610 1005 722 1064 poena
738 988 970 1045 uiolatiiuris
986 997 1074 1051 esto.

110 1076 280 1149 quocirca
312 1090 352 1130 ne
383 1075 457 1148 quis
488 1089 605 1146 agrum
636 1079 853 1129 consecrato.
909 1075 997 1144 auri,
1026 1091 1076 1129 ar·

22 1169 23 1174 ’
110 1161 222 1232 genti,
247 1157 367 1214 eboris
389 1156 549 1215 sacrandi
571 1157 689 1212 modus
712 1164 798 1212 esto.

173 1243 279 1298 Sacra
302 1243 439 1314 priuata
461 1247 633 1315 perpetua
654 1247 825 1297 manento.

175 1326 321 1382 Deorum
342 1324 482 1382 iianium
504 1327 579 1380 iura
602 1332 720 1382 sancta
743 1333 855 1380 sunto.
892 1317 1077 1397 'sepoltos²

111 1410 191 1466 ieto
226 1409 324 1465 datos
358 1409 460 1465 diuos
497 1407 662 1472 habento;
706 1417 876 1484 sumptum
916 1409 949 1463 in
987 1408 1077 1465 oiios

112 1493 317 1566 luctumque
337 1495 529 1548 minuunto.

177 1575 209 1632 X.
234 1572 281 1635 23.
303 1575 334 1643 0.
357 1576 489 1633 Conclusa
511 1576 618 1650 quidem
641 1583 683 1632 est
704 1592 719 1631 a
742 1583 779 1647 te,
801 1575 896 1648 irater,
918 1593 1014 1650 magua
1035 1576 1077 1632 iex
1122 1615 1128 1626 .

109 1676 177 1716 sane
200 1677 280 1734 quam
302 1659 390 1734 breui,
413 1668 466 1730 set,
489 1669 520 1716 ut
541 1661 606 1715 mihi
628 1659 736 1732 quidem
752 1659 870 1730 uidetur,
893 1676 947 1716 non
963 1661 1077 1716 muitum
1135 1645 1142 1662 ⁸

110 1744 250 1818 discrepat
264 1745 316 1800 ista
336 1745 498 1801 constitutio
519 1744 681 1818 religionum
696 1760 711 1799 a
726 1743 832 1816 legibus
847 1743 947 1800 Numae
962 1744 1077 1800 nostris·

111 1827 313 1901 quernoribus.

177 1912 218 1968 M.
241 1914 282 1968 An
305 1927 411 1985 censes,
433 1928 515 1986 quom
537 1911 640 1968 inillis
661 1910 695 1967 de
715 1909 863 1984 republica
878 1909 952 1965 libris
967 1925 1078 1983 persua·

113 1995 180 2050 dere
200 1995 326 2052 uideatur
347 1996 495 2068 Africanus,
519 1996 638 2052 omnium
660 2010 751 2050 rerum
773 1993 938 2067 publicarum
959 2001 1078 2048 nostram

114 2086 237 2136 ueterem
250 2081 324 2136 iliam
340 2079 423 2136 inisse
438 2089 586 2156 optumam,
608 2095 663 2134 non
684 2093 797 2134 necesse
817 2091 877 2132 esse
899 2083 1025 2149 optumae
1039 2079 1077 2133 roi

21 2167 22 2174 ’
113 2161 238 2238 publicae
252 2164 330 2238 leges
345 2164 409 2220 dare
424 2162 637 2221 consentaneas?

179 2247 213 2316 Q.
236 2247 319 2304 lmmo
341 2265 454 2320 prorsus
476 2249 512 2304 ita
534 2263 643 2304 censeo.

21 2375 22 2378 ,
178 2332 219 2387 M.
242 2331 314 2406 Ergo
330 2331 398 2388 adeo
414 2339 551 2406 expectate
567 2331 653 2405 leges,
668 2345 737 2402 quae
753 2345 839 2404 genus
854 2327 922 2384 iilud
938 2335 1079 2401 optumum

21 2429 22 2474 t
114 2417 157 2472 rei
174 2413 296 2488 publicae
311 2418 478 2488 contineant,
494 2423 531 2488 et,
546 2417 569 2470 si
584 2430 652 2489 quae
667 2413 738 2470 forte
756 2430 770 2468 a
784 2429 827 2468 me
842 2413 922 2468 hodie
938 2411 1077 2486 rogabun-

114 2508 175 2570 tur,
200 2515 265 2571 quae
285 2516 342 2556 non
364 2501 467 2557 sintin
490 2507 634 2555 nostrane
656 2497 762 2572 publica
783 2513 834 2553 nec
856 2497 967 2568 inerint,
990 2504 1077 2552 tamen

115 2575 211 2640 eranti
224 2582 279 2639 iere
293 2585 322 2640 in
337 2599 412 2639 more
428 2585 568 2654 maiorum,
584 2583 630 2655 qui
646 2592 703 2637 tum
719 2589 749 2637 ut
764 2580 807 2636 ier
823 2579 937 2636 ualebat.

179 2662 229 2723 24.
253 2668 288 2724 Α.
310 2666 396 2723 Suade
410 2669 506 2741 igitur,
522 2668 545 2722 si
560 2666 658 2740 placet,
673 2667 751 2720 istam
765 2665 850 2738 ipsam
865 2663 964 2738 legem,
980 2674 1010 2720 ut
1026 2681 1078 2738 ego

114 2751 185 2808 ‘utei
202 2745 264 2828 [tu]
281 2752 374 2824 rogas’
390 2753 493 2825 possim
509 2750 607 2806 dicere.

178 2835 221 2893 M.
246 2836 296 2890 Ain
311 2835 428 2908 tandem,
444 2836 543 2906 Attice,
559 2850 614 2890 non
629 2849 658 2889 es
673 2833 796 2889 dicturus
811 2831 908 2888 aliteri

178 2920 216 2975 A.
239 2918 354 2975 Prorsus
369 2921 496 2975 maiorem
512 2918 619 2990 quidem
634 2933 691 2973 rem
705 2915 806 2972 nullam
822 2917 933 2976 sciscam
948 2915 1036 2990 aliter,
1051 2917 1079 2971 in

113 3001 278 3080 minoribus,
294 3003 317 3058 si
333 3003 420 3076 uoles,
435 3003 569 3059 remittam
585 3003 637 3058 hoc
652 3001 708 3060 tibi.

179 3087 216 3156 Q.
239 3088 327 3159 Atque
349 3102 407 3142 mea
430 3085 537 3160 quidem
560 3082 680 3160 (eadem)
703 3085 838 3140 sententia
860 3091 912 3141 cst.

176 3169 220 3230 M.
244 3173 290 3242 At,
305 3186 338 3226 ne
353 3170 466 3244 longum
482 3168 539 3239 iiat,
555 3169 655 3226 uidete.

177 3253 215 3310 Α.
239 3253 345 3312 Utinam
361 3255 482 3328 quidem!
510 3253 575 3326 quid
590 3254 660 3308 enim
676 3268 757 3326 agere
773 3252 923 3310 malumus?

177 3339 220 3396 M.
245 3337 323 3394 Casta
344 3337 418 3395 iubet
432 3339 476 3395 ien
491 3337 563 3394 adire
578 3336 611 3392 ad
626 3335 701 3408 deos,
719 3338 806 3392 animo
823 3337 957 3404 uidelicet,
980 3339 1008 3393 in
1023 3353 1078 3409 quo

189 3525 210 3595 ¹)
225 3527 270 3578 Ec
284 3527 406 3578 Lambini
420 3531 453 3592 cj.
468 3529 561 3578 addidi
564 3543 575 3584 ,·
589 3543 648 3577 nam
661 3527 689 3576 ia
704 3529 759 3592 lcpe
773 3527 860 3576 deesse
874 3539 925 3575 non
935 3529 1029 3586 potest.
1083 3565 1087 3574 .

116 3595 314 3664 ¹)nosABed.
335 3599 365 3649 V.
396 3596 641 3664 ⁸)eruntABedd.

168 3693 437 3725 manutenuistis.
465 3693 504 3724 ΙΙ).
529 3693 551 3723 V.
832 3686 849 3732 4
