2696 4120
248 230 312 296 324
530 245 588 282 eam
605 245 700 282 meme.
718 227 765 283 111.
784 232 935 283 lot—154³.

250 389 327 446 uelut
350 391 378 445 in
400 389 492 460 lucro,
515 389 543 444 in
558 387 644 444 altero
660 403 727 444 uero
744 389 868 459 omissae,
892 388 919 443 in
938 402 971 444 eo
995 403 1117 462 quoque,
1140 389 1214 463 quod

186 524 187 531 ,
250 475 380 531 omissum
396 482 449 546 est,
464 473 565 528 similes
581 480 671 546 partes
688 480 776 532 erunt.
811 469 870 530 151.
887 471 972 528 llanet
991 480 1080 528 autem
1096 473 1215 530 societas

250 574 383 632 eousque,
399 558 488 615 donec
502 558 530 613 in
545 556 641 613 eodem
659 549 770 612 ’sensu¹
785 565 985 630 perseuerant3-
998 565 1025 612 at
1040 573 1101 613 cum
1117 557 1214 632 aliquis

250 643 448 700 renuntiauerit
463 643 602 712 societati,
624 641 742 698 societas
757 641 890 697 soluitur:
913 641 960 696 sed
975 641 1056 716 plane
1071 643 1095 697 si
1111 643 1173 716 quis
1188 645 1215 700 iu

250 728 304 784 hoc
331 727 532 783 renunciauerit
558 726 700 795 societati,
729 735 760 782 ut
789 723 936 782 obueniens
969 725 1080 800 aliquod
1109 726 1216 784 lucrum

251 812 326 868 solus
347 811 460 882 habeat,
483 810 570 869 ueluti
590 810 614 866 si
641 810 706 866 milri
726 818 847 866 totorum
867 809 1002 868 honorum
1022 813 1130 883 socius,
1155 828 1215 868 cum

251 895 389 970 abaliquo
412 896 491 952 heres
512 903 586 953 esset
600 894 726 965 relictus,
749 896 776 950 in
797 895 852 952 hoc
866 897 1064 952 renuuntiuuerit
1079 897 1215 967 societati,

251 989 282 1036 ut
303 979 481 1037 hereditatem
503 982 580 1038 solus
602 977 672 1034 lucri
694 979 784 1052 iaciat,
807 987 923 1054 cogetur
945 980 998 1036 hoc
1018 980 1126 1038 lucrum
1143 997 1215 1037 com·

165 1087 171 1102 ⁸
249 1066 401 1140 municare;
426 1066 450 1121 si
471 1065 535 1138 quid
551 1080 617 1122 uero
638 1063 714 1120 aliud
731 1064 799 1120 lucri
821 1065 930 1135 iecerit,
954 1064 1027 1138 quod
1049 1082 1104 1122 non
1127 1074 1216 1139 capta·

251 1151 338 1221 uerit,
361 1148 393 1206 ad
409 1151 498 1224 ipsum
513 1151 603 1207 solum
619 1150 750 1222 pertinet:
773 1149 839 1205 mihi
855 1165 933 1219 uero,
956 1148 1089 1223 quidquid
1104 1152 1214 1206 omnino
1230 1155 1283 1209 [aaa]

251 1242 315 1308 post
330 1235 511 1290 renuntiatam
526 1237 684 1292 societatem
699 1232 864 1307 adquiritur,
885 1233 937 1290 soli
953 1234 1120 1292 conceditur.
1150 1229 1214 1290 162.

251 1317 374 1374 Soluitur
388 1317 476 1374 adhuc
489 1321 605 1376 societas
622 1319 701 1375 ctiam
717 1327 805 1375 morte
821 1319 897 1385 socii,
919 1321 979 1393 quia
995 1320 1042 1392 qui
1057 1320 1215 1376 societatem

251 1402 401 1473 contrahit,
427 1411 528 1460 certam
550 1418 693 1477 personam
717 1401 767 1458 sibi
791 1403 877 1475 eligit.
929 1401 991 1462 158.
1014 1403 1115 1460 llicitur
1136 1405 1216 1459 etiam

156 1511 159 1518 ¹
251 1487 346 1559 eapitis
363 1485 542 1544 diminutione
557 1487 628 1544 solui
644 1488 812 1560 societatem,
832 1489 895 1560 qula
910 1487 984 1544 ciuili
999 1489 1106 1544 ratione
1121 1488 1216 1561 capitis

251 1569 394 1626 diminutio
420 1568 511 1627 'morti
538 1564 738 1646 coaequatur;²
765 1575 817 1629 sed
838 1573 932 1646 ulique
954 1573 977 1628 si
999 1563 1107 1652 '(alii)³
1128 1573 1218 1629 adhuc

251 1656 465 1712 consentientia
481 1657 649 1727 societatem,
665 1673 737 1713 nona
749 1656 860 1712 uidetur
870 1657 990 1730 incipere
1002 1657 1128 1714 societas.
1151 1653 1216 1715 154.

185 1775 187 1780 -
251 1739 317 1796 ltem
340 1740 363 1795 si
386 1741 463 1796 cuius
486 1757 518 1798 ex
534 1741 616 1798 sociis
638 1739 709 1796 bona
732 1739 839 1815 publice
855 1750 901 1797 aut
923 1742 1049 1814 priuatim
1072 1742 1217 1813 uenierint,

186 1830 243 1886 169.
253 1823 371 1880 soluitur
397 1826 523 1882 societas.
564 1819 660 1884 154²ss
687 1824 740 1882 Sed
767 1825 834 1882 haec
861 1841 971 1900 quoque
995 1820 998 1903 Ι
1024 1827 1156 1898 societas,
1184 1825 1218 1881 de

253 1925 305 1982 qua
328 1903 497 1982 loquimur,¹⁵
522 1910 562 1968 ’id
582 1919 640 1982 est,
669 1902 758 1984 quae⁶
779 1926 914 1966 consensu
939 1911 1109 1967 contrahitur
1129 1909 1215 1981 nudo,

326 2059 346 2128 ¹)
362 2060 482 2112 consensu
496 2061 561 2112 Inst.
582 2061 719 2112 Fortasse:
733 2063 794 2112 socii
808 2077 881 2112 seusu
895 2065 935 2112 uel
948 2077 1076 2112 consensu.
1137 2057 1158 2129 ¹)
1172 2061 1218 2113 Sic
1288 2081 1291 2084 ·
1338 2059 1339 2066 ’

258 2133 286 2182 V
286 2130 320 2190 ⁸²;
339 2135 407 2183 unde
425 2135 502 2184 etiam
521 2135 548 2182 in
568 2133 778 2184 antecedentibus
797 2134 863 2183 nibil
882 2134 933 2182 iam
952 2135 1099 2184 mutandum
1118 2149 1217 2185 censeo.

254 2199 276 2270 8)
290 2203 427 2268 Suppleui,
446 2205 516 2269 quod
534 2204 565 2255 ob
583 2207 712 2268 sequentia
733 2204 849 2270 syllabae
871 2206 1065 2255 similitudinem
1088 2206 1218 2255 caecidisse

253 2275 356 2325 videtur
374 2277 452 2325 etiam
470 2277 497 2325 in
517 2275 603 2325 Instit.
676 2273 699 2339 ⁴)
718 2275 796 2326 Hanc
815 2277 838 2338 ἓ.
860 2276 916 2338 feei
934 2283 959 2324 et
976 2277 1081 2326 restitui
1103 2292 1138 2326 eac
1161 2275 1187 2324 V
1189 2271 1217 2323 ¹2.

254 2343 276 2412 ⁶)
291 2347 403 2396 Diuersa
417 2353 455 2395 est
469 2348 537 2396 enim
551 2345 583 2396 ab
597 2361 628 2396 ea
642 2348 755 2396 societas
767 2348 822 2396 siue
837 2348 979 2396 communio
993 2348 1112 2397 incidens
1126 2347 1157 2412 (4,
1172 2345 1218 2413 aa),

253 2417 290 2466 ad
304 2431 379 2480 quam
393 2417 463 2480 quod
473 2419 596 2480 proxime
610 2417 642 2466 de
657 2417 781 2468 bonoram
794 2419 862 2468 socii
875 2417 1023 2468 venditione
1037 2419 1153 2477 dixerut,
1167 2433 1218 2482 qua

253 2502 317 2536 sane
336 2487 393 2549 ipsu
412 2501 455 2536 res
478 2489 630 2546 communis,
649 2489 677 2536 in
696 2504 747 2552 qua
761 2489 825 2539 baec
839 2490 952 2538 societas
966 2491 1094 2548 consistit,
1108 2491 1218 2548 tollitur,

253 2564 372 2624 spectare
387 2572 465 2620 posse
483 2558 634 2616 uidebatur,·
654 2574 686 2608 ea
705 2575 813 2624 namque
832 2561 893 2609 licet
916 2560 1046 2610 interdum
1064 2562 1140 2611 etiam
1159 2575 1218 2610 con-

254 2643 344 2689 sensu,
360 2634 442 2678 tamen
457 2645 585 2694 nunquam
601 2644 727 2680 consensu
742 2630 824 2689 nuda,
846 2631 893 2680 sed
905 2646 935 2680 re
950 2633 1080 2690 consistit,
1094 2639 1119 2680 et
1133 2637 1219 2694 potest

254 2701 331 2750 etiam
345 2700 403 2748 inre
413 2700 494 2760 ciuili,
508 2702 576 2750 uelut
585 2700 738 2761 hereditate,
752 2702 944 2765 mancipatione
954 2703 1042 2751 nasci:
1055 2702 1217 2750 desocietate

250 2770 451 2834 publicanorum
465 2778 535 2821 certe
552 2771 633 2821 Gaius
646 2787 698 2822 non
712 2773 843 2836 capitanii.
876 2772 950 2822 Dicit
965 2778 1049 2820 autem
1067 2783 1159 2834 quoqne
1174 2783 1216 2817 re-

254 2848 343 2905 spectu
366 2841 453 2892 babilo
476 2849 621 2896 ceterarum
643 2857 678 2892 em
702 2857 827 2892 consensu
851 2843 1045 2908 oblipationnm,
1074 2840 1217 2903 emptionis,

256 2913 406 2971 locationis,
428 2914 555 2974 mandati,
577 2929 643 2978 quae
664 2928 715 2963 nou
741 2915 817 2964 etiam
838 2915 894 2964 sine
920 2926 1044 2964 consensu
1067 2911 1218 2976 contingere

251 2990 369 3046 possunt.
408 2983 540 3034 Commode
554 2986 637 3050 initur
656 2983 699 3034 bic
714 2992 742 3034 ut
755 2985 788 3034 de
801 2982 1013 3050 oblipationibus,
1033 2998 1097 3048 quae
1113 2997 1143 3030 re
1158 2997 1218 3032 eon·

255 3054 396 3103 trabuntur
415 3056 438 3116 ξ.
458 3067 506 3106 111.
521 3055 601 3118 fecit,
625 3056 762 3106 occasione
784 3063 882 3105 tantum
901 3055 1035 3119 aptissima
1054 3055 1117 3104 data
1139 3060 1220 3111 notat,

256 3127 332 3174 etiam
346 3141 440 3184 omnes,
455 3141 521 3189 quae
535 3126 604 3175 nudo
619 3140 745 3176 consensu
765 3127 964 3184 contrabantur,
983 3125 1153 3191 obligationes
1167 3139 1221 3174 esse

257 3197 325 3245 iuris
336 3197 459 3262 pontium,
474 3211 506 3246 ne
520 3198 548 3245 in
563 3198 616 3247 ullo
628 3212 724 3262 penore
739 3199 768 3247 id
782 3198 851 3263 quod
864 3210 884 3259 1,
900 3209 910 3247 1
923 3198 969 3260 fin.
986 3198 1158 3260 promiserat,
1177 3196 1221 3245 de·

256 3267 395 3317 sideretnr.
415 3268 473 3317 uide
488 3267 525 3318 ibi
538 3267 652 3331 inferius
667 3275 763 3319 notata.
816 3265 838 3334 ο)
851 3266 896 3318 Sic
906 3266 996 3331 Suppl.
1007 3266 1045 3316 St.
1052 3283 1080 3332 p.
1095 3265 1221 3316 XXXII.

252 3353 305 3402 pro
321 3335 363 3388 ‘ob
377 3339 406 3388 id
419 3335 494 3403 quod'
510 3340 551 3392 ed.
565 3354 635 3388 meae
648 3351 670 3390 4.
693 3341 780 3404 itaque
791 3339 913 3404 dittinpii
927 3341 960 3402 ej.
971 3339 1047 3388 etiam
1060 3339 1148 3388 sensui
1162 3352 1222 3387 eon·

329 3459 354 3532 ξ.
372 3465 519 3525 151-4.
533 3463 641 3515 edio.
696 3460 1065 3533 §.152.=§.o.tnit.1.tb.
1121 3457 1146 3530 ξ.
1163 3461 1222 3510 153.

260 3535 299 3596 Cf.
314 3533 383 3597 Epit.
402 3546 427 3598 s,
446 3547 467 3586 o.
488 3536 509 3596 ξ.
525 3547 558 3587 1a.
583 3535 614 3584 L.
629 3547 650 3586 4.
675 3537 698 3598 ς.
713 3548 732 3586 1.
756 3534 788 3583 L.
803 3546 837 3587 oa.
862 3536 885 3596 i.
899 3545 932 3585 10.
957 3533 990 3582 L.
1005 3544 1038 3584 as.
1061 3534 1084 3595 5.
1099 3543 1118 3582 s.
1142 3531 1173 3580 L.
1188 3541 1223 3584 eo.

258 3607 281 3667 4.
297 3616 329 3654 n.
353 3605 385 3654 D.
401 3621 453 3668 pro
472 3621 525 3656 soc.
547 3606 596 3673 (ru,
616 3605 646 3671 a).
720 3602 746 3674 §-
763 3608 821 3657 164.
844 3606 882 3668 Cf.
902 3606 942 3668 ξς.
957 3617 978 3657 a.
994 3616 1015 3656 s.
1039 3601 1112 3654 Lib.
1127 3601 1164 3669 (s,
1178 3602 1224 3667 aa).
