2692 4114
469 239 592 276 notumve
611 239 746 277 rnersrrs.
1016 219 1081 288 565

129 363 259 420 Ceterum
277 362 391 415 illorum
408 361 497 430 probo
515 361 696 425 sententiam,
722 361 770 428 qui
792 361 876 414 variis
898 361 1007 416 casibus
1024 361 1082 416 iam

128 446 185 484 non
203 429 378 488 definiendis,
398 428 474 482 haud
486 443 552 481 vero
566 429 644 480 certa
655 428 763 480 ratione
781 443 823 493 ea,
843 444 914 495 quae
926 429 956 480 in
968 428 1082 497 Ulpiani

128 499 201 552 libro
220 496 422 559 desiderantur,
440 495 557 563 periisse
575 496 685 562 putant,
703 493 745 547 ita
756 496 851 548 tamen
863 497 896 548 ut
907 497 984 548 casui
996 496 1082 549 etiam

128 565 307 619 librariorum
329 563 442 616 fraudes
466 561 511 616 vel
528 561 610 614 nnius
628 561 790 626 alteriusve,
814 561 863 628 qui
886 562 989 616 librum
1006 565 1082 616 tran·

129 632 307 686 scribendum
325 630 419 692 daret,
443 629 643 696 parsimoniam
661 629 799 696 quaedem
817 630 910 683 minus
926 630 1083 683 necessaria

94 712 97 720 ·
129 698 277 753 alibrario
300 711 356 750 non
380 697 540 776 exigentem
563 695 741 749 adnumerari
758 695 856 748 velim:
880 696 985 749 similer
1007 697 1082 749 enim

128 767 244 820 iniurias
267 765 352 818 etiam
375 763 438 816 Gaii
461 763 614 832 epitomum
637 764 667 816 et
688 762 780 815 Paulli
803 763 962 816 Sententiae
987 779 1082 831 passas

129 849 190 887 esse
208 833 326 886 constat.
360 829 421 884 Hoc
439 830 462 882 si
479 833 615 894 tenemus,
633 829 663 882 in
682 829 779 883 critica
796 829 952 884 exercenda
967 846 1023 882 non
1040 831 1082 884 in·

128 899 200 954 certi
218 900 246 952 et
262 899 337 966 inter
354 897 470 965 Ulpiani
493 899 523 950 et
544 896 712 950 breviatoris
728 913 844 950 manum
862 897 942 964 quasi
958 898 1082 965 suspensi

128 965 322 1045 titubabimus,
332 964 382 1018 sed
393 965 499 1032 ubique
509 964 630 1032 Ulpiano
641 963 709 1031 quid
721 964 846 1032 dignum,
858 963 927 1030 quid
935 963 1082 1034 indignum

128 1036 173 1099 Μ’
193 1049 397 1175 iblratibeffaliirm
413 1061 598 1165 reliquiarum
615 1112 708 1175 pauca¹
723 1099 753 1150 et
769 1097 799 1150 in
817 1098 877 1176 fine.
889 1097 980 1176 multa
992 1113 1082 1176 eaque

128 1168 204 1222 certe
229 1183 293 1220 casu
315 1168 444 1234 perbene,
467 1180 563 1217 omnes
586 1166 770 1222 consentiunt.
805 1163 846 1218 De
869 1167 963 1230 mitro,
986 1165 1036 1218 ubr
1052 1182 1082 1218 m

130 1234 161 1292 U.
178 1232 243 1288 va.
266 1233 338 1285 hano
361 1231 441 1285 velut
461 1231 672 1298 inscriptionem
694 1249 776 1284 more.
801 1249 894 1285 rrrrrr
911 1250 946 1284 ax
963 1249 1082 1284 corrosa

128 1316 243 1354 vnrrsrr
261 1300 363 1352 ‘Mores
381 1300 446 1350 sunt
462 1298 564 1351 tacitus
581 1314 730 1351 consensus
748 1299 845 1367 populi
867 1299 952 1367 longa
969 1314 1081 1354 consue·

129 1367 229 1421 tudine
247 1365 433 1418 inueteratus’
454 1366 558 1432 excipit
575 1365 660 1418 index
677 1365 837 1430 titulorum,
857 1365 958 1419 deinde
977 1382 1080 1426 versus,

130 1435 154 1487 si
172 1433 223 1486 illa
241 1441 343 1510 ‘mores
356 1471 363 1484 .
377 1471 384 1485 .
400 1473 406 1486 .
425 1432 608 1509 inueteratus¹
628 1448 817 1510 connumeras,
836 1433 879 1485 bis
895 1434 1005 1510 septeni
1017 1433 1083 1486 deni

130 1501 242 1554 inverso
269 1499 366 1552 ordine
394 1499 490 1567 scrrptr
512 1501 588 1564 sunt,
616 1499 767 1552 belliss1ma
790 1501 832 1553 est
854 1501 884 1552 et
911 1502 978 1554 satra
1006 1502 1083 1553 certa

130 1567 296 1622 Mommseni
314 1564 483 1631 coniectura,
501 1566 552 1619 hos
569 1567 597 1618 in
617 1566 712 1619 codice
723 1567 780 1619 iam
792 1566 900 1632 mutilo,
917 1567 992 1621 unde
1004 1567 1082 1620 Vati-

131 1650 217 1688 canus
234 1633 373 1700 manavit,
391 1633 476 1702 primi
493 1633 554 1685 folii
571 1633 651 1686 binas
668 1634 785 1702 paginas
807 1633 973 1702 complesse,
996 1635 1081 1701 idque

128 1701 272 1755 librarium
292 1718 354 1754 cum
373 1701 496 1754 solutum
513 1700 674 1765 invenisset,
692 1700 798 1754 infelici
815 1717 882 1753 casu
894 1701 1040 1754 invertisse
1053 1703 1083 1752 et

129 1769 168 1823 sie
186 1768 402 1837 transcripsisse.
438 1767 495 1820 Sed
513 1767 567 1820 duo
586 1767 689 1820 addere
708 1767 786 1820 licet:
805 1768 935 1836 primum,
953 1767 1024 1820 illud
1041 1767 1082 1820 fo·

128 1836 198 1890 lium
210 1837 239 1888 in
248 1836 404 1889 vetustiore
417 1834 514 1888 codice
527 1834 649 1902 corporis
659 1834 774 1902 Ulpiani
786 1837 958 1902 postremum
971 1835 1082 1902 quater-

128 1903 220 1979 nionis
241 1903 325 1979 fuisse
348 1902 453 1964 rideri,
481 1901 521 1980 in·
537 1917 592 1969 quo
615 1901 696 1978 solito
718 1917 798 1979 more
818 1902 924 1970 pariter
946 1902 1030 1968 atque
1052 1901 1082 1953 in

129 1969 1083 2112 1111111111111111111111111111

130 2107 631 2222 lterirrtrtrltrtrnll’
644 2101 1082 2240 fflfflsffigffiggigss

386 2207 392 2232 1

132 2235 322 2289 continentem
348 2250 400 2302 pro
427 2235 564 2288 anteriore
596 2237 724 2300 haeret,
753 2253 837 2304 quam
863 2239 896 2290 nt
921 2237 1009 2290 verba
1033 2235 1084 2288 illa

131 2311 234 2355 ‘mores
248 2341 254 2354 .
266 2343 289 2358 ..
303 2302 494 2366 inueteratus’,
515 2302 545 2354 in
557 2304 625 2369 cod,
638 2321 701 2357 cum
714 2305 951 2358 introductionem
962 2303 1082 2369 finirent,

131 2385 149 2422 a
171 2369 352 2436 sequentibus
375 2368 465 2436 spatio
493 2368 636 2436 distincta,
664 2371 812 2425 deficiente
835 2371 977 2438 ceteroqui
999 2371 1083 2424 titulo

131 2435 270 2570 111ἒέἚρ
298 2435 1083 2559 ‘terrete”rlrarrrnrrr.ellare

57 2580 122 2629 [411]
134 2569 266 2622 inferiore
295 2572 375 2637 parte
405 2571 556 2624 abscissum
582 2573 681 2636 suisse;
714 2545 780 2625 nam
805 2524 856 2626 neg
882 2573 1082 2640 septemdecim

132 2652 229 2689 versus
255 2636 318 2690 Vnt.
344 2636 448 2691 codicis
474 2639 603 2707 integrae
631 2639 753 2707 paginae
780 2639 933 2704 sufficiunt,
964 2642 997 2693 ut
1026 2641 1083 2692 iam

131 2703 326 2757 Lachmannus
343 2706 419 2758 recte
436 2705 583 2771 iudicarit,
601 2705 686 2758 etsie
704 2705 871 2774 explicatur,
889 2721 975 2773 quare
993 2707 1083 2760 utros-

130 2875 248 2926 mannsse,
263 2879 332 2926 quem
347 2864 459 2926 grandem
474 2871 498 2912 et
512 2863 620 2926 inprimis
635 2865 743 2913 versibus
754 2872 790 2913 snt
799 2864 875 2927 longis
884 2865 999 2928 scriptum
1010 2865 1083 2914 tuisse

131 2933 229 2982 credere
248 2949 292 2996 par
311 2940 359 2996 est,
379 2935 430 2982 eius
449 2935 484 2982 rei
505 2933 581 2982 adbuc
601 2934 662 2982 aliud
682 2949 774 2998 quoque
793 2936 916 2997 vestigium
931 2942 1041 3001 superest
1059 2937 1083 2985 in

130 3003 233 3067 quodam
247 3005 357 3052 vitiorum
371 3019 466 3066 genere,
481 3004 504 3052 in
519 3004 630 3053 Vaticano
646 3005 708 3066 cod,
723 3005 785 3068 qnod
800 3005 904 3055 editores
920 3007 985 3068 fugit,
1000 3007 1083 3056 admo-

130 3074 187 3122 dum
205 3074 335 3137 frequenti,
355 3074 397 3122 sed
416 3081 440 3122 ct
458 3089 486 3122 eo
506 3075 578 3122 multo
600 3075 739 3138 antiquiore.
768 3076 827 3126 illud
842 3077 910 3138 dico,
929 3078 993 3141 qnod
1011 3092 1083 3141 saepe

130 3144 244 3192 vocabula
258 3144 349 3204 singula
364 3145 399 3192 rel
414 3145 535 3207 complura
551 3145 696 3207 exciderunt,
711 3161 770 3209 qnae
785 3147 860 3195 alieno
876 3148 928 3196 loco
938 3162 1000 3196 nunc
1010 3148 1082 3196 inter·

131 3214 187 3264 dum
202 3214 282 3263 multis
297 3211 350 3278 (sed
365 3222 388 3262 et
402 3213 524 3279 brevibus)
540 3217 647 3264 versibus
662 3217 764 3265 distante
779 3217 868 3266 inserta
882 3224 945 3276 suut,
960 3217 1022 3264 velut
1031 3229 1051 3277 1,
1062 3228 1082 3266 a.

129 3295 223 3346 aar.
238 3295 259 3346 1,
275 3296 295 3335 a
311 3296 332 3346 e,
347 3296 367 3334 e.
382 3296 404 3342 e,
419 3286 453 3334 7⁸.
469 3297 502 3347 11,
517 3297 537 3336 1.
553 3297 586 3347 re,
602 3299 622 3336 1.
637 3299 670 3350 ra,
686 3299 705 3338 e.
721 3297 755 3346 ro,
769 3298 789 3338 e.
805 3297 839 3344 aa,
854 3287 944 3336 11111.
959 3296 1082 3347 narare.

129 3365 164 3416 15,
179 3367 199 3406 4.
215 3365 236 3406 o.
251 3366 284 3405 ιο.
299 3367 332 3405 11.
348 3367 381 3404 14.
401 3366 435 3412 to,
452 3367 470 3406 1.
492 3366 526 3418 te,
541 3367 573 3406 11.
593 3367 627 3418 re,
643 3369 662 3408 1.
692 3357 742 3404 lloc
757 3357 832 3417 enim,
847 3370 900 3404 cum
915 3370 974 3419 qnae
989 3355 1083 3407 ercide-

128 3431 196 3487 rant‚
216 3425 283 3474 initio
303 3440 315 3472 e
334 3425 431 3486 regione
450 3426 480 3474 nd
499 3427 627 3488 marginem
647 3427 754 3490 suppleta
773 3440 825 3474 esse
845 3426 948 3488 putanda
967 3425 1026 3487 siut,
1046 3426 1082 3474 vix

128 3495 183 3544 fieri
197 3495 281 3558 potuit,
296 3495 342 3544 nisi
357 3497 478 3559 antiquum
493 3496 558 3546 illum
573 3497 687 3558 codicem,
698 3497 721 3545 in
732 3511 777 3559 quo
788 3496 820 3545 itn
831 3495 1003 3560 inserebantur,
1013 3509 1082 3558 prae·

129 3565 213 3625 longos
227 3579 309 3614 versus
323 3565 435 3615 babuisse
450 3580 533 3628 ponas.
