<?xml version="1.0" encoding="UTF-8"?>
<!DOCTYPE html PUBLIC "-//W3C//DTD XHTML 1.0 Transitional//EN"
    "http://www.w3.org/TR/xhtml1/DTD/xhtml1-transitional.dtd">
<html xmlns="http://www.w3.org/1999/xhtml" xml:lang="en" lang="en">
 <head>
  <title>
</title>
<meta http-equiv="Content-Type" content="text/html;charset=utf-8" />
  <meta name='ocr-system' content='tesseract 3.04.00' />
  <meta name='ocr-capabilities' content='ocr_page ocr_carea ocr_par ocr_line ocrx_word'/>
</head>
<body>
  <div class='ocr_page' id='page_1' title='image "./ivrisprvdentiae00huscgoog_0497.png"; bbox 0 0 2684 4112; ppageno 0'>
   <div class='ocr_carea' id='block_1_1' title="bbox 428 213 1085 280">
    <p class='ocr_par' dir='ltr' id='par_1_1' title="bbox 428 213 1085 280">
     <span class='ocr_line' id='line_1_1' title="bbox 428 213 1085 280; baseline 0.015 -12"><span class='ocrx_word' id='word_1_1' title='bbox 428 231 495 268; x_wconf 74' lang='lat' dir='ltr'><strong><em>ivan</em></strong></span> <span class='ocrx_word' id='word_1_2' title='bbox 512 231 607 270; x_wconf 69' lang='lat' dir='ltr'><strong><em>savera</em></strong></span> <span class='ocrx_word' id='word_1_3' title='bbox 625 231 696 267; x_wconf 79' lang='lat' dir='ltr'><strong><em>esar.</em></strong></span> <span class='ocrx_word' id='word_1_4' title='bbox 714 213 748 267; x_wconf 85' lang='lat'><strong><em>11.</em></strong></span> <span class='ocrx_word' id='word_1_5' title='bbox 769 219 793 268; x_wconf 83' lang='lat' dir='ltr'><strong><em>t.</em></strong></span> <span class='ocrx_word' id='word_1_6' title='bbox 1019 214 1085 280; x_wconf 78' lang='grc'><strong><em>473</em></strong></span> 
     </span>
    </p>
   </div>
   <div class='ocr_carea' id='block_1_2' title="bbox 57 355 1084 606">
    <p class='ocr_par' dir='ltr' id='par_1_2' title="bbox 57 355 1084 606">
     <span class='ocr_line' id='line_1_2' title="bbox 57 355 1084 436; baseline -0.004 -14"><span class='ocrx_word' id='word_1_7' title='bbox 57 369 120 422; x_wconf 75' lang='lat'><strong>[³⁷⁶]</strong></span> <span class='ocrx_word' id='word_1_8' title='bbox 133 371 159 419; x_wconf 85' lang='lat' dir='ltr'><strong><em>te</em></strong></span> <span class='ocrx_word' id='word_1_9' title='bbox 180 362 223 418; x_wconf 88' lang='lat' dir='ltr'><strong><em>&#39;de</em></strong></span> <span class='ocrx_word' id='word_1_10' title='bbox 246 355 404 418; x_wconf 85' lang='lat' dir='ltr'><strong><em>uendenda¹</em></strong></span> <span class='ocrx_word' id='word_1_11' title='bbox 427 363 539 435; x_wconf 83' lang='lat' dir='ltr'><strong><em>rogaui,</em></strong></span> <span class='ocrx_word' id='word_1_12' title='bbox 562 377 622 418; x_wconf 89' lang='lat' dir='ltr'><strong><em>meo</em></strong></span> <span class='ocrx_word' id='word_1_13' title='bbox 637 360 758 435; x_wconf 82' lang='lat' dir='ltr'><strong><em>pericula</em></strong></span> <span class='ocrx_word' id='word_1_14' title='bbox 773 361 838 424; x_wconf 76' lang='lat' dir='ltr'><strong><em>erit:</em></strong></span> <span class='ocrx_word' id='word_1_15' title='bbox 861 362 885 416; x_wconf 89' lang='lat' dir='ltr'><strong><em>si</em></strong></span> <span class='ocrx_word' id='word_1_16' title='bbox 904 367 935 417; x_wconf 90' lang='lat' dir='ltr'><strong><em>tu</em></strong></span> <span class='ocrx_word' id='word_1_17' title='bbox 955 360 1006 418; x_wconf 88' lang='lat' dir='ltr'><strong><em>&#39;me</em></strong></span> <span class='ocrx_word' id='word_1_18' title='bbox 1021 379 1084 436; x_wconf 86' lang='lat' dir='ltr'><strong><em>pra·</em></strong></span> 
     </span>
     <span class='ocr_line' id='line_1_3' title="bbox 132 439 539 519; baseline -0.002 -16"><span class='ocrx_word' id='word_1_19' title='bbox 132 439 261 517; x_wconf 80' lang='lat' dir='ltr'><strong><em>uocasti‚²</em></strong></span> <span class='ocrx_word' id='word_1_20' title='bbox 277 454 325 502; x_wconf 87' lang='lat' dir='ltr'><strong><em>tuo</em></strong></span> <span class='ocrx_word' id='word_1_21' title='bbox 341 445 462 519; x_wconf 84' lang='lat' dir='ltr'><strong><em>periculo</em></strong></span> <span class='ocrx_word' id='word_1_22' title='bbox 478 447 539 502; x_wconf 86' lang='lat' dir='ltr'><strong><em>erit.</em></strong></span> 
     </span>
     <span class='ocr_line' id='line_1_4' title="bbox 260 522 944 606; baseline -0.001 -21"><span class='ocrx_word' id='word_1_23' title='bbox 260 523 306 606; x_wconf 86' lang='lat' dir='ltr'><strong><em>[L.</em></strong></span> <span class='ocrx_word' id='word_1_24' title='bbox 325 528 385 586; x_wconf 80' lang='lat'><strong><em>223</em></strong></span> <span class='ocrx_word' id='word_1_25' title='bbox 400 548 449 603; x_wconf 86' lang='lat' dir='ltr'><strong><em>pr.</em></strong></span> <span class='ocrx_word' id='word_1_26' title='bbox 473 529 508 584; x_wconf 86' lang='lat' dir='ltr'><strong><em>D.</em></strong></span> <span class='ocrx_word' id='word_1_27' title='bbox 524 531 560 586; x_wconf 86' lang='lat' dir='ltr'><strong><em>de</em></strong></span> <span class='ocrx_word' id='word_1_28' title='bbox 575 530 653 604; x_wconf 76' lang='lat' dir='ltr'><strong><em>verli.</em></strong></span> <span class='ocrx_word' id='word_1_29' title='bbox 669 529 767 604; x_wconf 83' lang='lat' dir='ltr'><strong><em>siqnis.</em></strong></span> <span class='ocrx_word' id='word_1_30' title='bbox 785 525 848 602; x_wconf 79' lang='lat'>(50,</span> <span class='ocrx_word' id='word_1_31' title='bbox 867 522 944 604; x_wconf 84' lang='lat'>16).]</span> 
     </span>
    </p>
   </div>
   <div class='ocr_carea' id='block_1_3' title="bbox 411 641 806 740">
    <p class='ocr_par' dir='ltr' id='par_1_3' title="bbox 411 641 806 740">
     <span class='ocr_line' id='line_1_5' title="bbox 411 641 806 740; baseline 0.008 -20"><span class='ocrx_word' id='word_1_32' title='bbox 411 681 474 721; x_wconf 79' lang='lat' dir='ltr'><strong><em>mr.</em></strong></span> <span class='ocrx_word' id='word_1_33' title='bbox 490 641 536 723; x_wconf 57' lang='lat' dir='ltr'><strong><em>vs&#39;</em></strong></span> <span class='ocrx_word' id='word_1_34' title='bbox 550 681 592 740; x_wconf 72' lang='lat' dir='ltr'><strong><em>as</em></strong></span> <span class='ocrx_word' id='word_1_35' title='bbox 607 679 806 724; x_wconf 73' lang='lat' dir='ltr'><strong><em>emmoatsvs.</em></strong></span> 
     </span>
    </p>
   </div>
   <div class='ocr_carea' id='block_1_4' title="bbox 132 759 1086 1592">
    <p class='ocr_par' dir='ltr' id='par_1_4' title="bbox 132 759 1086 1592">
     <span class='ocr_line' id='line_1_6' title="bbox 196 759 1084 840; baseline -0.003 -14"><span class='ocrx_word' id='word_1_36' title='bbox 196 765 221 826; x_wconf 89' lang='lat'><strong><em>1.</em></strong></span> <span class='ocrx_word' id='word_1_37' title='bbox 247 760 390 823; x_wconf 80' lang='lat' dir='ltr'><strong><em>⁴Creditor</em></strong></span> <span class='ocrx_word' id='word_1_38' title='bbox 404 768 427 821; x_wconf 89' lang='lat' dir='ltr'><strong><em>si</em></strong></span> <span class='ocrx_word' id='word_1_39' title='bbox 443 765 599 840; x_wconf 87' lang='lat' dir='ltr'><strong><em>simpliciter</em></strong></span> <span class='ocrx_word' id='word_1_40' title='bbox 613 765 662 822; x_wconf 85' lang='lat' dir='ltr'><strong>sibi</strong></span> <span class='ocrx_word' id='word_1_41' title='bbox 677 769 777 840; x_wconf 80' lang='lat' dir='ltr'><strong><em>pignus</em></strong></span> <span class='ocrx_word' id='word_1_42' title='bbox 792 759 974 838; x_wconf 66' lang='lat' dir='ltr'><strong><em>&#39;depositum‘</em></strong></span> <span class='ocrx_word' id='word_1_43' title='bbox 987 765 1084 823; x_wconf 85' lang='lat' dir='ltr'><strong><em>distra-</em></strong></span> 
     </span>
     <span class='ocr_line' id='line_1_7' title="bbox 132 848 1084 924; baseline -0.003 -15"><span class='ocrx_word' id='word_1_44' title='bbox 132 854 198 910; x_wconf 88' lang='lat' dir='ltr'><strong><em>here</em></strong></span> <span class='ocrx_word' id='word_1_45' title='bbox 213 850 297 922; x_wconf 86' lang='lat' dir='ltr'><strong><em>uelit,</em></strong></span> <span class='ocrx_word' id='word_1_46' title='bbox 313 858 431 906; x_wconf 83' lang='lat' dir='ltr'><strong><em>terente</em></strong></span> <span class='ocrx_word' id='word_1_47' title='bbox 448 849 607 906; x_wconf 82' lang='lat' dir='ltr'><strong><em>denuntiare</em></strong></span> <span class='ocrx_word' id='word_1_48' title='bbox 622 849 736 906; x_wconf 78' lang='lat' dir='ltr'><strong>debitori</strong></span> <span class='ocrx_word' id='word_1_49' title='bbox 756 865 807 905; x_wconf 87' lang='lat' dir='ltr'><strong><em>suo</em></strong></span> <span class='ocrx_word' id='word_1_50' title='bbox 823 848 918 922; x_wconf 79' lang='lat' dir='ltr'><strong><em>debet,</em></strong></span> <span class='ocrx_word' id='word_1_51' title='bbox 940 857 970 906; x_wconf 88' lang='lat' dir='ltr'><strong><em>ut</em></strong></span> <span class='ocrx_word' id='word_1_52' title='bbox 985 851 1084 924; x_wconf 80' lang='lat' dir='ltr'><strong><em>pignus</em></strong></span> 
     </span>
     <span class='ocr_line' id='line_1_8' title="bbox 132 927 1084 1006; baseline -0.003 -13"><span class='ocrx_word' id='word_1_53' title='bbox 132 937 199 1006; x_wconf 87' lang='lat' dir='ltr'><strong><em>luet,</em></strong></span> <span class='ocrx_word' id='word_1_54' title='bbox 214 951 249 991; x_wconf 86' lang='lat' dir='ltr'><strong><em>ne</em></strong></span> <span class='ocrx_word' id='word_1_55' title='bbox 264 951 279 990; x_wconf 82' lang='lat' dir='ltr'>e</span> <span class='ocrx_word' id='word_1_56' title='bbox 293 949 323 990; x_wconf 92' lang='lat' dir='ltr'><strong><em>se</em></strong></span> <span class='ocrx_word' id='word_1_57' title='bbox 339 933 517 990; x_wconf 75' lang='lat' dir='ltr'>distrahatur.</span> <span class='ocrx_word' id='word_1_58' title='bbox 549 931 578 992; x_wconf 74' lang='lat'><strong><em>2.</em></strong></span> <span class='ocrx_word' id='word_1_59' title='bbox 595 927 678 991; x_wconf 65' lang='lat' dir='ltr'><strong><em>“Cum</em></strong></span> <span class='ocrx_word' id='word_1_60' title='bbox 692 933 804 990; x_wconf 82' lang='lat' dir='ltr'><strong><em>debitor</em></strong></span> <span class='ocrx_word' id='word_1_61' title='bbox 816 937 945 1006; x_wconf 84' lang='lat' dir='ltr'><strong><em>qratuitn</em></strong></span> <span class='ocrx_word' id='word_1_62' title='bbox 958 938 1084 1004; x_wconf 85' lang='lat' dir='ltr'><strong><em>pecunia</em></strong></span> 
     </span>
     <span class='ocr_line' id='line_1_9' title="bbox 132 1017 1086 1090; baseline -0.003 -13"><span class='ocrx_word' id='word_1_63' title='bbox 132 1027 241 1088; x_wconf 86' lang='lat' dir='ltr'><strong><em>ulatur,</em></strong></span> <span class='ocrx_word' id='word_1_64' title='bbox 260 1024 358 1090; x_wconf 86' lang='lat' dir='ltr'><strong><em>potest</em></strong></span> <span class='ocrx_word' id='word_1_65' title='bbox 373 1019 501 1074; x_wconf 77' lang='lat' dir='ltr'><strong><em>creditor</em></strong></span> <span class='ocrx_word' id='word_1_66' title='bbox 514 1019 549 1074; x_wconf 90' lang='lat' dir='ltr'><strong><em>de</em></strong></span> <span class='ocrx_word' id='word_1_67' title='bbox 561 1017 711 1089; x_wconf 80' lang='lat' dir='ltr'><strong><em>fructibus</em></strong></span> <span class='ocrx_word' id='word_1_68' title='bbox 726 1021 771 1074; x_wconf 88' lang='lat' dir='ltr'><strong><em>rei</em></strong></span> <span class='ocrx_word' id='word_1_69' title='bbox 790 1018 845 1073; x_wconf 82' lang='lat' dir='ltr'><strong><em>sibi</em></strong></span> <span class='ocrx_word' id='word_1_70' title='bbox 861 1021 1032 1090; x_wconf 86' lang='lat' dir='ltr'><strong><em>piqneratae</em></strong></span> <span class='ocrx_word' id='word_1_71' title='bbox 1047 1020 1086 1074; x_wconf 89' lang='lat' dir='ltr'><strong><em>ad</em></strong></span> 
     </span>
     <span class='ocr_line' id='line_1_10' title="bbox 132 1094 1085 1176; baseline -0.002 -16"><span class='ocrx_word' id='word_1_72' title='bbox 132 1105 242 1161; x_wconf 81' lang='lat' dir='ltr'><strong><em>madum</em></strong></span> <span class='ocrx_word' id='word_1_73' title='bbox 257 1105 410 1175; x_wconf 84' lang='lat' dir='ltr'><strong><em>leqitr&#39;mam</em></strong></span> <span class='ocrx_word' id='word_1_74' title='bbox 426 1094 609 1158; x_wconf 74' lang='lat' dir='ltr'><strong><em>&#39;usurarum&#39;</em></strong></span> <span class='ocrx_word' id='word_1_75' title='bbox 626 1105 752 1158; x_wconf 86' lang='lat' dir='ltr'><strong><em>retinere</em></strong></span> <span class='ocrx_word' id='word_1_76' title='bbox 758 1115 770 1172; x_wconf 91' lang='lat'><strong><em>,·</em></strong></span> <span class='ocrx_word' id='word_1_77' title='bbox 790 1097 860 1174; x_wconf 85' lang='lat' dir='ltr'>(sed)</span> <span class='ocrx_word' id='word_1_78' title='bbox 877 1101 949 1156; x_wconf 85' lang='lat' dir='ltr'><strong><em>letas</em></strong></span> <span class='ocrx_word' id='word_1_79' title='bbox 966 1101 1010 1158; x_wconf 89' lang='lat' dir='ltr'><strong><em>uel</em></strong></span> <span class='ocrx_word' id='word_1_80' title='bbox 1024 1118 1085 1176; x_wconf 81' lang='lat' dir='ltr'><strong><em>per-</em></strong></span> 
     </span>
     <span class='ocr_line' id='line_1_11' title="bbox 134 1183 1085 1258; baseline -0.002 -15"><span class='ocrx_word' id='word_1_81' title='bbox 134 1196 178 1244; x_wconf 88' lang='lat' dir='ltr'><strong><em>tus</em></strong></span> <span class='ocrx_word' id='word_1_82' title='bbox 193 1188 251 1243; x_wconf 88' lang='lat' dir='ltr'><strong><em>eius</em></strong></span> <span class='ocrx_word' id='word_1_83' title='bbox 266 1187 322 1257; x_wconf 84' lang='lat' dir='ltr'><strong><em>rei,</em></strong></span> <span class='ocrx_word' id='word_1_84' title='bbox 338 1201 407 1258; x_wconf 84' lang='lat' dir='ltr'><strong><em>quae</em></strong></span> <span class='ocrx_word' id='word_1_85' title='bbox 422 1187 530 1258; x_wconf 76' lang='lat' dir='ltr'><strong><em>pignori</em></strong></span> <span class='ocrx_word' id='word_1_86' title='bbox 545 1184 606 1240; x_wconf 84' lang='lat' dir='ltr'><strong><em>deta</em></strong></span> <span class='ocrx_word' id='word_1_87' title='bbox 621 1193 678 1256; x_wconf 86' lang='lat' dir='ltr'>est,</span> <span class='ocrx_word' id='word_1_88' title='bbox 693 1186 817 1258; x_wconf 76' lang='lat' dir='ltr'><strong><em>pignoris</em></strong></span> <span class='ocrx_word' id='word_1_89' title='bbox 832 1183 900 1240; x_wconf 90' lang='lat' dir='ltr'><strong><em>&#39;iure</em></strong></span> <span class='ocrx_word' id='word_1_90' title='bbox 915 1201 970 1240; x_wconf 87' lang='lat' dir='ltr'><strong><em>non</em></strong></span> <span class='ocrx_word' id='word_1_91' title='bbox 985 1187 1085 1242; x_wconf 85' lang='lat' dir='ltr'><strong><em>retine·</em></strong></span> 
     </span>
     <span class='ocr_line' id='line_1_12' title="bbox 132 1263 1085 1344; baseline -0.003 -17"><span class='ocrx_word' id='word_1_92' title='bbox 132 1264 208 1341; x_wconf 83' lang='lat' dir='ltr'><strong><em>tur‚⁸</em></strong></span> <span class='ocrx_word' id='word_1_93' title='bbox 228 1270 278 1326; x_wconf 87' lang='lat' dir='ltr'><strong><em>nisi</em></strong></span> <span class='ocrx_word' id='word_1_94' title='bbox 293 1269 345 1326; x_wconf 87' lang='lat' dir='ltr'>hoe</span> <span class='ocrx_word' id='word_1_95' title='bbox 366 1271 438 1326; x_wconf 87' lang='lat' dir='ltr'><strong><em>iuter</em></strong></span> <span class='ocrx_word' id='word_1_96' title='bbox 457 1269 648 1325; x_wconf 77' lang='lat' dir='ltr'><strong>contrahentes</strong></span> <span class='ocrx_word' id='word_1_97' title='bbox 669 1269 836 1326; x_wconf 85' lang='lat' dir='ltr'><strong><em>conuenerit.</em></strong></span> <span class='ocrx_word' id='word_1_98' title='bbox 880 1264 910 1326; x_wconf 79' lang='grc'><strong><em>8.</em></strong></span> <span class='ocrx_word' id='word_1_99' title='bbox 935 1263 1085 1344; x_wconf 82' lang='lat' dir='ltr'><strong><em>⁹Compen·</em></strong></span> 
     </span>
     <span class='ocr_line' id='line_1_13' title="bbox 133 1345 1085 1426; baseline -0.001 -17"><span class='ocrx_word' id='word_1_100' title='bbox 133 1355 204 1410; x_wconf 80' lang='lat' dir='ltr'><strong><em>satia</em></strong></span> <span class='ocrx_word' id='word_1_101' title='bbox 216 1351 298 1408; x_wconf 82' lang='lat' dir='ltr'><strong><em>debili</em></strong></span> <span class='ocrx_word' id='word_1_102' title='bbox 308 1353 388 1426; x_wconf 86' lang='lat' dir='ltr'><strong><em>&#39;paris</em></strong></span> <span class='ocrx_word' id='word_1_103' title='bbox 398 1353 498 1425; x_wconf 85' lang='lat' dir='ltr'><strong><em>speciei</em></strong></span> <span class='ocrx_word' id='word_1_104' title='bbox 510 1360 537 1408; x_wconf 87' lang='lat' dir='ltr'><strong><em>et</em></strong></span> <span class='ocrx_word' id='word_1_105' title='bbox 548 1367 668 1408; x_wconf 73' lang='lat' dir='ltr'><strong><em>excausa</em></strong></span> <span class='ocrx_word' id='word_1_106' title='bbox 679 1351 779 1424; x_wconf 80' lang='lat' dir='ltr'>dispari</span> <span class='ocrx_word' id='word_1_107' title='bbox 790 1345 984 1408; x_wconf 78' lang='lat' dir='ltr'><strong><em>admittiturs¹⁰</em></strong></span> <span class='ocrx_word' id='word_1_108' title='bbox 999 1353 1085 1424; x_wconf 84' lang='lat' dir='ltr'><strong><em>uelut,</em></strong></span> 
     </span>
     <span class='ocr_line' id='line_1_14' title="bbox 133 1435 1083 1510; baseline 0 -18"><span class='ocrx_word' id='word_1_109' title='bbox 133 1439 156 1492; x_wconf 91' lang='lat' dir='ltr'><strong><em>si</em></strong></span> <span class='ocrx_word' id='word_1_110' title='bbox 172 1437 310 1510; x_wconf 80' lang='lat' dir='ltr'><strong><em>pecaniam</em></strong></span> <span class='ocrx_word' id='word_1_111' title='bbox 327 1435 374 1492; x_wconf 85' lang='lat' dir='ltr'><strong><em>tibi</em></strong></span> <span class='ocrx_word' id='word_1_112' title='bbox 389 1435 500 1492; x_wconf 80' lang='lat' dir='ltr'>debeam</span> <span class='ocrx_word' id='word_1_113' title='bbox 515 1444 543 1492; x_wconf 90' lang='lat' dir='ltr'><strong><em>et</em></strong></span> <span class='ocrx_word' id='word_1_114' title='bbox 558 1443 589 1492; x_wconf 90' lang='lat' dir='ltr'><strong><em>tu</em></strong></span> <span class='ocrx_word' id='word_1_115' title='bbox 604 1436 669 1492; x_wconf 89' lang='lat' dir='ltr'><strong><em>mihi</em></strong></span> <span class='ocrx_word' id='word_1_116' title='bbox 684 1437 822 1509; x_wconf 81' lang='lat' dir='ltr'><strong><em>pecuniam</em></strong></span> <span class='ocrx_word' id='word_1_117' title='bbox 838 1435 951 1505; x_wconf 77' lang='lat' dir='ltr'>debeas,</span> <span class='ocrx_word' id='word_1_118' title='bbox 967 1445 1013 1492; x_wconf 85' lang='lat' dir='ltr'><strong><em>eut</em></strong></span> <span class='ocrx_word' id='word_1_119' title='bbox 1027 1436 1083 1492; x_wconf 86' lang='lat' dir='ltr'><strong><em>iru-</em></strong></span> 
     </span>
     <span class='ocr_line' id='line_1_15' title="bbox 133 1518 1085 1592; baseline 0 -16"><span class='ocrx_word' id='word_1_120' title='bbox 133 1528 253 1576; x_wconf 87' lang='lat' dir='ltr'><strong><em>mentum</em></strong></span> <span class='ocrx_word' id='word_1_121' title='bbox 279 1526 325 1576; x_wconf 85' lang='lat' dir='ltr'><strong><em>aut</em></strong></span> <span class='ocrx_word' id='word_1_122' title='bbox 352 1527 440 1576; x_wconf 79' lang='lat' dir='ltr'><strong><em>aeteae</em></strong></span> <span class='ocrx_word' id='word_1_123' title='bbox 464 1519 635 1591; x_wconf 84' lang='lat' dir='ltr'><strong><em>huiusmodi,</em></strong></span> <span class='ocrx_word' id='word_1_124' title='bbox 663 1519 726 1575; x_wconf 84' lang='lat' dir='ltr'><strong><em>licet</em></strong></span> <span class='ocrx_word' id='word_1_125' title='bbox 747 1535 779 1574; x_wconf 81' lang='lat' dir='ltr'>ex</span> <span class='ocrx_word' id='word_1_126' title='bbox 802 1518 910 1576; x_wconf 86' lang='lat' dir='ltr'><strong><em>diuerso</em></strong></span> <span class='ocrx_word' id='word_1_127' title='bbox 932 1529 1085 1592; x_wconf 77' lang='lat' dir='ltr'><strong><em>contractu,</em></strong></span> 
     </span>
    </p>
   </div>
   <div class='ocr_carea' id='block_1_5' title="bbox 128 1667 1135 3630">
    <p class='ocr_par' dir='ltr' id='par_1_5' title="bbox 130 1667 1086 2082">
     <span class='ocr_line' id='line_1_16' title="bbox 206 1667 1084 1737; baseline -0.001 -17"><span class='ocrx_word' id='word_1_128' title='bbox 206 1667 226 1737; x_wconf 86' lang='lat'><strong><em>¹)</em></strong></span> <span class='ocrx_word' id='word_1_129' title='bbox 241 1671 314 1720; x_wconf 89' lang='lat' dir='ltr'><strong><em>Haec</em></strong></span> <span class='ocrx_word' id='word_1_130' title='bbox 328 1669 405 1719; x_wconf 84' lang='lat' dir='ltr'><strong><em>uerba</em></strong></span> <span class='ocrx_word' id='word_1_131' title='bbox 421 1672 448 1718; x_wconf 87' lang='lat' dir='ltr'><strong><em>in</em></strong></span> <span class='ocrx_word' id='word_1_132' title='bbox 464 1669 525 1720; x_wconf 83' lang='lat' dir='ltr'><strong><em>Cdd.</em></strong></span> <span class='ocrx_word' id='word_1_133' title='bbox 541 1677 566 1720; x_wconf 86' lang='lat' dir='ltr'><strong><em>cl</em></strong></span> <span class='ocrx_word' id='word_1_134' title='bbox 579 1669 637 1720; x_wconf 85' lang='lat' dir='ltr'><strong><em>edd.</em></strong></span> <span class='ocrx_word' id='word_1_135' title='bbox 653 1670 812 1732; x_wconf 88' lang='lat' dir='ltr'><strong><em>transposita</em></strong></span> <span class='ocrx_word' id='word_1_136' title='bbox 826 1675 887 1732; x_wconf 86' lang='lat' dir='ltr'><strong><em>post</em></strong></span> <span class='ocrx_word' id='word_1_137' title='bbox 901 1670 921 1718; x_wconf 89' lang='lat' dir='ltr'><strong><em>si</em></strong></span> <span class='ocrx_word' id='word_1_138' title='bbox 936 1677 961 1718; x_wconf 88' lang='lat' dir='ltr'><strong><em>tu</em></strong></span> <span class='ocrx_word' id='word_1_139' title='bbox 979 1669 1030 1719; x_wconf 83' lang='lat' dir='ltr'><strong><em>lruc</em></strong></span> <span class='ocrx_word' id='word_1_140' title='bbox 1043 1686 1084 1719; x_wconf 89' lang='lat' dir='ltr'><strong><em>re·</em></strong></span> 
     </span>
     <span class='ocr_line' id='line_1_17' title="bbox 131 1738 1085 1806; baseline -0.005 -13"><span class='ocrx_word' id='word_1_141' title='bbox 131 1743 230 1793; x_wconf 86' lang='lat' dir='ltr'><strong><em>uocaui.</em></strong></span> <span class='ocrx_word' id='word_1_142' title='bbox 295 1738 315 1804; x_wconf 82' lang='lat'><strong><em>²)</em></strong></span> <span class='ocrx_word' id='word_1_143' title='bbox 331 1741 359 1790; x_wconf 88' lang='lat' dir='ltr'><strong><em>de</em></strong></span> <span class='ocrx_word' id='word_1_144' title='bbox 374 1741 497 1790; x_wconf 86' lang='lat' dir='ltr'><strong><em>uendenda</em></strong></span> <span class='ocrx_word' id='word_1_145' title='bbox 512 1738 570 1806; x_wconf 89' lang='lat' dir='ltr'>(sed</span> <span class='ocrx_word' id='word_1_146' title='bbox 583 1741 703 1804; x_wconf 82' lang='lat' dir='ltr'><strong><em>plerique</em></strong></span> <span class='ocrx_word' id='word_1_147' title='bbox 719 1739 797 1791; x_wconf 77' lang='lat' dir='ltr'><strong><em>aaa:</em></strong></span> <span class='ocrx_word' id='word_1_148' title='bbox 816 1739 974 1805; x_wconf 80' lang='lat' dir='ltr'><strong><em>defendenda)</em></strong></span> <span class='ocrx_word' id='word_1_149' title='bbox 994 1741 1085 1802; x_wconf 87' lang='lat' dir='ltr'><strong><em>promi-</em></strong></span> 
     </span>
     <span class='ocr_line' id='line_1_18' title="bbox 130 1809 1086 1874; baseline -0.003 -12"><span class='ocrx_word' id='word_1_150' title='bbox 130 1814 185 1862; x_wconf 88' lang='lat' dir='ltr'><strong><em>sisti</em></strong></span> <span class='ocrx_word' id='word_1_151' title='bbox 201 1812 263 1863; x_wconf 84' lang='lat' dir='ltr'><strong><em>Cdd.</em></strong></span> <span class='ocrx_word' id='word_1_152' title='bbox 278 1811 337 1862; x_wconf 87' lang='lat' dir='ltr'><strong><em>edd.</em></strong></span> <span class='ocrx_word' id='word_1_153' title='bbox 365 1811 490 1874; x_wconf 77' lang='lat' dir='ltr'><strong><em>Apparet,</em></strong></span> <span class='ocrx_word' id='word_1_154' title='bbox 505 1810 583 1860; x_wconf 83' lang='lat' dir='ltr'><strong><em>rerba</em></strong></span> <span class='ocrx_word' id='word_1_155' title='bbox 598 1809 627 1859; x_wconf 85' lang='lat' dir='ltr'><strong><em>de</em></strong></span> <span class='ocrx_word' id='word_1_156' title='bbox 641 1809 765 1859; x_wconf 72' lang='lat' dir='ltr'><strong><em>uendendi</em></strong></span> <span class='ocrx_word' id='word_1_157' title='bbox 778 1811 879 1872; x_wconf 82' lang='lat' dir='ltr'><strong><em>scriptu</em></strong></span> <span class='ocrx_word' id='word_1_158' title='bbox 894 1810 1046 1858; x_wconf 80' lang='lat' dir='ltr'><strong><em>desuadenda</em></strong></span> <span class='ocrx_word' id='word_1_159' title='bbox 1061 1816 1086 1859; x_wconf 84' lang='lat' dir='ltr'><strong><em>et</em></strong></span> 
     </span>
     <span class='ocr_line' id='line_1_19' title="bbox 131 1879 1084 1943; baseline -0.004 -11"><span class='ocrx_word' id='word_1_160' title='bbox 131 1885 191 1932; x_wconf 87' lang='lat' dir='ltr'><strong><em>inde</em></strong></span> <span class='ocrx_word' id='word_1_161' title='bbox 205 1890 302 1931; x_wconf 82' lang='lat' dir='ltr'><strong><em>mutata</em></strong></span> <span class='ocrx_word' id='word_1_162' title='bbox 316 1883 343 1930; x_wconf 88' lang='lat' dir='ltr'><strong><em>in</em></strong></span> <span class='ocrx_word' id='word_1_163' title='bbox 359 1881 518 1943; x_wconf 76' lang='lat' dir='ltr'><strong><em>defendenda,</em></strong></span> <span class='ocrx_word' id='word_1_164' title='bbox 540 1895 597 1930; x_wconf 91' lang='lat' dir='ltr'><strong><em>cum</em></strong></span> <span class='ocrx_word' id='word_1_165' title='bbox 611 1882 693 1930; x_wconf 87' lang='lat' dir='ltr'><strong><em>lacum</em></strong></span> <span class='ocrx_word' id='word_1_166' title='bbox 707 1887 859 1938; x_wconf 79' lang='lat' dir='ltr'><strong><em>mutassent,</em></strong></span> <span class='ocrx_word' id='word_1_167' title='bbox 874 1887 900 1928; x_wconf 86' lang='lat' dir='ltr'><strong><em>et</em></strong></span> <span class='ocrx_word' id='word_1_168' title='bbox 912 1887 941 1928; x_wconf 90' lang='lat' dir='ltr'><strong><em>ut</em></strong></span> <span class='ocrx_word' id='word_1_169' title='bbox 953 1879 1084 1942; x_wconf 77' lang='lat' dir='ltr'>promisisti</span> 
     </span>
     <span class='ocr_line' id='line_1_20' title="bbox 132 1946 1086 2016; baseline -0.002 -14"><span class='ocrx_word' id='word_1_170' title='bbox 132 1952 299 2009; x_wconf 79' lang='lat' dir='ltr'><strong><em>scriberetur,</em></strong></span> <span class='ocrx_word' id='word_1_171' title='bbox 314 1959 338 2000; x_wconf 86' lang='lat' dir='ltr'><strong><em>et</em></strong></span> <span class='ocrx_word' id='word_1_172' title='bbox 352 1959 380 2000; x_wconf 90' lang='lat' dir='ltr'><strong><em>ut</em></strong></span> <span class='ocrx_word' id='word_1_173' title='bbox 393 1965 431 2000; x_wconf 84' lang='lat' dir='ltr'><strong><em>me</em></strong></span> <span class='ocrx_word' id='word_1_174' title='bbox 446 1953 592 2014; x_wconf 84' lang='lat' dir='ltr'><strong><em>eiicereiar,</em></strong></span> <span class='ocrx_word' id='word_1_175' title='bbox 607 1951 731 2014; x_wconf 77' lang='lat' dir='ltr'>effecisse.</span> <span class='ocrx_word' id='word_1_176' title='bbox 784 1946 805 2016; x_wconf 71' lang='grc' dir='ltr'><strong><em>Β)</em></strong></span> <span class='ocrx_word' id='word_1_177' title='bbox 821 1949 853 1998; x_wconf 88' lang='grc' dir='ltr'><strong><em>Α.</em></strong></span> <span class='ocrx_word' id='word_1_178' title='bbox 868 1950 907 1999; x_wconf 87' lang='lat' dir='ltr'><strong><em>ed.</em></strong></span> <span class='ocrx_word' id='word_1_179' title='bbox 923 1950 947 1999; x_wconf 86' lang='lat' dir='ltr'><strong><em>la.</em></strong></span> <span class='ocrx_word' id='word_1_180' title='bbox 964 1952 980 1999; x_wconf 93' lang='lat' dir='ltr'><strong><em>l.</em></strong></span> <span class='ocrx_word' id='word_1_181' title='bbox 995 1952 1086 2000; x_wconf 86' lang='lat' dir='ltr'><strong><em>retulit</em></strong></span> 
     </span>
     <span class='ocr_line' id='line_1_21' title="bbox 133 2023 350 2082; baseline -0.009 -11"><span class='ocrx_word' id='word_1_182' title='bbox 133 2023 350 2082; x_wconf 54' lang='lat' dir='ltr'><strong><em>menie.</em></strong></span> 
     </span>
    </p>

    <p class='ocr_par' dir='ltr' id='par_1_6' title="bbox 128 2020 1135 3630">
     <span class='ocr_line' id='line_1_22' title="bbox 208 2020 1083 2157; baseline -0.002 -17"><span class='ocrx_word' id='word_1_183' title='bbox 208 2020 267 2140; x_wconf 70' lang='lat' dir='ltr'><strong><em>iit(</em></strong></span> <span class='ocrx_word' id='word_1_184' title='bbox 276 2091 307 2139; x_wconf 88' lang='lat' dir='ltr'><strong><em>V.</em></strong></span> <span class='ocrx_word' id='word_1_185' title='bbox 332 2020 367 2156; x_wconf 75' lang='lat'><strong><em>)⁴)</em></strong></span> <span class='ocrx_word' id='word_1_186' title='bbox 383 2089 420 2153; x_wconf 76' lang='lat' dir='ltr'><strong><em>Os.</em></strong></span> <span class='ocrx_word' id='word_1_187' title='bbox 436 2090 468 2138; x_wconf 85' lang='lat' dir='ltr'><strong><em>L.</em></strong></span> <span class='ocrx_word' id='word_1_188' title='bbox 482 2102 504 2140; x_wconf 81' lang='lat' dir='ltr'><strong><em>a.</em></strong></span> <span class='ocrx_word' id='word_1_189' title='bbox 523 2090 555 2140; x_wconf 89' lang='lat' dir='ltr'><strong><em>D.</em></strong></span> <span class='ocrx_word' id='word_1_190' title='bbox 566 2092 597 2140; x_wconf 91' lang='lat' dir='ltr'><strong><em>de</em></strong></span> <span class='ocrx_word' id='word_1_191' title='bbox 606 2093 681 2156; x_wconf 84' lang='lat' dir='ltr'><strong><em>piqn.</em></strong></span> <span class='ocrx_word' id='word_1_192' title='bbox 691 2097 741 2141; x_wconf 87' lang='lat' dir='ltr'><strong><em>act.</em></strong></span> <span class='ocrx_word' id='word_1_193' title='bbox 752 2089 798 2157; x_wconf 76' lang='grc'><strong><em>(11,</em></strong></span> <span class='ocrx_word' id='word_1_194' title='bbox 808 2090 847 2157; x_wconf 88' lang='lat' dir='ltr'><strong><em>t)‚·</em></strong></span> <span class='ocrx_word' id='word_1_195' title='bbox 861 2090 935 2154; x_wconf 78' lang='lat' dir='ltr'><strong><em>infra</em></strong></span> <span class='ocrx_word' id='word_1_196' title='bbox 948 2101 969 2147; x_wconf 74' lang='lat' dir='ltr'><strong><em>a,</em></strong></span> <span class='ocrx_word' id='word_1_197' title='bbox 981 2101 1014 2141; x_wconf 81' lang='lat' dir='ltr'><strong><em>ts.</em></strong></span> <span class='ocrx_word' id='word_1_198' title='bbox 1029 2091 1052 2152; x_wconf 65' lang='grc' dir='ltr'><strong><em>ἕ.</em></strong></span> <span class='ocrx_word' id='word_1_199' title='bbox 1063 2101 1083 2142; x_wconf 83' lang='lat' dir='ltr'><strong><em>t.</em></strong></span> 
     </span>
     <span class='ocr_line' id='line_1_23' title="bbox 132 2157 1086 2226; baseline -0.002 -15"><span class='ocrx_word' id='word_1_200' title='bbox 132 2162 164 2212; x_wconf 83' lang='lat' dir='ltr'><strong><em>L.</em></strong></span> <span class='ocrx_word' id='word_1_201' title='bbox 181 2173 214 2212; x_wconf 81' lang='lat' dir='ltr'><strong><em>ts.</em></strong></span> <span class='ocrx_word' id='word_1_202' title='bbox 234 2161 266 2208; x_wconf 88' lang='lat' dir='ltr'><strong><em>D.</em></strong></span> <span class='ocrx_word' id='word_1_203' title='bbox 282 2161 314 2209; x_wconf 90' lang='lat' dir='ltr'><strong><em>dc</em></strong></span> <span class='ocrx_word' id='word_1_204' title='bbox 325 2160 391 2222; x_wconf 83' lang='lat' dir='ltr'><strong><em>suri.</em></strong></span> <span class='ocrx_word' id='word_1_205' title='bbox 406 2157 451 2224; x_wconf 80' lang='lat' dir='ltr'><strong><em>(tt,</em></strong></span> <span class='ocrx_word' id='word_1_206' title='bbox 465 2157 496 2225; x_wconf 78' lang='grc'><strong><em>1).</em></strong></span> <span class='ocrx_word' id='word_1_207' title='bbox 554 2159 575 2226; x_wconf 82' lang='lat'><strong><em>⁶)</em></strong></span> <span class='ocrx_word' id='word_1_208' title='bbox 590 2161 679 2210; x_wconf 87' lang='lat' dir='ltr'><strong><em>Malim</em></strong></span> <span class='ocrx_word' id='word_1_209' title='bbox 693 2162 809 2224; x_wconf 81' lang='lat' dir='ltr'><strong><em>positum3</em></strong></span> <span class='ocrx_word' id='word_1_210' title='bbox 829 2177 887 2210; x_wconf 89' lang='lat' dir='ltr'><strong><em>nam</em></strong></span> <span class='ocrx_word' id='word_1_211' title='bbox 901 2162 999 2210; x_wconf 84' lang='lat' dir='ltr'><strong><em>dieitur</em></strong></span> <span class='ocrx_word' id='word_1_212' title='bbox 1013 2161 1086 2220; x_wconf 84' lang='lat' dir='ltr'><strong><em>apud</em></strong></span> 
     </span>
     <span class='ocr_line' id='line_1_24' title="bbox 133 2225 1097 2297; baseline -0.004 -15"><span class='ocrx_word' id='word_1_213' title='bbox 133 2235 242 2297; x_wconf 83' lang='lat' dir='ltr'><strong><em>aliquem</em></strong></span> <span class='ocrx_word' id='word_1_214' title='bbox 257 2231 351 2292; x_wconf 78' lang='lat' dir='ltr'><strong><em>deponi</em></strong></span> <span class='ocrx_word' id='word_1_215' title='bbox 361 2225 466 2294; x_wconf 85' lang='lat' dir='ltr'><strong><em>piqnus.</em></strong></span> <span class='ocrx_word' id='word_1_216' title='bbox 487 2229 525 2292; x_wconf 82' lang='lat' dir='ltr'><strong><em>Of.</em></strong></span> <span class='ocrx_word' id='word_1_217' title='bbox 536 2230 568 2278; x_wconf 85' lang='lat' dir='ltr'><strong><em>L.</em></strong></span> <span class='ocrx_word' id='word_1_218' title='bbox 578 2241 612 2282; x_wconf 74' lang='grc'><strong><em>16.</em></strong></span> <span class='ocrx_word' id='word_1_219' title='bbox 627 2232 658 2280; x_wconf 88' lang='lat' dir='ltr'><strong><em>D.</em></strong></span> <span class='ocrx_word' id='word_1_220' title='bbox 671 2233 702 2281; x_wconf 90' lang='lat' dir='ltr'><strong><em>de</em></strong></span> <span class='ocrx_word' id='word_1_221' title='bbox 712 2233 785 2282; x_wconf 87' lang='lat' dir='ltr'><strong><em>cond.</em></strong></span> <span class='ocrx_word' id='word_1_222' title='bbox 798 2232 851 2282; x_wconf 86' lang='lat' dir='ltr'><strong><em>iud.</em></strong></span> <span class='ocrx_word' id='word_1_223' title='bbox 862 2229 907 2297; x_wconf 78' lang='lat'><strong>(12,</strong></span> <span class='ocrx_word' id='word_1_224' title='bbox 917 2229 948 2296; x_wconf 84' lang='lat' dir='ltr'>s).</span> <span class='ocrx_word' id='word_1_225' title='bbox 1001 2225 1022 2296; x_wconf 54' lang='grc' dir='ltr'><strong><em>θ)</em></strong></span> <span class='ocrx_word' id='word_1_226' title='bbox 1037 2229 1097 2279; x_wconf 87' lang='lat' dir='ltr'><strong><em>Est·</em></strong></span> 
     </span>
     <span class='ocr_line' id='line_1_25' title="bbox 133 2299 1083 2368; baseline 0.001 -21"><span class='ocrx_word' id='word_1_227' title='bbox 133 2303 165 2351; x_wconf 82' lang='lat' dir='ltr'><strong><em>L.</em></strong></span> <span class='ocrx_word' id='word_1_228' title='bbox 180 2314 200 2353; x_wconf 82' lang='lat' dir='ltr'>s.</span> <span class='ocrx_word' id='word_1_229' title='bbox 217 2299 248 2352; x_wconf 86' lang='lat' dir='ltr'><strong><em>D.</em></strong></span> <span class='ocrx_word' id='word_1_230' title='bbox 268 2303 296 2349; x_wconf 89' lang='lat' dir='ltr'><strong><em>in</em></strong></span> <span class='ocrx_word' id='word_1_231' title='bbox 311 2299 378 2364; x_wconf 83' lang='lat' dir='ltr'><strong><em>quib.</em></strong></span> <span class='ocrx_word' id='word_1_232' title='bbox 393 2315 463 2348; x_wconf 84' lang='lat' dir='ltr'>caus.</span> <span class='ocrx_word' id='word_1_233' title='bbox 475 2301 548 2364; x_wconf 84' lang='lat' dir='ltr'><strong><em>piqn.</em></strong></span> <span class='ocrx_word' id='word_1_234' title='bbox 564 2307 613 2350; x_wconf 88' lang='lat' dir='ltr'><strong><em>tac.</em></strong></span> <span class='ocrx_word' id='word_1_235' title='bbox 625 2300 668 2366; x_wconf 77' lang='grc' dir='ltr'><strong><em>(1ο,</em></strong></span> <span class='ocrx_word' id='word_1_236' title='bbox 679 2301 710 2368; x_wconf 76' lang='lat' dir='ltr'>s),</span> <span class='ocrx_word' id='word_1_237' title='bbox 725 2318 799 2368; x_wconf 89' lang='lat' dir='ltr'><strong><em>quam</em></strong></span> <span class='ocrx_word' id='word_1_238' title='bbox 809 2318 865 2351; x_wconf 89' lang='lat' dir='ltr'><strong><em>cum</em></strong></span> <span class='ocrx_word' id='word_1_239' title='bbox 875 2301 924 2351; x_wconf 82' lang='lat' dir='ltr'><strong><em>liae</em></strong></span> <span class='ocrx_word' id='word_1_240' title='bbox 934 2303 957 2363; x_wconf 70' lang='lat'><strong><em>5.</em></strong></span> <span class='ocrx_word' id='word_1_241' title='bbox 968 2311 988 2350; x_wconf 84' lang='lat' dir='ltr'>s.</span> <span class='ocrx_word' id='word_1_242' title='bbox 1004 2302 1083 2349; x_wconf 89' lang='lat' dir='ltr'><strong><em>inter·</em></strong></span> 
     </span>
     <span class='ocr_line' id='line_1_26' title="bbox 128 2369 1085 2438; baseline -0.002 -15"><span class='ocrx_word' id='word_1_243' title='bbox 128 2374 216 2436; x_wconf 78' lang='lat' dir='ltr'><strong><em>posito</em></strong></span> <span class='ocrx_word' id='word_1_244' title='bbox 227 2379 323 2420; x_wconf 88' lang='lat' dir='ltr'><strong><em>tantum</em></strong></span> <span class='ocrx_word' id='word_1_245' title='bbox 333 2385 386 2420; x_wconf 86' lang='lat' dir='ltr'><strong><em>noc.</em></strong></span> <span class='ocrx_word' id='word_1_246' title='bbox 397 2369 439 2418; x_wconf 89' lang='lat' dir='ltr'>sed</span> <span class='ocrx_word' id='word_1_247' title='bbox 448 2371 567 2433; x_wconf 88' lang='lat' dir='ltr'><strong><em>primitus</em></strong></span> <span class='ocrx_word' id='word_1_248' title='bbox 576 2371 719 2422; x_wconf 71' lang='lat' dir='ltr'><strong><em>cohaesisse</em></strong></span> <span class='ocrx_word' id='word_1_249' title='bbox 728 2369 784 2438; x_wconf 90' lang='lat' dir='ltr'>(sed</span> <span class='ocrx_word' id='word_1_250' title='bbox 791 2379 942 2436; x_wconf 84' lang='lat' dir='ltr'><strong><em>sequentem,</em></strong></span> <span class='ocrx_word' id='word_1_251' title='bbox 951 2385 1006 2420; x_wconf 88' lang='lat' dir='ltr'><strong><em>cum</em></strong></span> <span class='ocrx_word' id='word_1_252' title='bbox 1016 2387 1085 2422; x_wconf 86' lang='lat' dir='ltr'><strong><em>nunc</em></strong></span> 
     </span>
     <span class='ocr_line' id='line_1_27' title="bbox 128 2439 1082 2507; baseline 0 -16"><span class='ocrx_word' id='word_1_253' title='bbox 128 2444 219 2507; x_wconf 87' lang='lat' dir='ltr'><strong><em>potius</em></strong></span> <span class='ocrx_word' id='word_1_254' title='bbox 234 2443 409 2505; x_wconf 81' lang='lat' dir='ltr'>praecessisse</span> <span class='ocrx_word' id='word_1_255' title='bbox 427 2440 556 2507; x_wconf 84' lang='lat' dir='ltr'><strong><em>uideatur)</em></strong></span> <span class='ocrx_word' id='word_1_256' title='bbox 574 2445 721 2506; x_wconf 85' lang='lat' dir='ltr'><strong><em>suspicatus</em></strong></span> <span class='ocrx_word' id='word_1_257' title='bbox 741 2457 796 2492; x_wconf 86' lang='lat' dir='ltr'><strong><em>sam</em></strong></span> <span class='ocrx_word' id='word_1_258' title='bbox 816 2439 936 2492; x_wconf 82' lang='lat' dir='ltr'><strong><em>‘Studien</em></strong></span> <span class='ocrx_word' id='word_1_259' title='bbox 950 2442 975 2492; x_wconf 87' lang='lat' dir='ltr'><strong><em>el.</em></strong></span> <span class='ocrx_word' id='word_1_260' title='bbox 991 2441 1022 2491; x_wconf 88' lang='lat' dir='ltr'><strong><em>ll.</em></strong></span> <span class='ocrx_word' id='word_1_261' title='bbox 1039 2439 1082 2492; x_wconf 69' lang='lat' dir='ltr'><strong><em>R!</em></strong></span> 
     </span>
     <span class='ocr_line' id='line_1_28' title="bbox 128 2509 1084 2578; baseline -0.003 -15"><span class='ocrx_word' id='word_1_262' title='bbox 128 2529 157 2578; x_wconf 84' lang='lat' dir='ltr'><strong><em>p.</em></strong></span> <span class='ocrx_word' id='word_1_263' title='bbox 172 2524 220 2563; x_wconf 82' lang='lat' dir='ltr'><strong><em>stt.</em></strong></span> <span class='ocrx_word' id='word_1_264' title='bbox 244 2512 396 2576; x_wconf 85' lang='lat' dir='ltr'><strong><em>Plerumque</em></strong></span> <span class='ocrx_word' id='word_1_265' title='bbox 410 2513 512 2561; x_wconf 85' lang='lat' dir='ltr'><strong><em>locatur</em></strong></span> <span class='ocrx_word' id='word_1_266' title='bbox 521 2519 582 2575; x_wconf 85' lang='lat' dir='ltr'><strong><em>pasl</em></strong></span> <span class='ocrx_word' id='word_1_267' title='bbox 591 2524 612 2570; x_wconf 80' lang='lat' dir='ltr'>s,</span> <span class='ocrx_word' id='word_1_268' title='bbox 623 2525 655 2564; x_wconf 83' lang='lat' dir='ltr'>ss.</span> <span class='ocrx_word' id='word_1_269' title='bbox 671 2515 693 2574; x_wconf 74' lang='grc'><strong><em>5.</em></strong></span> <span class='ocrx_word' id='word_1_270' title='bbox 705 2525 724 2564; x_wconf 93' lang='grc'><strong><em>1.</em></strong></span> <span class='ocrx_word' id='word_1_271' title='bbox 772 2510 793 2578; x_wconf 65' lang='lat'><strong><em>¹)</em></strong></span> <span class='ocrx_word' id='word_1_272' title='bbox 809 2509 925 2562; x_wconf 82' lang='lat' dir='ltr'><strong><em>‘usuras&#39;</em></strong></span> <span class='ocrx_word' id='word_1_273' title='bbox 938 2510 1000 2577; x_wconf 89' lang='lat' dir='ltr'><strong><em>(pra</em></strong></span> <span class='ocrx_word' id='word_1_274' title='bbox 1013 2509 1084 2561; x_wconf 87' lang='lat' dir='ltr'><strong><em>‘usu-</em></strong></span> 
     </span>
     <span class='ocr_line' id='line_1_29' title="bbox 133 2579 1083 2648; baseline 0.001 -17"><span class='ocrx_word' id='word_1_275' title='bbox 133 2580 215 2647; x_wconf 75' lang='lat' dir='ltr'><strong><em>ran&#39;)</em></strong></span> <span class='ocrx_word' id='word_1_276' title='bbox 229 2582 289 2647; x_wconf 83' lang='lat' dir='ltr'><strong><em>Diq.</em></strong></span> <span class='ocrx_word' id='word_1_277' title='bbox 306 2581 367 2631; x_wconf 83' lang='lat' dir='ltr'><strong><em>Cdd.</em></strong></span> <span class='ocrx_word' id='word_1_278' title='bbox 387 2588 412 2630; x_wconf 87' lang='lat' dir='ltr'><strong><em>et</em></strong></span> <span class='ocrx_word' id='word_1_279' title='bbox 429 2583 487 2631; x_wconf 89' lang='lat' dir='ltr'><strong><em>edd.</em></strong></span> <span class='ocrx_word' id='word_1_280' title='bbox 552 2579 573 2648; x_wconf 81' lang='lat'><strong><em>⁸)</em></strong></span> <span class='ocrx_word' id='word_1_281' title='bbox 587 2581 690 2646; x_wconf 80' lang='lat' dir='ltr'><strong><em>Scripsi</em></strong></span> <span class='ocrx_word' id='word_1_282' title='bbox 704 2585 731 2631; x_wconf 88' lang='lat' dir='ltr'><strong><em>in</em></strong></span> <span class='ocrx_word' id='word_1_283' title='bbox 747 2580 866 2632; x_wconf 81' lang='lat' dir='ltr'><strong><em>‘Studien</em></strong></span> <span class='ocrx_word' id='word_1_284' title='bbox 881 2583 906 2632; x_wconf 87' lang='lat' dir='ltr'><strong><em>d.</em></strong></span> <span class='ocrx_word' id='word_1_285' title='bbox 922 2582 953 2631; x_wconf 79' lang='lat' dir='ltr'><strong><em>Ii.</em></strong></span> <span class='ocrx_word' id='word_1_286' title='bbox 969 2579 1013 2631; x_wconf 79' lang='lat' dir='ltr'><strong><em>Ii.&#39;</em></strong></span> <span class='ocrx_word' id='word_1_287' title='bbox 1029 2584 1045 2631; x_wconf 88' lang='lat' dir='ltr'><strong><em>l.</em></strong></span> <span class='ocrx_word' id='word_1_288' title='bbox 1061 2599 1083 2632; x_wconf 88' lang='lat' dir='ltr'><strong><em>c.</em></strong></span> 
     </span>
     <span class='ocr_line' id='line_1_30' title="bbox 133 2651 1084 2718; baseline -0.002 -14"><span class='ocrx_word' id='word_1_289' title='bbox 133 2667 163 2704; x_wconf 87' lang='lat' dir='ltr'><strong><em>eo</em></strong></span> <span class='ocrx_word' id='word_1_290' title='bbox 176 2667 262 2710; x_wconf 81' lang='lat' dir='ltr'><strong><em>sensu,</em></strong></span> <span class='ocrx_word' id='word_1_291' title='bbox 277 2667 326 2716; x_wconf 84' lang='lat' dir='ltr'><strong><em>qna</em></strong></span> <span class='ocrx_word' id='word_1_292' title='bbox 339 2654 519 2716; x_wconf 86' lang='lat' dir='ltr'><strong><em>interpretatio</em></strong></span> <span class='ocrx_word' id='word_1_293' title='bbox 533 2653 558 2701; x_wconf 85' lang='lat' dir='ltr'><strong><em>la.</em></strong></span> <span class='ocrx_word' id='word_1_294' title='bbox 574 2655 590 2702; x_wconf 92' lang='lat' dir='ltr'><strong><em>l.</em></strong></span> <span class='ocrx_word' id='word_1_295' title='bbox 606 2655 674 2716; x_wconf 87' lang='lat' dir='ltr'><strong><em>cepit</em></strong></span> <span class='ocrx_word' id='word_1_296' title='bbox 687 2651 756 2718; x_wconf 89' lang='lat' dir='ltr'><strong><em>(nam</em></strong></span> <span class='ocrx_word' id='word_1_297' title='bbox 770 2655 808 2702; x_wconf 89' lang='lat' dir='ltr'><strong><em>ita</em></strong></span> <span class='ocrx_word' id='word_1_298' title='bbox 821 2655 927 2716; x_wconf 84' lang='lat' dir='ltr'>cepisse,</span> <span class='ocrx_word' id='word_1_299' title='bbox 941 2654 1011 2702; x_wconf 86' lang='lat' dir='ltr'><strong><em>nullo</em></strong></span> <span class='ocrx_word' id='word_1_300' title='bbox 1025 2654 1084 2702; x_wconf 89' lang='lat' dir='ltr'><strong><em>iure</em></strong></span> 
     </span>
     <span class='ocr_line' id='line_1_31' title="bbox 133 2722 1085 2789; baseline -0.002 -17"><span class='ocrx_word' id='word_1_301' title='bbox 133 2730 209 2789; x_wconf 86' lang='lat' dir='ltr'><strong><em>neqat</em></strong></span> <span class='ocrx_word' id='word_1_302' title='bbox 224 2723 325 2772; x_wconf 82' lang='lat' dir='ltr'><strong><em>Puella</em></strong></span> <span class='ocrx_word' id='word_1_303' title='bbox 340 2723 423 2772; x_wconf 87' lang='lat' dir='ltr'><strong><em>Pand.</em></strong></span> <span class='ocrx_word' id='word_1_304' title='bbox 439 2725 462 2784; x_wconf 70' lang='lat'><strong><em>5.</em></strong></span> <span class='ocrx_word' id='word_1_305' title='bbox 473 2735 520 2774; x_wconf 74' lang='lat' dir='ltr'>sos.</span> <span class='ocrx_word' id='word_1_306' title='bbox 536 2729 587 2773; x_wconf 84' lang='lat' dir='ltr'><strong><em>not.</em></strong></span> <span class='ocrx_word' id='word_1_307' title='bbox 600 2722 629 2788; x_wconf 79' lang='lat' dir='ltr'><strong><em>s)</em></strong></span> <span class='ocrx_word' id='word_1_308' title='bbox 643 2729 668 2772; x_wconf 87' lang='lat' dir='ltr'><strong><em>et</em></strong></span> <span class='ocrx_word' id='word_1_309' title='bbox 680 2724 805 2773; x_wconf 85' lang='lat' dir='ltr'><strong><em>suadente</em></strong></span> <span class='ocrx_word' id='word_1_310' title='bbox 818 2739 887 2773; x_wconf 80' lang='lat' dir='ltr'><strong><em>nexa</em></strong></span> <span class='ocrx_word' id='word_1_311' title='bbox 901 2723 978 2772; x_wconf 77' lang='lat' dir='ltr'><strong><em>iuius</em></strong></span> <span class='ocrx_word' id='word_1_312' title='bbox 988 2725 1014 2784; x_wconf 77' lang='lat' dir='ltr'><strong><em>§l</em></strong></span> <span class='ocrx_word' id='word_1_313' title='bbox 1028 2738 1085 2772; x_wconf 87' lang='lat' dir='ltr'><strong><em>cum</em></strong></span> 
     </span>
     <span class='ocr_line' id='line_1_32' title="bbox 131 2793 1083 2858; baseline -0.002 -15"><span class='ocrx_word' id='word_1_314' title='bbox 131 2796 255 2858; x_wconf 86' lang='lat' dir='ltr'><strong><em>sequenti.</em></strong></span> <span class='ocrx_word' id='word_1_315' title='bbox 279 2793 395 2858; x_wconf 85' lang='lat' dir='ltr'><strong><em>Denique</em></strong></span> <span class='ocrx_word' id='word_1_316' title='bbox 409 2795 448 2842; x_wconf 86' lang='lat' dir='ltr'><strong><em>sia</em></strong></span> <span class='ocrx_word' id='word_1_317' title='bbox 462 2795 560 2842; x_wconf 84' lang='lat' dir='ltr'><strong><em>citatur</em></strong></span> <span class='ocrx_word' id='word_1_318' title='bbox 574 2795 715 2843; x_wconf 83' lang='lat' dir='ltr'><strong><em>antinomia</em></strong></span> <span class='ocrx_word' id='word_1_319' title='bbox 729 2794 760 2842; x_wconf 88' lang='lat' dir='ltr'><strong><em>L.</em></strong></span> <span class='ocrx_word' id='word_1_320' title='bbox 772 2805 806 2844; x_wconf 78' lang='lat' dir='ltr'><strong><em>st.</em></strong></span> <span class='ocrx_word' id='word_1_321' title='bbox 820 2795 843 2855; x_wconf 63' lang='grc' dir='ltr'><strong><em>ᾖ.</em></strong></span> <span class='ocrx_word' id='word_1_322' title='bbox 854 2806 874 2844; x_wconf 89' lang='lat'><strong><em>1.</em></strong></span> <span class='ocrx_word' id='word_1_323' title='bbox 890 2793 921 2843; x_wconf 85' lang='lat' dir='ltr'><strong><em>L.</em></strong></span> <span class='ocrx_word' id='word_1_324' title='bbox 932 2805 964 2844; x_wconf 80' lang='lat' dir='ltr'><strong><em>tt.</em></strong></span> <span class='ocrx_word' id='word_1_325' title='bbox 981 2795 1003 2854; x_wconf 76' lang='lat'><strong><em>§-</em></strong></span> <span class='ocrx_word' id='word_1_326' title='bbox 1015 2805 1035 2843; x_wconf 76' lang='grc'><strong><em>1.</em></strong></span> <span class='ocrx_word' id='word_1_327' title='bbox 1051 2793 1083 2841; x_wconf 88' lang='lat' dir='ltr'><strong><em>D.</em></strong></span> 
     </span>
     <span class='ocr_line' id='line_1_33' title="bbox 132 2862 1084 2930; baseline -0.001 -18"><span class='ocrx_word' id='word_1_328' title='bbox 132 2865 164 2912; x_wconf 92' lang='lat' dir='ltr'><strong><em>de</em></strong></span> <span class='ocrx_word' id='word_1_329' title='bbox 173 2866 247 2930; x_wconf 83' lang='lat' dir='ltr'><strong><em>piqn.</em></strong></span> <span class='ocrx_word' id='word_1_330' title='bbox 264 2862 309 2930; x_wconf 76' lang='lat' dir='ltr'>(st,</span> <span class='ocrx_word' id='word_1_331' title='bbox 318 2862 351 2929; x_wconf 89' lang='lat'><strong><em>1).</em></strong></span> <span class='ocrx_word' id='word_1_332' title='bbox 366 2863 398 2912; x_wconf 83' lang='lat' dir='ltr'><strong><em>L.</em></strong></span> <span class='ocrx_word' id='word_1_333' title='bbox 413 2875 433 2914; x_wconf 85' lang='lat' dir='ltr'>s.</span> <span class='ocrx_word' id='word_1_334' title='bbox 450 2863 476 2912; x_wconf 80' lang='lat' dir='ltr'><strong><em>G.</em></strong></span> <span class='ocrx_word' id='word_1_335' title='bbox 491 2865 519 2912; x_wconf 89' lang='lat' dir='ltr'><strong><em>in</em></strong></span> <span class='ocrx_word' id='word_1_336' title='bbox 533 2863 600 2927; x_wconf 78' lang='lat' dir='ltr'><strong><em>quib.</em></strong></span> <span class='ocrx_word' id='word_1_337' title='bbox 616 2880 637 2912; x_wconf 90' lang='lat' dir='ltr'><strong><em>c.</em></strong></span> <span class='ocrx_word' id='word_1_338' title='bbox 650 2866 724 2928; x_wconf 87' lang='lat' dir='ltr'><strong><em>piqn.</em></strong></span> <span class='ocrx_word' id='word_1_339' title='bbox 739 2862 771 2929; x_wconf 84' lang='lat'><strong><em>(8,</em></strong></span> <span class='ocrx_word' id='word_1_340' title='bbox 781 2863 826 2930; x_wconf 81' lang='lat' dir='ltr'><strong><em>rt).</em></strong></span> <span class='ocrx_word' id='word_1_341' title='bbox 845 2863 877 2912; x_wconf 86' lang='lat' dir='ltr'><strong><em>L.</em></strong></span> <span class='ocrx_word' id='word_1_342' title='bbox 888 2876 907 2914; x_wconf 93' lang='lat'><strong><em>1.</em></strong></span> <span class='ocrx_word' id='word_1_343' title='bbox 925 2863 950 2912; x_wconf 81' lang='lat'><strong><em>0.</em></strong></span> <span class='ocrx_word' id='word_1_344' title='bbox 966 2864 1084 2926; x_wconf 87' lang='lat' dir='ltr'><strong><em>departu</em></strong></span> 
     </span>
     <span class='ocr_line' id='line_1_34' title="bbox 128 2933 1085 3000; baseline 0 -18"><span class='ocrx_word' id='word_1_345' title='bbox 128 2936 203 2998; x_wconf 86' lang='lat' dir='ltr'><strong><em>piqn.</em></strong></span> <span class='ocrx_word' id='word_1_346' title='bbox 218 2933 250 3000; x_wconf 83' lang='lat'><strong><em>(8,</em></strong></span> <span class='ocrx_word' id='word_1_347' title='bbox 264 2933 315 3000; x_wconf 73' lang='lat'><strong>25),</strong></span> <span class='ocrx_word' id='word_1_348' title='bbox 330 2949 377 2984; x_wconf 88' lang='lat' dir='ltr'><strong><em>nce</em></strong></span> <span class='ocrx_word' id='word_1_349' title='bbox 391 2935 471 2997; x_wconf 87' lang='lat' dir='ltr'><strong><em>plane</em></strong></span> <span class='ocrx_word' id='word_1_350' title='bbox 484 2934 656 2999; x_wconf 86' lang='lat' dir='ltr'><strong><em>resraqanlur</em></strong></span> <span class='ocrx_word' id='word_1_351' title='bbox 672 2934 733 2984; x_wconf 88' lang='lat' dir='ltr'><strong><em>Cdd.</em></strong></span> <span class='ocrx_word' id='word_1_352' title='bbox 765 2933 829 2983; x_wconf 89' lang='lat' dir='ltr'><strong><em>Nam</em></strong></span> <span class='ocrx_word' id='word_1_353' title='bbox 842 2934 893 2983; x_wconf 85' lang='lat' dir='ltr'><strong><em>iure</em></strong></span> <span class='ocrx_word' id='word_1_354' title='bbox 908 2935 1023 2982; x_wconf 82' lang='lat' dir='ltr'><strong><em>retinetur</em></strong></span> <span class='ocrx_word' id='word_1_355' title='bbox 1037 2949 1085 2983; x_wconf 78' lang='lat' dir='ltr'><strong><em>sea·</em></strong></span> 
     </span>
     <span class='ocr_line' id='line_1_35' title="bbox 135 3002 1083 3070; baseline -0.001 -17"><span class='ocrx_word' id='word_1_356' title='bbox 135 3004 196 3053; x_wconf 73' lang='lat' dir='ltr'><strong><em>odet.</em></strong></span> <span class='ocrx_word' id='word_1_357' title='bbox 211 3005 262 3053; x_wconf 85' lang='lat' dir='ltr'><strong><em>iure</em></strong></span> <span class='ocrx_word' id='word_1_358' title='bbox 278 3005 428 3053; x_wconf 75' lang='lat' dir='ltr'><strong><em>eontinentur</em></strong></span> <span class='ocrx_word' id='word_1_359' title='bbox 444 3003 487 3052; x_wconf 80' lang='lat' dir='ltr'><strong><em>aa.</em></strong></span> <span class='ocrx_word' id='word_1_360' title='bbox 501 3016 522 3054; x_wconf 80' lang='lat' dir='ltr'><strong><em>a.</em></strong></span> <span class='ocrx_word' id='word_1_361' title='bbox 552 3005 603 3052; x_wconf 85' lang='lat' dir='ltr'><strong><em>iure</em></strong></span> <span class='ocrx_word' id='word_1_362' title='bbox 622 3019 669 3052; x_wconf 86' lang='lat' dir='ltr'><strong><em>non</em></strong></span> <span class='ocrx_word' id='word_1_363' title='bbox 688 3011 783 3053; x_wconf 85' lang='lat' dir='ltr'><strong><em>tenetur</em></strong></span> <span class='ocrx_word' id='word_1_364' title='bbox 797 3003 846 3070; x_wconf 89' lang='lat' dir='ltr'><strong><em>(uel</em></strong></span> <span class='ocrx_word' id='word_1_365' title='bbox 860 3002 979 3070; x_wconf 85' lang='lat' dir='ltr'><strong><em>tenentur)</em></strong></span> <span class='ocrx_word' id='word_1_366' title='bbox 994 3005 1083 3062; x_wconf 88' lang='lat' dir='ltr'><strong><em>ceteri,</em></strong></span> 
     </span>
     <span class='ocr_line' id='line_1_36' title="bbox 133 3073 1084 3139; baseline -0.001 -15"><span class='ocrx_word' id='word_1_367' title='bbox 133 3075 189 3124; x_wconf 87' lang='lat' dir='ltr'><strong><em>edd.</em></strong></span> <span class='ocrx_word' id='word_1_368' title='bbox 218 3073 283 3124; x_wconf 85' lang='lat' dir='ltr'><strong><em>Vide</em></strong></span> <span class='ocrx_word' id='word_1_369' title='bbox 297 3081 388 3131; x_wconf 86' lang='lat' dir='ltr'><strong><em>tamen,</em></strong></span> <span class='ocrx_word' id='word_1_370' title='bbox 404 3089 434 3123; x_wconf 93' lang='lat' dir='ltr'><strong><em>ne</em></strong></span> <span class='ocrx_word' id='word_1_371' title='bbox 444 3073 508 3123; x_wconf 82' lang='lat' dir='ltr'><strong><em>lraea</em></strong></span> <span class='ocrx_word' id='word_1_372' title='bbox 518 3075 576 3137; x_wconf 89' lang='lat' dir='ltr'><strong><em>ipsa</em></strong></span> <span class='ocrx_word' id='word_1_373' title='bbox 584 3077 732 3137; x_wconf 85' lang='lat' dir='ltr'><strong><em>scripturae</em></strong></span> <span class='ocrx_word' id='word_1_374' title='bbox 741 3075 919 3138; x_wconf 86' lang='lat' dir='ltr'><strong><em>discrepantia</em></strong></span> <span class='ocrx_word' id='word_1_375' title='bbox 927 3075 1084 3139; x_wconf 74' lang='lat' dir='ltr'><strong><em>frequentis·</em></strong></span> 
     </span>
     <span class='ocr_line' id='line_1_37' title="bbox 132 3143 1083 3209; baseline -0.001 -15"><span class='ocrx_word' id='word_1_376' title='bbox 132 3146 195 3195; x_wconf 87' lang='lat' dir='ltr'><strong><em>sima</em></strong></span> <span class='ocrx_word' id='word_1_377' title='bbox 209 3159 301 3194; x_wconf 88' lang='lat' dir='ltr'><strong><em>errare</em></strong></span> <span class='ocrx_word' id='word_1_378' title='bbox 316 3145 375 3193; x_wconf 89' lang='lat' dir='ltr'><strong><em>inde</em></strong></span> <span class='ocrx_word' id='word_1_379' title='bbox 386 3151 448 3197; x_wconf 85' lang='lat' dir='ltr'><strong><em>nata</em></strong></span> <span class='ocrx_word' id='word_1_380' title='bbox 457 3145 499 3201; x_wconf 84' lang='lat' dir='ltr'><strong><em>sit,</em></strong></span> <span class='ocrx_word' id='word_1_381' title='bbox 511 3145 579 3208; x_wconf 86' lang='lat' dir='ltr'><strong><em>quad</em></strong></span> <span class='ocrx_word' id='word_1_382' title='bbox 587 3146 662 3195; x_wconf 87' lang='lat' dir='ltr'><strong><em>initia</em></strong></span> <span class='ocrx_word' id='word_1_383' title='bbox 674 3145 772 3207; x_wconf 83' lang='lat' dir='ltr'><strong><em>suerii:</em></strong></span> <span class='ocrx_word' id='word_1_384' title='bbox 785 3147 891 3208; x_wconf 87' lang='lat' dir='ltr'><strong><em>pignoris</em></strong></span> <span class='ocrx_word' id='word_1_385' title='bbox 902 3147 954 3194; x_wconf 84' lang='lat' dir='ltr'><strong><em>iare</em></strong></span> <span class='ocrx_word' id='word_1_386' title='bbox 964 3143 1083 3209; x_wconf 87' lang='lat' dir='ltr'><strong><em>(tenetur,</em></strong></span> 
     </span>
     <span class='ocr_line' id='line_1_38' title="bbox 133 3213 1083 3279; baseline -0.001 -15"><span class='ocrx_word' id='word_1_387' title='bbox 133 3215 240 3264; x_wconf 88' lang='lat' dir='ltr'><strong><em>dominii</em></strong></span> <span class='ocrx_word' id='word_1_388' title='bbox 250 3217 307 3264; x_wconf 86' lang='lat' dir='ltr'><strong><em>iure</em></strong></span> <span class='ocrx_word' id='word_1_389' title='bbox 317 3229 367 3264; x_wconf 87' lang='lat' dir='ltr'><strong><em>non</em></strong></span> <span class='ocrx_word' id='word_1_390' title='bbox 378 3213 514 3279; x_wconf 82' lang='lat' dir='ltr'><strong><em>re)iinetur.</em></strong></span> <span class='ocrx_word' id='word_1_391' title='bbox 538 3215 577 3264; x_wconf 89' lang='lat' dir='ltr'><strong><em>De</em></strong></span> <span class='ocrx_word' id='word_1_392' title='bbox 587 3217 697 3265; x_wconf 85' lang='lat' dir='ltr'><strong><em>aliarum</em></strong></span> <span class='ocrx_word' id='word_1_393' title='bbox 706 3217 840 3265; x_wconf 88' lang='lat' dir='ltr'><strong><em>sententiis</em></strong></span> <span class='ocrx_word' id='word_1_394' title='bbox 847 3216 897 3264; x_wconf 85' lang='lat' dir='ltr'><strong><em>aid.</em></strong></span> <span class='ocrx_word' id='word_1_395' title='bbox 909 3215 940 3264; x_wconf 87' lang='lat' dir='ltr'><strong><em>L.</em></strong></span> <span class='ocrx_word' id='word_1_396' title='bbox 958 3215 1083 3278; x_wconf 87' lang='lat' dir='ltr'><strong><em>Wittqen·</em></strong></span> 
     </span>
     <span class='ocr_line' id='line_1_39' title="bbox 133 3285 1025 3350; baseline 0.003 -17"><span class='ocrx_word' id='word_1_397' title='bbox 133 3287 199 3334; x_wconf 87' lang='lat' dir='ltr'><strong><em>stein</em></strong></span> <span class='ocrx_word' id='word_1_398' title='bbox 217 3292 318 3349; x_wconf 87' lang='lat' dir='ltr'><strong><em>quaten.</em></strong></span> <span class='ocrx_word' id='word_1_399' title='bbox 338 3287 378 3334; x_wconf 88' lang='lat' dir='ltr'><strong><em>rei</em></strong></span> <span class='ocrx_word' id='word_1_400' title='bbox 392 3286 466 3350; x_wconf 81' lang='lat' dir='ltr'><strong><em>piqn.</em></strong></span> <span class='ocrx_word' id='word_1_401' title='bbox 484 3285 522 3347; x_wconf 78' lang='lat' dir='ltr'><strong><em>fr.</em></strong></span> <span class='ocrx_word' id='word_1_402' title='bbox 541 3286 612 3335; x_wconf 89' lang='lat' dir='ltr'><strong><em>cred.</em></strong></span> <span class='ocrx_word' id='word_1_403' title='bbox 630 3293 680 3334; x_wconf 90' lang='lat' dir='ltr'><strong><em>ten.</em></strong></span> <span class='ocrx_word' id='word_1_404' title='bbox 699 3285 861 3336; x_wconf 82' lang='lat' dir='ltr'><strong><em>Berol.1sts.</em></strong></span> <span class='ocrx_word' id='word_1_405' title='bbox 877 3301 906 3348; x_wconf 85' lang='lat' dir='ltr'><strong><em>p.</em></strong></span> <span class='ocrx_word' id='word_1_406' title='bbox 920 3297 947 3336; x_wconf 79' lang='lat' dir='ltr'><strong><em>ss</em></strong></span> <span class='ocrx_word' id='word_1_407' title='bbox 960 3299 1025 3347; x_wconf 56' lang='lat' dir='ltr'><strong><em>seq„</em></strong></span> 
     </span>
     <span class='ocr_line' id='line_1_40' title="bbox 134 3351 1083 3422; baseline -0.002 -18"><span class='ocrx_word' id='word_1_408' title='bbox 134 3351 155 3419; x_wconf 80' lang='lat'><strong><em>⁹)</em></strong></span> <span class='ocrx_word' id='word_1_409' title='bbox 171 3356 209 3418; x_wconf 79' lang='lat' dir='ltr'><strong><em>Of.</em></strong></span> <span class='ocrx_word' id='word_1_410' title='bbox 227 3353 425 3420; x_wconf 60' lang='lat' dir='ltr'><strong><em>Gaintcseq.</em></strong></span> <span class='ocrx_word' id='word_1_411' title='bbox 440 3356 463 3416; x_wconf 67' lang='grc' dir='ltr'><strong><em>ξ.</em></strong></span> <span class='ocrx_word' id='word_1_412' title='bbox 478 3367 512 3405; x_wconf 84' lang='lat' dir='ltr'>ss.</span> <span class='ocrx_word' id='word_1_413' title='bbox 532 3353 663 3405; x_wconf 84' lang='lat' dir='ltr'><strong><em>Ldeact.</em></strong></span> <span class='ocrx_word' id='word_1_414' title='bbox 679 3354 710 3421; x_wconf 79' lang='grc'><strong><em>(4,</em></strong></span> <span class='ocrx_word' id='word_1_415' title='bbox 725 3355 757 3422; x_wconf 84' lang='lat' dir='ltr'>s).</span> <span class='ocrx_word' id='word_1_416' title='bbox 776 3356 807 3404; x_wconf 84' lang='lat' dir='ltr'><strong><em>L.</em></strong></span> <span class='ocrx_word' id='word_1_417' title='bbox 822 3368 844 3406; x_wconf 80' lang='grc'><strong><em>4.</em></strong></span> <span class='ocrx_word' id='word_1_418' title='bbox 863 3355 895 3403; x_wconf 85' lang='grc' dir='ltr'><strong><em>Ι).</em></strong></span> <span class='ocrx_word' id='word_1_419' title='bbox 911 3354 1083 3416; x_wconf 86' lang='lat' dir='ltr'><strong><em>decompens.</em></strong></span> 
     </span>
     <span class='ocr_line' id='line_1_41' title="bbox 132 3422 1135 3492; baseline -0.006 -16"><span class='ocrx_word' id='word_1_420' title='bbox 132 3423 223 3491; x_wconf 67' lang='lat' dir='ltr'><strong><em>(lma).</em></strong></span> <span class='ocrx_word' id='word_1_421' title='bbox 271 3422 304 3492; x_wconf 83' lang='grc'><strong><em>10)</em></strong></span> <span class='ocrx_word' id='word_1_422' title='bbox 319 3439 346 3474; x_wconf 80' lang='lat' dir='ltr'><strong><em>ea</em></strong></span> <span class='ocrx_word' id='word_1_423' title='bbox 361 3427 412 3488; x_wconf 84' lang='lat' dir='ltr'><strong><em>peri</em></strong></span> <span class='ocrx_word' id='word_1_424' title='bbox 427 3425 508 3490; x_wconf 87' lang='lat' dir='ltr'><strong><em>speeie</em></strong></span> <span class='ocrx_word' id='word_1_425' title='bbox 519 3432 542 3472; x_wconf 86' lang='lat' dir='ltr'><strong><em>et</em></strong></span> <span class='ocrx_word' id='word_1_426' title='bbox 551 3441 622 3474; x_wconf 84' lang='lat' dir='ltr'>cause</span> <span class='ocrx_word' id='word_1_427' title='bbox 632 3427 723 3490; x_wconf 81' lang='lat' dir='ltr'><strong><em>dispari</em></strong></span> <span class='ocrx_word' id='word_1_428' title='bbox 733 3427 864 3475; x_wconf 82' lang='lat' dir='ltr'><strong><em>admittitur</em></strong></span> <span class='ocrx_word' id='word_1_429' title='bbox 875 3423 914 3489; x_wconf 86' lang='lat' dir='ltr'><strong><em>(sd</em></strong></span> <span class='ocrx_word' id='word_1_430' title='bbox 924 3423 999 3485; x_wconf 81' lang='lat' dir='ltr'><strong><em>legem</em></strong></span> <span class='ocrx_word' id='word_1_431' title='bbox 1010 3423 1083 3471; x_wconf 87' lang='lat' dir='ltr'><strong><em>mitti·</em></strong></span> <span class='ocrx_word' id='word_1_432' title='bbox 1133 3425 1135 3429; x_wconf 81' lang='grc'>’</span> 
     </span>
     <span class='ocr_line' id='line_1_42' title="bbox 131 3493 1084 3561; baseline -0.002 -18"><span class='ocrx_word' id='word_1_433' title='bbox 131 3502 170 3544; x_wconf 83' lang='lat' dir='ltr'><strong><em>tur</em></strong></span> <span class='ocrx_word' id='word_1_434' title='bbox 185 3495 229 3544; x_wconf 88' lang='lat' dir='ltr'><strong><em>Cd.</em></strong></span> <span class='ocrx_word' id='word_1_435' title='bbox 240 3493 272 3561; x_wconf 85' lang='lat' dir='ltr'>s.)</span> <span class='ocrx_word' id='word_1_436' title='bbox 298 3495 360 3545; x_wconf 82' lang='lat' dir='ltr'><strong><em>Cdcl.</em></strong></span> <span class='ocrx_word' id='word_1_437' title='bbox 375 3497 446 3554; x_wconf 82' lang='lat' dir='ltr'><strong><em>edd,</em></strong></span> <span class='ocrx_word' id='word_1_438' title='bbox 461 3495 504 3546; x_wconf 81' lang='lat' dir='ltr'><strong><em>udi</em></strong></span> <span class='ocrx_word' id='word_1_439' title='bbox 518 3509 546 3544; x_wconf 82' lang='lat' dir='ltr'>ex</span> <span class='ocrx_word' id='word_1_440' title='bbox 560 3497 757 3559; x_wconf 65' lang='lat' dir='ltr'><strong><em>transpositum</em></strong></span> <span class='ocrx_word' id='word_1_441' title='bbox 773 3495 888 3560; x_wconf 73' lang='lat' dir='ltr'><strong><em>fortasse</em></strong></span> <span class='ocrx_word' id='word_1_442' title='bbox 902 3495 977 3543; x_wconf 85' lang='lat' dir='ltr'><strong><em>etiam</em></strong></span> <span class='ocrx_word' id='word_1_443' title='bbox 993 3507 1044 3557; x_wconf 90' lang='lat' dir='ltr'><strong><em>pro</em></strong></span> <span class='ocrx_word' id='word_1_444' title='bbox 1061 3500 1084 3541; x_wconf 87' lang='lat' dir='ltr'><strong><em>et</em></strong></span> 
     </span>
     <span class='ocr_line' id='line_1_43' title="bbox 131 3565 764 3630; baseline 0.002 -17"><span class='ocrx_word' id='word_1_445' title='bbox 131 3565 263 3630; x_wconf 83' lang='lat' dir='ltr'><strong><em>leqendum</em></strong></span> <span class='ocrx_word' id='word_1_446' title='bbox 277 3566 342 3625; x_wconf 87' lang='lat' dir='ltr'><strong><em>licet,</em></strong></span> <span class='ocrx_word' id='word_1_447' title='bbox 356 3567 425 3630; x_wconf 87' lang='lat' dir='ltr'><strong><em>quod</em></strong></span> <span class='ocrx_word' id='word_1_448' title='bbox 437 3567 465 3615; x_wconf 88' lang='lat' dir='ltr'><strong><em>in</em></strong></span> <span class='ocrx_word' id='word_1_449' title='bbox 479 3567 554 3628; x_wconf 81' lang='lat' dir='ltr'><strong><em>legem</em></strong></span> <span class='ocrx_word' id='word_1_450' title='bbox 564 3573 649 3629; x_wconf 85' lang='lat' dir='ltr'><strong><em>potest</em></strong></span> <span class='ocrx_word' id='word_1_451' title='bbox 662 3565 764 3616; x_wconf 86' lang='lat' dir='ltr'><strong><em>abiisse.</em></strong></span> 
     </span>
    </p>
   </div>
   <div class='ocr_carea' id='block_1_6' title="bbox 0 0 1346 4112">
    <p class='ocr_par' dir='ltr' id='par_1_7' title="bbox 0 0 1346 4112">
     <span class='ocr_line' id='line_1_44' title="bbox 0 0 1346 4112; baseline 0 0"><span class='ocrx_word' id='word_1_452' title='bbox 0 0 1346 4112; x_wconf 95' lang='lat' dir='ltr'><strong><em> </em></strong></span> 
     </span>
    </p>
   </div>
  </div>
 </body>
</html>
