<?xml version="1.0" encoding="UTF-8"?>
<!DOCTYPE html PUBLIC "-//W3C//DTD XHTML 1.0 Transitional//EN"
    "http://www.w3.org/TR/xhtml1/DTD/xhtml1-transitional.dtd">
<html xmlns="http://www.w3.org/1999/xhtml" xml:lang="en" lang="en">
 <head>
  <title>
</title>
<meta http-equiv="Content-Type" content="text/html;charset=utf-8" />
  <meta name='ocr-system' content='tesseract 3.04.00' />
  <meta name='ocr-capabilities' content='ocr_page ocr_carea ocr_par ocr_line ocrx_word'/>
</head>
<body>
  <div class='ocr_page' id='page_1' title='image "./ivrisprvdentiae00huscgoog_0190.png"; bbox 0 0 2680 4112; ppageno 0'>
   <div class='ocr_carea' id='block_1_1' title="bbox 262 206 783 322">
    <p class='ocr_par' dir='ltr' id='par_1_1' title="bbox 262 206 783 322">
     <span class='ocr_line' id='line_1_1' title="bbox 262 206 783 322; baseline 0.002 -11"><span class='ocrx_word' id='word_1_1' title='bbox 262 258 324 322; x_wconf 88' lang='grc'>166</span> <span class='ocrx_word' id='word_1_2' title='bbox 640 206 649 230; x_wconf 41' lang='lat'>⁸</span> <span class='ocrx_word' id='word_1_3' title='bbox 671 288 673 292; x_wconf 85' lang='lat'><em>.</em></span> <span class='ocrx_word' id='word_1_4' title='bbox 696 275 783 314; x_wconf 70' lang='lat' dir='ltr'>curve.</span> 
     </span>
    </p>
   </div>
   <div class='ocr_carea' id='block_1_2' title="bbox 242 399 1216 1068">
    <p class='ocr_par' dir='ltr' id='par_1_2' title="bbox 242 399 1216 1068">
     <span class='ocr_line' id='line_1_2' title="bbox 242 399 1216 545; baseline 0.007 -27"><span class='ocrx_word' id='word_1_5' title='bbox 242 399 1216 545; x_wconf 51' lang='lat' dir='ltr'>=restruaturreterre0trr⁰trur³reseratu</span> 
     </span>
     <span class='ocr_line' id='line_1_3' title="bbox 257 534 1215 604; baseline 0.005 -19"><span class='ocrx_word' id='word_1_6' title='bbox 257 535 434 600; x_wconf 87' lang='lat' dir='ltr'>perrt1ssrm1s</span> <span class='ocrx_word' id='word_1_7' title='bbox 453 534 641 587; x_wconf 84' lang='lat' dir='ltr'>urrnatorrbus</span> <span class='ocrx_word' id='word_1_8' title='bbox 654 549 748 588; x_wconf 90' lang='lat' dir='ltr'>omma</span> <span class='ocrx_word' id='word_1_9' title='bbox 766 535 884 604; x_wconf 84' lang='lat' dir='ltr'>contigit</span> <span class='ocrx_word' id='word_1_10' title='bbox 896 551 1015 589; x_wconf 88' lang='lat' dir='ltr'>servare.</span> <span class='ocrx_word' id='word_1_11' title='bbox 1044 536 1071 588; x_wconf 89' lang='lat' dir='ltr'>N</span> <span class='ocrx_word' id='word_1_12' title='bbox 1073 553 1104 589; x_wconf 93' lang='lat' dir='ltr'>ec</span> <span class='ocrx_word' id='word_1_13' title='bbox 1116 539 1215 590; x_wconf 87' lang='lat' dir='ltr'>tamen</span> 
     </span>
     <span class='ocr_line' id='line_1_4' title="bbox 257 600 1215 682; baseline 0.005 -30"><span class='ocrx_word' id='word_1_14' title='bbox 257 601 377 652; x_wconf 88' lang='lat' dir='ltr'>multum</span> <span class='ocrx_word' id='word_1_15' title='bbox 394 600 469 653; x_wconf 90' lang='lat' dir='ltr'>ultra</span> <span class='ocrx_word' id='word_1_16' title='bbox 481 601 618 654; x_wconf 81' lang='lat' dir='ltr'>decimam</span> <span class='ocrx_word' id='word_1_17' title='bbox 630 604 740 669; x_wconf 88' lang='lat' dir='ltr'>partem</span> <span class='ocrx_word' id='word_1_18' title='bbox 753 603 845 668; x_wconf 89' lang='lat' dir='ltr'>operis</span> <span class='ocrx_word' id='word_1_19' title='bbox 857 603 974 667; x_wconf 86' lang='lat' dir='ltr'>interiit,</span> <span class='ocrx_word' id='word_1_20' title='bbox 987 604 1092 657; x_wconf 89' lang='lat' dir='ltr'>etcum</span> <span class='ocrx_word' id='word_1_21' title='bbox 1104 603 1215 682; x_wconf 83' lang='lat' dir='ltr'>aliquid</span> 
     </span>
     <span class='ocr_line' id='line_1_5' title="bbox 260 667 1215 736; baseline 0.004 -16"><span class='ocrx_word' id='word_1_22' title='bbox 260 683 295 720; x_wconf 84' lang='lat' dir='ltr'>ex</span> <span class='ocrx_word' id='word_1_23' title='bbox 312 667 476 732; x_wconf 71' lang='lat' dir='ltr'>Collatiam,</span> <span class='ocrx_word' id='word_1_24' title='bbox 497 684 530 721; x_wconf 83' lang='lat' dir='ltr'>ex</span> <span class='ocrx_word' id='word_1_25' title='bbox 543 668 852 736; x_wconf 79' lang='lat' dir='ltr'>Alaricianaiipitoma</span> <span class='ocrx_word' id='word_1_26' title='bbox 872 669 993 736; x_wconf 89' lang='lat' dir='ltr'>denique</span> <span class='ocrx_word' id='word_1_27' title='bbox 1011 685 1046 722; x_wconf 86' lang='lat' dir='ltr'>ex</span> <span class='ocrx_word' id='word_1_28' title='bbox 1064 669 1215 724; x_wconf 87' lang='lat' dir='ltr'>iustinrani</span> 
     </span>
     <span class='ocr_line' id='line_1_6' title="bbox 257 734 1213 804; baseline 0.006 -18"><span class='ocrx_word' id='word_1_29' title='bbox 257 735 484 788; x_wconf 89' lang='lat' dir='ltr'>Institutionibus</span> <span class='ocrx_word' id='word_1_30' title='bbox 511 736 540 788; x_wconf 92' lang='lat' dir='ltr'>et</span> <span class='ocrx_word' id='word_1_31' title='bbox 561 734 684 803; x_wconf 76' lang='lat' dir='ltr'>Digestis</span> <span class='ocrx_word' id='word_1_32' title='bbox 711 737 804 804; x_wconf 91' lang='lat' dir='ltr'>potuit</span> <span class='ocrx_word' id='word_1_33' title='bbox 829 737 969 801; x_wconf 89' lang='lat' dir='ltr'>resarciri,</span> <span class='ocrx_word' id='word_1_34' title='bbox 996 738 1057 790; x_wconf 91' lang='lat' dir='ltr'>tum</span> <span class='ocrx_word' id='word_1_35' title='bbox 1083 737 1213 804; x_wconf 81' lang='lat' dir='ltr'>repetitis</span> 
     </span>
     <span class='ocr_line' id='line_1_7' title="bbox 258 801 1213 868; baseline 0.005 -15"><span class='ocrx_word' id='word_1_36' title='bbox 258 803 383 854; x_wconf 88' lang='lat' dir='ltr'>virorum</span> <span class='ocrx_word' id='word_1_37' title='bbox 401 802 547 855; x_wconf 88' lang='lat' dir='ltr'>doctorum</span> <span class='ocrx_word' id='word_1_38' title='bbox 565 802 636 855; x_wconf 88' lang='lat' dir='ltr'>curis</span> <span class='ocrx_word' id='word_1_39' title='bbox 656 801 785 856; x_wconf 88' lang='lat' dir='ltr'>effectum</span> <span class='ocrx_word' id='word_1_40' title='bbox 805 805 856 868; x_wconf 86' lang='lat' dir='ltr'>est,</span> <span class='ocrx_word' id='word_1_41' title='bbox 875 804 908 856; x_wconf 94' lang='lat' dir='ltr'>ut</span> <span class='ocrx_word' id='word_1_42' title='bbox 924 803 981 856; x_wconf 86' lang='lat' dir='ltr'>iam</span> <span class='ocrx_word' id='word_1_43' title='bbox 997 804 1028 856; x_wconf 91' lang='lat' dir='ltr'>in</span> <span class='ocrx_word' id='word_1_44' title='bbox 1045 805 1142 858; x_wconf 84' lang='lat' dir='ltr'>nostra</span> <span class='ocrx_word' id='word_1_45' title='bbox 1154 804 1213 858; x_wconf 86' lang='lat' dir='ltr'>edi·</span> 
     </span>
     <span class='ocr_line' id='line_1_8' title="bbox 257 869 1213 940; baseline 0.004 -18"><span class='ocrx_word' id='word_1_46' title='bbox 257 870 334 922; x_wconf 87' lang='lat' dir='ltr'>tione</span> <span class='ocrx_word' id='word_1_47' title='bbox 351 885 408 922; x_wconf 91' lang='lat' dir='ltr'>non</span> <span class='ocrx_word' id='word_1_48' title='bbox 426 869 545 922; x_wconf 87' lang='lat' dir='ltr'>multum</span> <span class='ocrx_word' id='word_1_49' title='bbox 562 869 636 921; x_wconf 89' lang='lat' dir='ltr'>ultra</span> <span class='ocrx_word' id='word_1_50' title='bbox 657 869 840 922; x_wconf 72' lang='lat' dir='ltr'><strong>tredecimam</strong></span> <span class='ocrx_word' id='word_1_51' title='bbox 881 871 972 924; x_wconf 87' lang='lat' dir='ltr'>artem</span> <span class='ocrx_word' id='word_1_52' title='bbox 993 871 1097 940; x_wconf 78' lang='lat' dir='ltr'>integri</span> <span class='ocrx_word' id='word_1_53' title='bbox 1118 872 1213 938; x_wconf 86' lang='lat' dir='ltr'>operis</span> 
     </span>
     <span class='ocr_line' id='line_1_9' title="bbox 258 935 1214 1056; baseline 0.003 -68"><span class='ocrx_word' id='word_1_54' title='bbox 258 935 439 1056; x_wconf 58' lang='lat' dir='ltr'>desidteretur¹</span> <span class='ocrx_word' id='word_1_55' title='bbox 453 937 531 990; x_wconf 86' lang='lat' dir='ltr'>cuius</span> <span class='ocrx_word' id='word_1_56' title='bbox 543 936 667 990; x_wconf 88' lang='lat' dir='ltr'>iacturae</span> <span class='ocrx_word' id='word_1_57' title='bbox 680 953 768 1004; x_wconf 88' lang='lat' dir='ltr'>paene</span> <span class='ocrx_word' id='word_1_58' title='bbox 782 937 851 990; x_wconf 91' lang='lat' dir='ltr'>dimi</span> <span class='ocrx_word' id='word_1_59' title='bbox 871 937 928 990; x_wconf 93' lang='lat' dir='ltr'>ium</span> <span class='ocrx_word' id='word_1_60' title='bbox 940 939 1051 1006; x_wconf 87' lang='lat' dir='ltr'>spectat</span> <span class='ocrx_word' id='word_1_61' title='bbox 1062 937 1099 990; x_wconf 85' lang='lat' dir='ltr'>ad</span> <span class='ocrx_word' id='word_1_62' title='bbox 1108 938 1214 991; x_wconf 89' lang='lat' dir='ltr'>librum</span> 
     </span>
     <span class='ocr_line' id='line_1_10' title="bbox 258 1017 398 1068; baseline 0.007 -13"><span class='ocrx_word' id='word_1_63' title='bbox 258 1017 328 1068; x_wconf 88' lang='lat' dir='ltr'>quar</span> <span class='ocrx_word' id='word_1_64' title='bbox 342 1021 398 1056; x_wconf 90' lang='lat' dir='ltr'>um.</span> 
     </span>
    </p>
   </div>
   <div class='ocr_carea' id='block_1_3' title="bbox 197 1087 1275 2150">
    <p class='ocr_par' dir='ltr' id='par_1_3' title="bbox 257 1087 1275 1812">
     <span class='ocr_line' id='line_1_11' title="bbox 303 1087 1275 1154; baseline 0.004 -10"><span class='ocrx_word' id='word_1_65' title='bbox 303 1137 306 1144; x_wconf 90' lang='lat'>.</span> <span class='ocrx_word' id='word_1_66' title='bbox 324 1087 487 1142; x_wconf 89' lang='lat' dir='ltr'>Editionum</span> <span class='ocrx_word' id='word_1_67' title='bbox 495 1087 617 1141; x_wconf 90' lang='lat' dir='ltr'>indicem</span> <span class='ocrx_word' id='word_1_68' title='bbox 626 1087 872 1154; x_wconf 86' lang='lat' dir='ltr'>accuratissimum,</span> <span class='ocrx_word' id='word_1_69' title='bbox 883 1089 987 1144; x_wconf 85' lang='lat' dir='ltr'>additis</span> <span class='ocrx_word' id='word_1_70' title='bbox 996 1090 1083 1143; x_wconf 86' lang='lat' dir='ltr'>etiam</span> <span class='ocrx_word' id='word_1_71' title='bbox 1092 1090 1213 1144; x_wconf 89' lang='lat' dir='ltr'>aliarum</span> <span class='ocrx_word' id='word_1_72' title='bbox 1224 1099 1275 1148; x_wconf 79' lang='lat'>[9⁹]</span> 
     </span>
     <span class='ocr_line' id='line_1_12' title="bbox 258 1155 1213 1222; baseline 0.002 -14"><span class='ocrx_word' id='word_1_73' title='bbox 258 1156 525 1208; x_wconf 75' lang='lat' dir='ltr'>commentationum</span> <span class='ocrx_word' id='word_1_74' title='bbox 537 1155 636 1219; x_wconf 89' lang='lat' dir='ltr'>t&#39;tulis,</span> <span class='ocrx_word' id='word_1_75' title='bbox 654 1171 725 1222; x_wconf 85' lang='lat' dir='ltr'>quae</span> <span class='ocrx_word' id='word_1_76' title='bbox 744 1155 780 1208; x_wconf 89' lang='lat' dir='ltr'>ad</span> <span class='ocrx_word' id='word_1_77' title='bbox 799 1155 988 1211; x_wconf 88' lang='lat' dir='ltr'>emendandas</span> <span class='ocrx_word' id='word_1_78' title='bbox 1006 1157 1052 1211; x_wconf 86' lang='lat' dir='ltr'>vel</span> <span class='ocrx_word' id='word_1_79' title='bbox 1068 1157 1213 1212; x_wconf 85' lang='lat' dir='ltr'>illustran-</span> 
     </span>
     <span class='ocr_line' id='line_1_13' title="bbox 257 1221 1213 1300; baseline 0.004 -26"><span class='ocrx_word' id='word_1_80' title='bbox 257 1221 308 1276; x_wconf 89' lang='lat' dir='ltr'>das</span> <span class='ocrx_word' id='word_1_81' title='bbox 321 1221 384 1275; x_wconf 83' lang='lat' dir='ltr'>Gaii</span> <span class='ocrx_word' id='word_1_82' title='bbox 396 1223 589 1277; x_wconf 86' lang='lat' dir='ltr'>institutiones</span> <span class='ocrx_word' id='word_1_83' title='bbox 607 1222 722 1286; x_wconf 89' lang='lat' dir='ltr'>faciunt,</span> <span class='ocrx_word' id='word_1_84' title='bbox 740 1222 929 1300; x_wconf 82' lang='lat' dir='ltr'>Boeckingius</span> <span class='ocrx_word' id='word_1_85' title='bbox 947 1223 1068 1278; x_wconf 80' lang='lat' dir='ltr'>confecit</span> <span class='ocrx_word' id='word_1_86' title='bbox 1083 1223 1112 1277; x_wconf 93' lang='lat' dir='ltr'>in</span> <span class='ocrx_word' id='word_1_87' title='bbox 1151 1240 1213 1278; x_wconf 84' lang='lat' dir='ltr'>rae·</span> 
     </span>
     <span class='ocr_line' id='line_1_14' title="bbox 257 1289 1213 1360; baseline 0.004 -20"><span class='ocrx_word' id='word_1_88' title='bbox 257 1289 363 1342; x_wconf 87' lang='lat' dir='ltr'>satione</span> <span class='ocrx_word' id='word_1_89' title='bbox 386 1305 453 1344; x_wconf 84' lang='lat' dir='ltr'>suae</span> <span class='ocrx_word' id='word_1_90' title='bbox 478 1289 624 1355; x_wconf 87' lang='lat' dir='ltr'>editionis,</span> <span class='ocrx_word' id='word_1_91' title='bbox 668 1306 704 1342; x_wconf 88' lang='lat' dir='ltr'>ua</span> <span class='ocrx_word' id='word_1_92' title='bbox 726 1291 769 1342; x_wconf 90' lang='lat' dir='ltr'>ter</span> <span class='ocrx_word' id='word_1_93' title='bbox 791 1291 913 1356; x_wconf 81' lang='lat' dir='ltr'>repetita</span> <span class='ocrx_word' id='word_1_94' title='bbox 931 1292 1116 1358; x_wconf 86' lang='lat' dir='ltr'>(postremum</span> <span class='ocrx_word' id='word_1_95' title='bbox 1155 1291 1213 1360; x_wconf 84' lang='lat' dir='ltr'>ips.</span> 
     </span>
     <span class='ocr_line' id='line_1_15' title="bbox 260 1307 1213 1433; baseline 0.005 -26"><span class='ocrx_word' id='word_1_96' title='bbox 260 1359 343 1421; x_wconf 80' lang='lat'>1855.)</span> <span class='ocrx_word' id='word_1_97' title='bbox 365 1357 426 1424; x_wconf 86' lang='lat' dir='ltr'>ipsc</span> <span class='ocrx_word' id='word_1_98' title='bbox 449 1357 484 1409; x_wconf 88' lang='lat' dir='ltr'>dc</span> <span class='ocrx_word' id='word_1_99' title='bbox 503 1355 573 1410; x_wconf 83' lang='lat' dir='ltr'>Gaio</span> <span class='ocrx_word' id='word_1_100' title='bbox 597 1359 627 1410; x_wconf 91' lang='lat' dir='ltr'>et</span> <span class='ocrx_word' id='word_1_101' title='bbox 644 1307 758 1433; x_wconf 59' lang='lat' dir='ltr'>gaianis</span> <span class='ocrx_word' id='word_1_102' title='bbox 777 1357 877 1411; x_wconf 86' lang='lat' dir='ltr'>studiis</span> <span class='ocrx_word' id='word_1_103' title='bbox 900 1358 1006 1433; x_wconf 86' lang='lat' dir='ltr'>optime</span> <span class='ocrx_word' id='word_1_104' title='bbox 1025 1358 1140 1412; x_wconf 87' lang='lat' dir='ltr'>meritus</span> <span class='ocrx_word' id='word_1_105' title='bbox 1158 1367 1213 1413; x_wconf 86' lang='lat' dir='ltr'>est.</span> 
     </span>
     <span class='ocr_line' id='line_1_16' title="bbox 259 1421 1213 1499; baseline 0.004 -25"><span class='ocrx_word' id='word_1_106' title='bbox 259 1421 335 1485; x_wconf 80' lang='lat' dir='ltr'>Quae</span> <span class='ocrx_word' id='word_1_107' title='bbox 352 1425 420 1499; x_wconf 79' lang='lat' dir='ltr'>post</span> <span class='ocrx_word' id='word_1_108' title='bbox 435 1423 507 1476; x_wconf 87' lang='lat' dir='ltr'>hanc</span> <span class='ocrx_word' id='word_1_109' title='bbox 526 1423 586 1477; x_wconf 87' lang='lat' dir='ltr'>sola</span> <span class='ocrx_word' id='word_1_110' title='bbox 602 1423 715 1491; x_wconf 83' lang='lat' dir='ltr'>produt,</span> <span class='ocrx_word' id='word_1_111' title='bbox 728 1425 834 1477; x_wconf 88' lang='lat' dir='ltr'>inserta</span> <span class='ocrx_word' id='word_1_112' title='bbox 852 1424 1076 1478; x_wconf 81' lang='lat' dir='ltr'>‘Institutionum</span> <span class='ocrx_word' id='word_1_113' title='bbox 1088 1427 1213 1494; x_wconf 86' lang='lat' dir='ltr'>etregu-</span> 
     </span>
     <span class='ocr_line' id='line_1_17' title="bbox 257 1488 1213 1560; baseline 0.003 -19"><span class='ocrx_word' id='word_1_114' title='bbox 257 1488 346 1542; x_wconf 89' lang='lat' dir='ltr'>larum</span> <span class='ocrx_word' id='word_1_115' title='bbox 368 1491 436 1542; x_wconf 88' lang='lat' dir='ltr'>iurrs</span> <span class='ocrx_word' id='word_1_116' title='bbox 457 1489 537 1544; x_wconf 86' lang='lat' dir='ltr'>Rom.</span> <span class='ocrx_word' id='word_1_117' title='bbox 560 1491 754 1558; x_wconf 84' lang='lat' dir='ltr'>syntagmati’‚</span> <span class='ocrx_word' id='word_1_118' title='bbox 782 1507 799 1542; x_wconf 89' lang='lat' dir='ltr'>a</span> <span class='ocrx_word' id='word_1_119' title='bbox 820 1491 892 1545; x_wconf 79' lang='lat' dir='ltr'>itud.</span> <span class='ocrx_word' id='word_1_120' title='bbox 915 1491 1015 1546; x_wconf 83' lang='lat' dir='ltr'>Gneist</span> <span class='ocrx_word' id='word_1_121' title='bbox 1041 1491 1113 1560; x_wconf 85' lang='lat' dir='ltr'>Lips,</span> <span class='ocrx_word' id='word_1_122' title='bbox 1138 1498 1213 1546; x_wconf 82' lang='lat'>1858.</span> 
     </span>
     <span class='ocr_line' id='line_1_18' title="bbox 258 1555 1213 1626; baseline 0.004 -18"><span class='ocrx_word' id='word_1_123' title='bbox 258 1555 343 1621; x_wconf 88' lang='lat' dir='ltr'>edito,</span> <span class='ocrx_word' id='word_1_124' title='bbox 361 1572 413 1624; x_wconf 90' lang='lat' dir='ltr'>pro</span> <span class='ocrx_word' id='word_1_125' title='bbox 431 1557 518 1610; x_wconf 90' lang='lat' dir='ltr'>totius</span> <span class='ocrx_word' id='word_1_126' title='bbox 536 1559 618 1623; x_wconf 88' lang='lat' dir='ltr'>synta</span> <span class='ocrx_word' id='word_1_127' title='bbox 638 1558 720 1610; x_wconf 86' lang='lat' dir='ltr'>matis</span> <span class='ocrx_word' id='word_1_128' title='bbox 738 1558 847 1610; x_wconf 88' lang='lat' dir='ltr'>ratione</span> <span class='ocrx_word' id='word_1_129' title='bbox 861 1560 1004 1626; x_wconf 82' lang='lat' dir='ltr'>ceteroqui</span> <span class='ocrx_word' id='word_1_130' title='bbox 1015 1575 1089 1612; x_wconf 91' lang='lat' dir='ltr'>novo</span> <span class='ocrx_word' id='word_1_131' title='bbox 1102 1575 1135 1612; x_wconf 89' lang='lat' dir='ltr'>ac</span> <span class='ocrx_word' id='word_1_132' title='bbox 1147 1575 1213 1612; x_wconf 87' lang='lat' dir='ltr'>eon·</span> 
     </span>
     <span class='ocr_line' id='line_1_19' title="bbox 258 1575 1214 1694; baseline 0.002 -18"><span class='ocrx_word' id='word_1_133' title='bbox 258 1623 332 1676; x_wconf 91' lang='lat' dir='ltr'>sulto</span> <span class='ocrx_word' id='word_1_134' title='bbox 346 1623 463 1677; x_wconf 91' lang='lat' dir='ltr'>consilio</span> <span class='ocrx_word' id='word_1_135' title='bbox 476 1623 606 1690; x_wconf 85' lang='lat' dir='ltr'>instituti,</span> <span class='ocrx_word' id='word_1_136' title='bbox 618 1575 755 1677; x_wconf 53' lang='lat' dir='ltr'>fectiones</span> <span class='ocrx_word' id='word_1_137' title='bbox 767 1625 878 1693; x_wconf 85' lang='lat' dir='ltr'>magis(</span> <span class='ocrx_word' id='word_1_138' title='bbox 899 1627 981 1678; x_wconf 87' lang='lat' dir='ltr'>artim</span> <span class='ocrx_word' id='word_1_139' title='bbox 993 1626 1080 1694; x_wconf 90' lang='lat' dir='ltr'>bene)</span> <span class='ocrx_word' id='word_1_140' title='bbox 1094 1627 1214 1680; x_wconf 87' lang='lat' dir='ltr'>selectas</span> 
     </span>
     <span class='ocr_line' id='line_1_20' title="bbox 257 1643 1215 1812; baseline 0.004 -70"><span class='ocrx_word' id='word_1_141' title='bbox 257 1705 342 1812; x_wconf 40' lang='lat' dir='ltr'>&amp;uam</span> <span class='ocrx_word' id='word_1_142' title='bbox 355 1707 442 1744; x_wconf 82' lang='lat' dir='ltr'>novas</span> <span class='ocrx_word' id='word_1_143' title='bbox 453 1693 585 1758; x_wconf 86' lang='lat' dir='ltr'>praestat.</span> <span class='ocrx_word' id='word_1_144' title='bbox 615 1691 657 1744; x_wconf 83' lang='lat' dir='ltr'>Ex</span> <span class='ocrx_word' id='word_1_145' title='bbox 670 1691 845 1768; x_wconf 82' lang='lat' dir='ltr'>superiorum</span> <span class='ocrx_word' id='word_1_146' title='bbox 857 1643 1013 1748; x_wconf 59' lang='lat' dir='ltr'>editionum</span> <span class='ocrx_word' id='word_1_147' title='bbox 1025 1709 1141 1746; x_wconf 84' lang='lat' dir='ltr'>numero</span> <span class='ocrx_word' id='word_1_148' title='bbox 1152 1695 1215 1746; x_wconf 85' lang='lat' dir='ltr'>tres</span> 
     </span>
    </p>

    <p class='ocr_par' dir='ltr' id='par_1_4' title="bbox 284 1757 1214 1828">
     <span class='ocr_line' id='line_1_21' title="bbox 284 1757 1214 1828; baseline 0.001 -17"><span class='ocrx_word' id='word_1_149' title='bbox 284 1757 484 1822; x_wconf 85' lang='lat' dir='ltr'>oeschenanae‚</span> <span class='ocrx_word' id='word_1_150' title='bbox 504 1773 576 1825; x_wconf 87' lang='lat' dir='ltr'>quae</span> <span class='ocrx_word' id='word_1_151' title='bbox 595 1760 695 1812; x_wconf 88' lang='lat' dir='ltr'>ceteris</span> <span class='ocrx_word' id='word_1_152' title='bbox 713 1760 854 1825; x_wconf 80' lang='lat' dir='ltr'>omnibus,</span> <span class='ocrx_word' id='word_1_153' title='bbox 874 1759 976 1812; x_wconf 89' lang='lat' dir='ltr'>codicis</span> <span class='ocrx_word' id='word_1_154' title='bbox 994 1761 1131 1828; x_wconf 87' lang='lat' dir='ltr'>scriptura</span> <span class='ocrx_word' id='word_1_155' title='bbox 1148 1759 1214 1812; x_wconf 91' lang='lat' dir='ltr'>dili·</span> 
     </span>
    </p>

    <p class='ocr_par' dir='ltr' id='par_1_5' title="bbox 197 1825 1214 1894">
     <span class='ocr_line' id='line_1_22' title="bbox 197 1825 1214 1894; baseline 0.001 -17"><span class='ocrx_word' id='word_1_156' title='bbox 197 1876 202 1884; x_wconf 79' lang='lat'><strong>,</strong></span> <span class='ocrx_word' id='word_1_157' title='bbox 257 1827 358 1894; x_wconf 82' lang='lat' dir='ltr'>genter</span> <span class='ocrx_word' id='word_1_158' title='bbox 376 1827 498 1890; x_wconf 86' lang='lat' dir='ltr'>enotata,</span> <span class='ocrx_word' id='word_1_159' title='bbox 517 1825 597 1893; x_wconf 87' lang='lat' dir='ltr'>quasi</span> <span class='ocrx_word' id='word_1_160' title='bbox 613 1825 799 1879; x_wconf 82' lang='lat' dir='ltr'>fundamenta</span> <span class='ocrx_word' id='word_1_161' title='bbox 815 1827 915 1892; x_wconf 88' lang='lat' dir='ltr'>iecere,</span> <span class='ocrx_word' id='word_1_162' title='bbox 934 1843 1013 1894; x_wconf 85' lang='lat' dir='ltr'>segre</span> <span class='ocrx_word' id='word_1_163' title='bbox 1035 1827 1122 1880; x_wconf 88' lang='lat' dir='ltr'>andae</span> <span class='ocrx_word' id='word_1_164' title='bbox 1134 1827 1214 1894; x_wconf 86' lang='lat' dir='ltr'>sunt,</span> 
     </span>
    </p>

    <p class='ocr_par' dir='ltr' id='par_1_6' title="bbox 257 1892 1214 2028">
     <span class='ocr_line' id='line_1_23' title="bbox 257 1892 1214 2028; baseline 0 -16"><span class='ocrx_word' id='word_1_165' title='bbox 257 1892 624 2014; x_wconf 56' lang='lat' dir='ltr'>{retractaretis</span> <span class='ocrx_word' id='word_1_166' title='bbox 640 1893 908 2028; x_wconf 62' lang='lat' dir='ltr'>errictrudae</span> <span class='ocrx_word' id='word_1_167' title='bbox 916 1893 1214 2014; x_wconf 51' lang='lat' dir='ltr'>exercitaturus</span> 
     </span>
    </p>

    <p class='ocr_par' dir='ltr' id='par_1_7' title="bbox 256 2025 1213 2150">
     <span class='ocr_line' id='line_1_24' title="bbox 256 2025 1213 2096; baseline 0.001 -17"><span class='ocrx_word' id='word_1_168' title='bbox 256 2027 363 2096; x_wconf 89' lang='lat' dir='ltr'>prodiit</span> <span class='ocrx_word' id='word_1_169' title='bbox 379 2043 404 2080; x_wconf 90' lang='lat' dir='ltr'>a.</span> <span class='ocrx_word' id='word_1_170' title='bbox 425 2033 513 2093; x_wconf 62' lang='lat'>1824„</span> <span class='ocrx_word' id='word_1_171' title='bbox 531 2029 560 2080; x_wconf 87' lang='lat' dir='ltr'>et</span> <span class='ocrx_word' id='word_1_172' title='bbox 576 2028 675 2093; x_wconf 87' lang='lat' dir='ltr'>tertia,</span> <span class='ocrx_word' id='word_1_173' title='bbox 698 2028 762 2095; x_wconf 90' lang='lat' dir='ltr'>post</span> <span class='ocrx_word' id='word_1_174' title='bbox 780 2025 935 2081; x_wconf 86' lang='lat' dir='ltr'>Goeecheni</span> <span class='ocrx_word' id='word_1_175' title='bbox 958 2027 1066 2080; x_wconf 91' lang='lat' dir='ltr'>obitum</span> <span class='ocrx_word' id='word_1_176' title='bbox 1089 2043 1106 2080; x_wconf 92' lang='lat' dir='ltr'>a</span> <span class='ocrx_word' id='word_1_177' title='bbox 1121 2025 1213 2094; x_wconf 83' lang='lat' dir='ltr'>Lach-</span> 
     </span>
     <span class='ocr_line' id='line_1_25' title="bbox 257 2096 715 2150; baseline -0.002 -2"><span class='ocrx_word' id='word_1_178' title='bbox 257 2110 360 2148; x_wconf 89' lang='lat' dir='ltr'>manno</span> <span class='ocrx_word' id='word_1_179' title='bbox 378 2110 402 2150; x_wconf 91' lang='lat' dir='ltr'>a.</span> <span class='ocrx_word' id='word_1_180' title='bbox 424 2100 497 2149; x_wconf 81' lang='lat'>1842.</span> <span class='ocrx_word' id='word_1_181' title='bbox 515 2096 715 2148; x_wconf 87' lang='lat' dir='ltr'>consummata.</span> 
     </span>
    </p>
   </div>
   <div class='ocr_carea' id='block_1_4' title="bbox 255 2179 1213 3655">
    <p class='ocr_par' dir='ltr' id='par_1_8' title="bbox 255 2179 1212 2378">
     <span class='ocr_line' id='line_1_26' title="bbox 324 2179 1210 2248; baseline -0.001 -15"><span class='ocrx_word' id='word_1_182' title='bbox 324 2179 368 2234; x_wconf 83' lang='lat' dir='ltr'>Ad</span> <span class='ocrx_word' id='word_1_183' title='bbox 380 2181 538 2248; x_wconf 74' lang='lat' dir='ltr'>postremae</span> <span class='ocrx_word' id='word_1_184' title='bbox 551 2195 677 2232; x_wconf 86' lang='lat' dir='ltr'>normam</span> <span class='ocrx_word' id='word_1_185' title='bbox 689 2181 785 2232; x_wconf 89' lang='lat' dir='ltr'>nostra</span> <span class='ocrx_word' id='word_1_186' title='bbox 797 2195 908 2247; x_wconf 90' lang='lat' dir='ltr'>quoque</span> <span class='ocrx_word' id='word_1_187' title='bbox 921 2179 1008 2232; x_wconf 89' lang='lat' dir='ltr'>editio</span> <span class='ocrx_word' id='word_1_188' title='bbox 1020 2179 1149 2232; x_wconf 88' lang='lat' dir='ltr'>instituta</span> <span class='ocrx_word' id='word_1_189' title='bbox 1157 2187 1210 2244; x_wconf 82' lang='lat' dir='ltr'>est,</span> 
     </span>
     <span class='ocr_line' id='line_1_27' title="bbox 256 2244 1212 2313; baseline -0.002 -13"><span class='ocrx_word' id='word_1_190' title='bbox 256 2249 298 2302; x_wconf 87' lang='lat' dir='ltr'>ita</span> <span class='ocrx_word' id='word_1_191' title='bbox 314 2250 410 2301; x_wconf 89' lang='lat' dir='ltr'>tamen</span> <span class='ocrx_word' id='word_1_192' title='bbox 427 2248 460 2299; x_wconf 92' lang='lat' dir='ltr'>ut</span> <span class='ocrx_word' id='word_1_193' title='bbox 477 2247 562 2298; x_wconf 90' lang='lat' dir='ltr'>etiam</span> <span class='ocrx_word' id='word_1_194' title='bbox 574 2246 697 2298; x_wconf 89' lang='lat' dir='ltr'>Boeckin</span> <span class='ocrx_word' id='word_1_195' title='bbox 719 2246 799 2300; x_wconf 89' lang='lat' dir='ltr'>ianae</span> <span class='ocrx_word' id='word_1_196' title='bbox 812 2245 986 2310; x_wconf 86' lang='lat' dir='ltr'>novissimae,</span> <span class='ocrx_word' id='word_1_197' title='bbox 1000 2261 1072 2313; x_wconf 87' lang='lat' dir='ltr'>quae</span> <span class='ocrx_word' id='word_1_198' title='bbox 1084 2244 1212 2299; x_wconf 91' lang='lat' dir='ltr'>omnium</span> 
     </span>
     <span class='ocr_line' id='line_1_28' title="bbox 255 2312 1212 2378; baseline 0 -12"><span class='ocrx_word' id='word_1_199' title='bbox 255 2314 377 2367; x_wconf 79' lang='lat' dir='ltr'>maxime</span> <span class='ocrx_word' id='word_1_200' title='bbox 396 2312 562 2377; x_wconf 88' lang='lat' dir='ltr'>celebratur,</span> <span class='ocrx_word' id='word_1_201' title='bbox 581 2313 653 2365; x_wconf 90' lang='lat' dir='ltr'>ratio</span> <span class='ocrx_word' id='word_1_202' title='bbox 670 2313 707 2364; x_wconf 91' lang='lat' dir='ltr'>ha</span> <span class='ocrx_word' id='word_1_203' title='bbox 728 2316 830 2367; x_wconf 88' lang='lat' dir='ltr'>eretur.</span> <span class='ocrx_word' id='word_1_204' title='bbox 866 2312 926 2366; x_wconf 89' lang='lat' dir='ltr'>Nec</span> <span class='ocrx_word' id='word_1_205' title='bbox 943 2315 1038 2366; x_wconf 87' lang='lat' dir='ltr'>tamen</span> <span class='ocrx_word' id='word_1_206' title='bbox 1056 2313 1162 2378; x_wconf 88' lang='lat' dir='ltr'>omnia,</span> <span class='ocrx_word' id='word_1_207' title='bbox 1180 2313 1212 2366; x_wconf 93' lang='lat' dir='ltr'>in</span> 
     </span>
    </p>

    <p class='ocr_par' dir='ltr' id='par_1_9' title="bbox 255 2378 1213 3060">
     <span class='ocr_line' id='line_1_29' title="bbox 278 2378 1212 2444; baseline 0 -12"><span class='ocrx_word' id='word_1_208' title='bbox 278 2381 360 2433; x_wconf 86' lang='lat' dir='ltr'>uibus</span> <span class='ocrx_word' id='word_1_209' title='bbox 373 2380 408 2432; x_wconf 86' lang='lat' dir='ltr'>ab</span> <span class='ocrx_word' id='word_1_210' title='bbox 420 2379 463 2431; x_wconf 84' lang='lat' dir='ltr'>his</span> <span class='ocrx_word' id='word_1_211' title='bbox 477 2378 645 2432; x_wconf 86' lang='lat' dir='ltr'>editionibus</span> <span class='ocrx_word' id='word_1_212' title='bbox 658 2379 877 2444; x_wconf 84' lang='lat' dir='ltr'>deflecteremus,</span> <span class='ocrx_word' id='word_1_213' title='bbox 891 2379 920 2432; x_wconf 93' lang='lat' dir='ltr'>in</span> <span class='ocrx_word' id='word_1_214' title='bbox 932 2379 1005 2433; x_wconf 88' lang='lat' dir='ltr'>notis</span> <span class='ocrx_word' id='word_1_215' title='bbox 1017 2379 1212 2432; x_wconf 76' lang='lat' dir='ltr'>indicavimus,</span> 
     </span>
     <span class='ocr_line' id='line_1_30' title="bbox 256 2397 1211 2514; baseline 0.002 -14"><span class='ocrx_word' id='word_1_216' title='bbox 256 2397 376 2500; x_wconf 46' lang='lat' dir='ltr'>&amp;bertae</span> <span class='ocrx_word' id='word_1_217' title='bbox 394 2445 566 2513; x_wconf 87' lang='lat' dir='ltr'>parcendum</span> <span class='ocrx_word' id='word_1_218' title='bbox 585 2447 653 2499; x_wconf 90' lang='lat' dir='ltr'>erat.</span> <span class='ocrx_word' id='word_1_219' title='bbox 689 2447 786 2514; x_wconf 89' lang='lat' dir='ltr'>ltaque</span> <span class='ocrx_word' id='word_1_220' title='bbox 809 2447 942 2507; x_wconf 83' lang='lat' dir='ltr'>levicula,</span> <span class='ocrx_word' id='word_1_221' title='bbox 967 2461 1023 2512; x_wconf 90' lang='lat' dir='ltr'>quo</span> <span class='ocrx_word' id='word_1_222' title='bbox 1045 2447 1074 2500; x_wconf 92' lang='lat' dir='ltr'>in</span> <span class='ocrx_word' id='word_1_223' title='bbox 1093 2462 1211 2502; x_wconf 91' lang='lat' dir='ltr'>numero</span> 
     </span>
     <span class='ocr_line' id='line_1_31' title="bbox 256 2512 1212 2581; baseline 0 -15"><span class='ocrx_word' id='word_1_224' title='bbox 256 2517 378 2566; x_wconf 87' lang='lat' dir='ltr'>maxime</span> <span class='ocrx_word' id='word_1_225' title='bbox 396 2512 432 2566; x_wconf 90' lang='lat' dir='ltr'>ad</span> <span class='ocrx_word' id='word_1_226' title='bbox 450 2512 677 2581; x_wconf 83' lang='lat' dir='ltr'>orthographiam</span> <span class='ocrx_word' id='word_1_227' title='bbox 694 2513 960 2581; x_wconf 69' lang='lat' dir='ltr'>pertinentiarum,</span> <span class='ocrx_word' id='word_1_228' title='bbox 985 2514 1071 2567; x_wconf 85' lang='lat' dir='ltr'>tacite</span> <span class='ocrx_word' id='word_1_229' title='bbox 1090 2515 1212 2567; x_wconf 86' lang='lat' dir='ltr'>correxi·</span> 
     </span>
     <span class='ocr_line' id='line_1_32' title="bbox 256 2579 1211 2656; baseline 0.001 -23"><span class='ocrx_word' id='word_1_230' title='bbox 256 2597 332 2642; x_wconf 90' lang='lat' dir='ltr'>mus,</span> <span class='ocrx_word' id='word_1_231' title='bbox 351 2579 398 2632; x_wconf 83' lang='lat' dir='ltr'>vel</span> <span class='ocrx_word' id='word_1_232' title='bbox 415 2579 490 2647; x_wconf 90' lang='lat' dir='ltr'>quod</span> <span class='ocrx_word' id='word_1_233' title='bbox 507 2579 536 2656; x_wconf 76' lang='lat' dir='ltr'>in</span> <span class='ocrx_word' id='word_1_234' title='bbox 554 2595 584 2632; x_wconf 90' lang='lat' dir='ltr'>re</span> <span class='ocrx_word' id='word_1_235' title='bbox 602 2582 750 2648; x_wconf 90' lang='lat' dir='ltr'>tantopere</span> <span class='ocrx_word' id='word_1_236' title='bbox 768 2583 803 2634; x_wconf 91' lang='lat' dir='ltr'>ab</span> <span class='ocrx_word' id='word_1_237' title='bbox 823 2580 938 2634; x_wconf 88' lang='lat' dir='ltr'>arbitrio</span> <span class='ocrx_word' id='word_1_238' title='bbox 978 2581 1097 2634; x_wconf 84' lang='lat' dir='ltr'>cudente</span> <span class='ocrx_word' id='word_1_239' title='bbox 1116 2580 1211 2634; x_wconf 85' lang='lat' dir='ltr'>dicare</span> 
     </span>
     <span class='ocr_line' id='line_1_33' title="bbox 256 2599 1212 2716; baseline 0 -16"><span class='ocrx_word' id='word_1_240' title='bbox 256 2648 392 2716; x_wconf 86' lang='lat' dir='ltr'>praestat,</span> <span class='ocrx_word' id='word_1_241' title='bbox 414 2648 591 2700; x_wconf 77' lang='lat' dir='ltr'>mutavimus.</span> <span class='ocrx_word' id='word_1_242' title='bbox 626 2646 776 2700; x_wconf 87' lang='lat' dir='ltr'>Praeterea</span> <span class='ocrx_word' id='word_1_243' title='bbox 797 2648 827 2700; x_wconf 87' lang='lat' dir='ltr'>in</span> <span class='ocrx_word' id='word_1_244' title='bbox 849 2599 982 2701; x_wconf 47' lang='lat' dir='ltr'>contextis</span> <span class='ocrx_word' id='word_1_245' title='bbox 1005 2648 1104 2701; x_wconf 87' lang='lat' dir='ltr'>litteris</span> <span class='ocrx_word' id='word_1_246' title='bbox 1125 2647 1212 2700; x_wconf 83' lang='lat' dir='ltr'>rectis</span> 
     </span>
     <span class='ocr_line' id='line_1_34' title="bbox 258 2713 1212 2850; baseline -0.001 -16"><span class='ocrx_word' id='word_1_247' title='bbox 258 2713 1212 2850; x_wconf 50' lang='lat' dir='ltr'>aucturetate⁰etrterruereretrituratur·</span> 
     </span>
     <span class='ocr_line' id='line_1_35' title="bbox 256 2799 1212 2916; baseline -0.001 -15"><span class='ocrx_word' id='word_1_248' title='bbox 256 2799 359 2913; x_wconf 67' lang='lat' dir='ltr'>flucae,</span> <span class='ocrx_word' id='word_1_249' title='bbox 378 2848 401 2900; x_wconf 90' lang='lat' dir='ltr'>si</span> <span class='ocrx_word' id='word_1_250' title='bbox 418 2849 561 2902; x_wconf 86' lang='lat' dir='ltr'>breviores</span> <span class='ocrx_word' id='word_1_251' title='bbox 573 2849 645 2912; x_wconf 87' lang='lat' dir='ltr'>sunt,</span> <span class='ocrx_word' id='word_1_252' title='bbox 663 2848 784 2916; x_wconf 87' lang='lat' dir='ltr'>syllabas</span> <span class='ocrx_word' id='word_1_253' title='bbox 796 2848 882 2902; x_wconf 86' lang='lat' dir='ltr'>trium</span> <span class='ocrx_word' id='word_1_254' title='bbox 893 2848 953 2902; x_wconf 86' lang='lat' dir='ltr'>fere</span> <span class='ocrx_word' id='word_1_255' title='bbox 965 2849 1131 2911; x_wconf 83' lang='lat' dir='ltr'>litterarum,</span> <span class='ocrx_word' id='word_1_256' title='bbox 1150 2819 1212 2900; x_wconf 48' lang='lat' dir='ltr'>lon:</span> 
     </span>
     <span class='ocr_line' id='line_1_36' title="bbox 256 2915 1211 2992; baseline 0 -24"><span class='ocrx_word' id='word_1_257' title='bbox 256 2916 349 2984; x_wconf 84' lang='lat' dir='ltr'>giores</span> <span class='ocrx_word' id='word_1_258' title='bbox 371 2915 538 2983; x_wconf 87' lang='lat' dir='ltr'>interposito</span> <span class='ocrx_word' id='word_1_259' title='bbox 562 2932 587 2968; x_wconf 94' lang='lat' dir='ltr'>v.</span> <span class='ocrx_word' id='word_1_260' title='bbox 611 2916 685 2968; x_wconf 91' lang='lat' dir='ltr'>totos</span> <span class='ocrx_word' id='word_1_261' title='bbox 707 2931 816 2982; x_wconf 86' lang='lat' dir='ltr'>versus,</span> <span class='ocrx_word' id='word_1_262' title='bbox 844 2915 892 2982; x_wconf 92' lang='lat' dir='ltr'>qui</span> <span class='ocrx_word' id='word_1_263' title='bbox 915 2931 967 2968; x_wconf 89' lang='lat' dir='ltr'>nec</span> <span class='ocrx_word' id='word_1_264' title='bbox 989 2915 1048 2992; x_wconf 81' lang='lat' dir='ltr'>legi</span> <span class='ocrx_word' id='word_1_265' title='bbox 1069 2931 1121 2970; x_wconf 88' lang='lat' dir='ltr'>nee</span> <span class='ocrx_word' id='word_1_266' title='bbox 1147 2915 1211 2968; x_wconf 90' lang='lat' dir='ltr'>tuto</span> 
     </span>
     <span class='ocr_line' id='line_1_37' title="bbox 255 2981 1213 3060; baseline -0.004 -22"><span class='ocrx_word' id='word_1_267' title='bbox 255 2982 383 3060; x_wconf 86' lang='lat' dir='ltr'>suppleri</span> <span class='ocrx_word' id='word_1_268' title='bbox 400 2984 561 3050; x_wconf 87' lang='lat' dir='ltr'>potuerunt.</span> <span class='ocrx_word' id='word_1_269' title='bbox 598 2981 629 3034; x_wconf 91' lang='lat' dir='ltr'>In</span> <span class='ocrx_word' id='word_1_270' title='bbox 652 2982 778 3052; x_wconf 84' lang='lat' dir='ltr'>margine</span> <span class='ocrx_word' id='word_1_271' title='bbox 803 2982 940 3036; x_wconf 82' lang='lat' dir='ltr'>exteriore</span> <span class='ocrx_word' id='word_1_272' title='bbox 964 2997 1083 3051; x_wconf 82' lang='lat' dir='ltr'>paginas</span> <span class='ocrx_word' id='word_1_273' title='bbox 1099 2983 1213 3036; x_wconf 87' lang='lat' dir='ltr'>tantum</span> 
     </span>
    </p>

    <p class='ocr_par' dir='ltr' id='par_1_10' title="bbox 256 3048 1213 3655">
     <span class='ocr_line' id='line_1_38' title="bbox 278 3048 1212 3118; baseline 0.001 -17"><span class='ocrx_word' id='word_1_274' title='bbox 278 3049 392 3102; x_wconf 88' lang='lat' dir='ltr'>rrmitivi</span> <span class='ocrx_word' id='word_1_275' title='bbox 410 3049 522 3114; x_wconf 87' lang='lat' dir='ltr'>codicis,</span> <span class='ocrx_word' id='word_1_276' title='bbox 541 3064 613 3117; x_wconf 86' lang='lat' dir='ltr'>quae</span> <span class='ocrx_word' id='word_1_277' title='bbox 632 3049 788 3118; x_wconf 84' lang='lat' dir='ltr'>supersunt,</span> <span class='ocrx_word' id='word_1_278' title='bbox 807 3049 1028 3114; x_wconf 87' lang='lat' dir='ltr'>numeravimus;</span> <span class='ocrx_word' id='word_1_279' title='bbox 1048 3049 1149 3117; x_wconf 88' lang='lat' dir='ltr'>quibus</span> <span class='ocrx_word' id='word_1_280' title='bbox 1162 3048 1212 3102; x_wconf 88' lang='lat' dir='ltr'>ad·</span> 
     </span>
     <span class='ocr_line' id='line_1_39' title="bbox 257 3068 1212 3184; baseline 0.003 -15"><span class='ocrx_word' id='word_1_281' title='bbox 257 3068 349 3170; x_wconf 55' lang='lat' dir='ltr'>Situm</span> <span class='ocrx_word' id='word_1_282' title='bbox 359 3117 391 3171; x_wconf 80' lang='lat' dir='ltr'>‘t</span> <span class='ocrx_word' id='word_1_283' title='bbox 401 3124 433 3168; x_wconf 90' lang='lat' dir='ltr'>s.’</span> <span class='ocrx_word' id='word_1_284' title='bbox 444 3117 555 3182; x_wconf 88' lang='lat' dir='ltr'>spectat</span> <span class='ocrx_word' id='word_1_285' title='bbox 566 3116 601 3170; x_wconf 88' lang='lat' dir='ltr'>ad</span> <span class='ocrx_word' id='word_1_286' title='bbox 611 3119 655 3169; x_wconf 89' lang='lat' dir='ltr'>ter</span> <span class='ocrx_word' id='word_1_287' title='bbox 664 3116 781 3184; x_wconf 85' lang='lat' dir='ltr'>scriptas</span> <span class='ocrx_word' id='word_1_288' title='bbox 790 3115 978 3180; x_wconf 78' lang='lat' dir='ltr'>(Goeschenoz</span> <span class='ocrx_word' id='word_1_289' title='bbox 991 3116 1034 3169; x_wconf 90' lang='lat' dir='ltr'>bis</span> <span class='ocrx_word' id='word_1_290' title='bbox 1043 3117 1127 3170; x_wconf 84' lang='lat' dir='ltr'>rasori</span> <span class='ocrx_word' id='word_1_291' title='bbox 1148 3117 1212 3177; x_wconf 79' lang='lat' dir='ltr'>tas).</span> 
     </span>
     <span class='ocr_line' id='line_1_40' title="bbox 256 3133 1211 3252; baseline -0.002 -14"><span class='ocrx_word' id='word_1_292' title='bbox 256 3184 350 3238; x_wconf 84' lang='lat' dir='ltr'>Etiam</span> <span class='ocrx_word' id='word_1_293' title='bbox 368 3199 461 3237; x_wconf 88' lang='lat' dir='ltr'>versus</span> <span class='ocrx_word' id='word_1_294' title='bbox 479 3183 581 3236; x_wconf 90' lang='lat' dir='ltr'>codicis</span> <span class='ocrx_word' id='word_1_295' title='bbox 599 3184 782 3252; x_wconf 84' lang='lat' dir='ltr'>distinguere,</span> <span class='ocrx_word' id='word_1_296' title='bbox 806 3183 858 3236; x_wconf 90' lang='lat' dir='ltr'>nisi</span> <span class='ocrx_word' id='word_1_297' title='bbox 881 3184 931 3237; x_wconf 91' lang='lat' dir='ltr'>ubi</span> <span class='ocrx_word' id='word_1_298' title='bbox 947 3184 1091 3250; x_wconf 75' lang='lat' dir='ltr'>intererat,</span> <span class='ocrx_word' id='word_1_299' title='bbox 1110 3133 1146 3236; x_wconf 56' lang='lat' dir='ltr'>irs</span> <span class='ocrx_word' id='word_1_300' title='bbox 1158 3185 1211 3248; x_wconf 84' lang='lat' dir='ltr'>est,</span> 
     </span>
     <span class='ocr_line' id='line_1_41' title="bbox 256 3250 1213 3319; baseline 0 -15"><span class='ocrx_word' id='word_1_301' title='bbox 256 3251 306 3305; x_wconf 91' lang='lat' dir='ltr'>ubi</span> <span class='ocrx_word' id='word_1_302' title='bbox 328 3266 402 3304; x_wconf 89' lang='lat' dir='ltr'>nova</span> <span class='ocrx_word' id='word_1_303' title='bbox 424 3250 562 3318; x_wconf 86' lang='lat' dir='ltr'>quaedam</span> <span class='ocrx_word' id='word_1_304' title='bbox 585 3251 622 3304; x_wconf 92' lang='lat' dir='ltr'>ad</span> <span class='ocrx_word' id='word_1_305' title='bbox 644 3250 809 3304; x_wconf 78' lang='lat' dir='ltr'>schedarum</span> <span class='ocrx_word' id='word_1_306' title='bbox 831 3251 932 3305; x_wconf 86' lang='lat' dir='ltr'>ductus</span> <span class='ocrx_word' id='word_1_307' title='bbox 955 3250 1155 3319; x_wconf 85' lang='lat' dir='ltr'>supplevimus,</span> <span class='ocrx_word' id='word_1_308' title='bbox 1178 3253 1213 3304; x_wconf 90' lang='lat' dir='ltr'>ut</span> 
     </span>
     <span class='ocr_line' id='line_1_42' title="bbox 257 3317 1213 3386; baseline -0.002 -14"><span class='ocrx_word' id='word_1_309' title='bbox 257 3320 378 3373; x_wconf 86' lang='lat' dir='ltr'>otiosum</span> <span class='ocrx_word' id='word_1_310' title='bbox 395 3333 451 3372; x_wconf 91' lang='lat' dir='ltr'>non</span> <span class='ocrx_word' id='word_1_311' title='bbox 468 3317 584 3386; x_wconf 89' lang='lat' dir='ltr'>placuit.</span> <span class='ocrx_word' id='word_1_312' title='bbox 612 3317 644 3370; x_wconf 86' lang='lat' dir='ltr'>in</span> <span class='ocrx_word' id='word_1_313' title='bbox 657 3318 754 3370; x_wconf 87' lang='lat' dir='ltr'>critica</span> <span class='ocrx_word' id='word_1_314' title='bbox 766 3317 947 3372; x_wconf 84' lang='lat' dir='ltr'>adnotatione</span> <span class='ocrx_word' id='word_1_315' title='bbox 960 3318 1035 3386; x_wconf 88' lang='lat' dir='ltr'>ipsos</span> <span class='ocrx_word' id='word_1_316' title='bbox 1047 3318 1213 3371; x_wconf 86' lang='lat' dir='ltr'>schedarum</span> 
     </span>
     <span class='ocr_line' id='line_1_43' title="bbox 257 3383 1213 3463; baseline -0.001 -24"><span class='ocrx_word' id='word_1_317' title='bbox 257 3388 358 3440; x_wconf 87' lang='lat' dir='ltr'>ductus</span> <span class='ocrx_word' id='word_1_318' title='bbox 375 3386 587 3463; x_wconf 84' lang='lat' dir='ltr'>repraesentare</span> <span class='ocrx_word' id='word_1_319' title='bbox 599 3385 679 3438; x_wconf 91' lang='lat' dir='ltr'>initio</span> <span class='ocrx_word' id='word_1_320' title='bbox 692 3385 905 3449; x_wconf 70' lang='lat' dir='ltr'>constitueram</span> <span class='ocrx_word' id='word_1_321' title='bbox 925 3385 974 3440; x_wconf 88' lang='lat' dir='ltr'>sed</span> <span class='ocrx_word' id='word_1_322' title='bbox 987 3400 1052 3438; x_wconf 85' lang='lat' dir='ltr'>mox</span> <span class='ocrx_word' id='word_1_323' title='bbox 1065 3383 1213 3438; x_wconf 90' lang='lat' dir='ltr'>consilium</span> 
     </span>
     <span class='ocr_line' id='line_1_44' title="bbox 257 3451 1211 3522; baseline -0.003 -16"><span class='ocrx_word' id='word_1_324' title='bbox 257 3453 430 3508; x_wconf 79' lang='lat' dir='ltr'>difficultatis</span> <span class='ocrx_word' id='word_1_325' title='bbox 452 3453 566 3522; x_wconf 90' lang='lat' dir='ltr'>plenum</span> <span class='ocrx_word' id='word_1_326' title='bbox 588 3452 678 3506; x_wconf 88' lang='lat' dir='ltr'>abieci</span> <span class='ocrx_word' id='word_1_327' title='bbox 701 3453 822 3506; x_wconf 85' lang='lat' dir='ltr'>maxime</span> <span class='ocrx_word' id='word_1_328' title='bbox 844 3455 995 3520; x_wconf 88' lang='lat' dir='ltr'>postquam</span> <span class='ocrx_word' id='word_1_329' title='bbox 1013 3451 1211 3515; x_wconf 84' lang='lat' dir='ltr'>animadverti,</span> 
     </span>
     <span class='ocr_line' id='line_1_45' title="bbox 257 3517 1213 3596; baseline 0.001 -24"><span class='ocrx_word' id='word_1_330' title='bbox 257 3537 342 3588; x_wconf 89' lang='lat' dir='ltr'>quam</span> <span class='ocrx_word' id='word_1_331' title='bbox 365 3521 438 3574; x_wconf 85' lang='lat' dir='ltr'>male</span> <span class='ocrx_word' id='word_1_332' title='bbox 460 3519 489 3572; x_wconf 93' lang='lat' dir='ltr'>id</span> <span class='ocrx_word' id='word_1_333' title='bbox 507 3519 677 3588; x_wconf 84' lang='lat' dir='ltr'>Boeckingio</span> <span class='ocrx_word' id='word_1_334' title='bbox 700 3519 828 3596; x_wconf 82' lang='lat' dir='ltr'>quamvis</span> <span class='ocrx_word' id='word_1_335' title='bbox 851 3519 1065 3588; x_wconf 84' lang='lat' dir='ltr'>diligentissimo</span> <span class='ocrx_word' id='word_1_336' title='bbox 1089 3517 1213 3573; x_wconf 88' lang='lat' dir='ltr'>cesserit.</span> 
     </span>
     <span class='ocr_line' id='line_1_46' title="bbox 257 3585 1212 3655; baseline 0 -15"><span class='ocrx_word' id='word_1_337' title='bbox 257 3588 355 3655; x_wconf 88' lang='lat' dir='ltr'>ltaque</span> <span class='ocrx_word' id='word_1_338' title='bbox 373 3588 427 3641; x_wconf 89' lang='lat' dir='ltr'>hac</span> <span class='ocrx_word' id='word_1_339' title='bbox 443 3588 523 3655; x_wconf 88' lang='lat' dir='ltr'>parte</span> <span class='ocrx_word' id='word_1_340' title='bbox 542 3586 712 3641; x_wconf 83' lang='lat' dir='ltr'>Lachmanm</span> <span class='ocrx_word' id='word_1_341' title='bbox 730 3585 817 3641; x_wconf 90' lang='lat' dir='ltr'>editio</span> <span class='ocrx_word' id='word_1_342' title='bbox 840 3586 970 3639; x_wconf 88' lang='lat' dir='ltr'>adeunda</span> <span class='ocrx_word' id='word_1_343' title='bbox 993 3588 1043 3639; x_wconf 90' lang='lat' dir='ltr'>est.</span> <span class='ocrx_word' id='word_1_344' title='bbox 1079 3585 1212 3653; x_wconf 87' lang='lat' dir='ltr'>Denique</span> 
     </span>
    </p>
   </div>
   <div class='ocr_carea' id='block_1_5' title="bbox 0 0 1344 4112">
    <p class='ocr_par' dir='ltr' id='par_1_11' title="bbox 0 0 1344 4112">
     <span class='ocr_line' id='line_1_47' title="bbox 0 0 1344 4112; baseline 0 0"><span class='ocrx_word' id='word_1_345' title='bbox 0 0 1344 4112; x_wconf 95' lang='lat' dir='ltr'> </span> 
     </span>
    </p>
   </div>
  </div>
 </body>
</html>
