2700 4118
250 213 314 280 588
413 233 516 269 nonum
533 232 640 270 varrum
657 231 755 268 anon.
773 212 845 268 XIV.
866 211 997 267 1.—XVI.
1020 219 1042 267 1.

250 364 451 434 manumissam,
473 370 500 418 et
514 363 542 417 in
558 361 689 419 adulterio
706 361 916 434 deprehensam,
937 366 964 416 et
979 359 1079 416 iudicio
1094 357 1203 432 publico
1215 367 1280 416 [⁴⁹²]

177 447 184 462 '
250 446 418 517 damnatam,
438 453 465 502 et
485 461 553 518 quae
575 455 658 501 artem
680 444 812 500 ludicram
830 443 939 500 lecerit:
961 441 1042 499 adicit
1056 443 1204 501 'Mauricia-

249 543 313 585 num
328 539 437 586 senatus
453 521 630 586 consultum¹
645 545 660 583 a
674 535 770 583 senatu
784 527 942 584 damnatam.
958 545 975 583 :r
989 543 1038 583 e*

443 682 507 724 u1u.
522 681 586 726 xtv.
610 680 653 722 Du
667 679 769 722 Potina
783 678 877 722 LEGIS
891 678 1009 722 tvmau.

312 763 337 828 1.
359 766 475 824 Feminis
490 766 534 822 lex
546 765 612 822 lulia
627 782 642 820 a
657 774 745 822 morto
767 767 819 822 uiri
833 767 895 820 anni
910 765 1004 821 tribuit
1025 766 1205 838 uacationem,

250 869 265 907 a
292 850 410 908 diuortio
437 866 484 906 ser
509 842 682 906 'mensom:²
709 848 753 906 lex
779 857 868 905 autem
890 849 970 922 Papia
996 865 1011 904 a
1037 857 1125 906 morte
1153 850 1205 906 uiri

249 933 359 1006 biennii,
374 949 389 990 a
404 933 518 1007 repudio
534 934 597 990 armi
611 941 640 990 et
653 949 701 988 seu
717 926 866 991 mensum.²
881 950 896 990 s
910 948 960 990 e*

553 1085 614 1126 utu.
630 1086 679 1127 XV·
705 1084 747 1126 DE
762 1085 900 1129 nectitis.

313 1169 338 1230 i.
361 1171 407 1228 Vir
427 1180 455 1228 et
475 1186 543 1226 uxor
563 1171 633 1226 inter
653 1186 683 1225 se
702 1171 864 1226 matrimonii
885 1170 994 1226 nomine
1013 1169 1142 1226 decimam
1161 1187 1204 1228 ca·

249 1271 314 1330 pere
329 1261 455 1328 possunt.
499 1253 573 1326 quod
588 1255 611 1308 si
626 1269 658 1309 cx
673 1253 725 1308 alio
741 1253 910 1308 matrimonio
927 1252 1027 1309 liberos
1042 1255 1206 1327 superstites

249 1337 379 1408 habeant,
401 1345 509 1411 praeter
524 1337 669 1408 decimam,
690 1353 769 1409 qnam
785 1337 947 1392 matrimonii
962 1337 1069 1394 nomine
1084 1339 1205 1410 capiunt,

249 1421 362 1478 totidem
384 1421 500 1476 decimas
522 1436 572 1492 pro
586 1436 706 1481 rrumero
729 1419 876 1475 liberorum
898 1422 1042 1492 accipiunt.
1085 1415 1113 1477 2.
1137 1421 1205 1478 item

249 1505 399 1562 communis
421 1502 604 1572 tiliusfiliaue
627 1512 690 1577 post
712 1505 850 1559 nominum
872 1498 964 1558 tremi
989 1505 1102 1560 amissus
1125 1507 1204 1560 amis·

249 1604 315 1646 saue
336 1603 417 1644 unam
439 1587 568 1645 decimam
591 1587 684 1650 adicit;
707 1587 761 1643 dno
782 1596 872 1644 autem
891 1591 1113 1660 postcommum
1132 1587 1204 1644 diem

250 1671 341 1728 amissi
366 1671 433 1728 duas
461 1672 574 1728 decimas
602 1671 730 1728 adiciunt.
773 1668 802 1728 3.
830 1669 941 1726 Praeter
967 1671 1096 1728 decimam
1123 1673 1205 1728 etiam

249 1755 447 1814 usumfructum
469 1757 566 1812 tertiae
585 1759 669 1828 partis
690 1753 823 1810 honorum
845 1747 930 1832 ⁹(or'r)
949 1762 977 1811 et
999 1749 1088 1812 uxor4
1109 1771 1206 1828 capere

249 1848 378 1914 possunt,
394 1848 423 1896 et
437 1840 602 1912 quandoque
616 1838 716 1894 liberos
731 1837 890 1908 habuerint,
906 1837 1025 1896 eiusdem
1039 1843 1124 1912 partis
1139 1853 1204 1912 pro·

250 1927 408 1997 prietatem
428 1925 482 1979 hoc
496 1922 611 2004 amplius
626 1921 737 1992 mulier,
757 1931 864 1995 praeter
879 1922 1024 1994 decimam,
1046 1921 1137 1979 dotem
1152 1923 1205 1980 'rc-

251 2001 386 2083 legatam⁵
405 2006 465 2063 sibi.

147 2149 241 2199 letae
302 2160 366 2202 uro.
381 2159 445 2202 xvr.
478 2159 520 2202 nu
536 2156 643 2201 sonum
659 2157 853 2200 carnomaru
871 2137 874 2222 )
890 2158 986 2200 uerna
999 2157 1099 2200 vravu
1112 2159 1154 2200 nu

656 2241 793 2284 vxonnn.

312 2326 336 2386 1.
361 2320 531 2400 ⁰Aliquando
553 2328 642 2382 niret
664 2342 731 2382 uxor
750 2327 820 2381 inter
835 2343 864 2382 se
886 2325 1002 2381 solidum
1023 2342 1120 2400 capere
1140 2343 1204 2400 pos·

250 2420 331 2480 sunt,
353 2410 429 2465 uelnt
444 2413 467 2464 si
483 2419 597 2482 uterque
611 2408 654 2465 vel
673 2409 802 2466 alteruter
817 2425 912 2466 corum
926 2410 1045 2466 noudum
1060 2411 1118 2466 eius
1133 2418 1204 2466 aeta·

251 2499 286 2552 tis
301 2497 370 2557 sint,
392 2489 426 2546 ’a'
442 2509 494 2564 qua
509 2491 552 2548 lex
567 2491 666 2549 liberos
682 2495 781 2566 exigit,
801 2492 828 2548 id
844 2501 887 2548 est
900 2485 944 2548 si⁸
960 2494 1003 2550 uir
1017 2494 1105 2549 minor
1121 2509 1205 2550 anno·

250 2648 375 2707 quaestum
390 2642 514 2690 facientem
528 2641 553 2690 t.
568 2643 585 2691 l,
600 2644 740 2699 omitteretr
757 2644 859 2692 scilicet
877 2643 1038 2705 confunderer
1056 2643 1134 2707 palam
1148 2659 1206 2696 cam

250 2715 327 2762 lenam
341 2713 427 2761 statim
441 2712 477 2760 od
489 2712 557 2761 hanc
571 2726 656 2762 vocem
669 2713 845 2762 oberraverat.
904 2711 923 2778 ι)
938 2714 1089 2762 mauricianis
1104 2721 1129 2762 et
1141 2713 1205 2779 (pro

251 2782 448 2843 mauriciana-scr,
467 2781 579 2844 utputo)
598 2783 657 2832 Vat.
671 2784 828 2833 Mauricianus
848 2791 872 2832 et
885 2785 942 2833 edd.
967 2784 1026 2833 Via.
1043 2783 1097 2833 Fri.
1112 2800 1140 2848 p.
1155 2795 1203 2836 tet.

252 2854 373 2904 Fortasse
387 2853 436 2902 hoc
449 2860 487 2902 eet
499 2851 556 2911 SC„
570 2843 640 2917 cuod
653 2855 777 2903 landatur
791 2853 822 2902 L.
833 2865 867 2905 ts.
883 2855 906 2915 §-
917 2865 950 2906 to.
970 2854 1002 2903 D.
1017 2855 1050 2904 de
1064 2856 1117 2904 ritu
1132 2863 1204 2918 nupt.

251 2922 296 2990 (tt,
310 2922 341 2988 e).
369 2921 423 2972 Sed
435 2924 508 2972 multi
522 2923 639 2974 Maurici
648 2925 735 2988 primo
748 2926 835 2974 seculo
850 2926 877 2972 in
891 2924 1031 2974 honoribus
1047 2925 1131 2988 fuere.

252 2991 276 3059 ²)
290 3007 384 3043 menses
404 2993 462 3042 Vol.
477 3008 585 3044 mensum
598 2995 637 3044 ed.
652 2993 700 3058 Bp.
753 2991 772 3059 ³)
791 2993 840 3054 Qut
853 3002 911 3043 crat
920 2997 1014 3058 pueris
1027 3009 1118 3055 nouus,
1128 2997 1205 3058 pael-

250 3066 284 3113 iic
298 3071 411 3114 octavae.
438 3064 502 3116 Fert.
517 3081 556 3128 ep.
571 3082 594 3114 o.
607 3061 747 3114 ‘Lustrici'
764 3080 791 3128 p.
801 3076 848 3116 120.
868 3065 986 3116 Macrod.
1000 3064 1056 3114 Sat.
1072 3079 1092 3126 1,
1106 3077 1140 3116 10.
1165 3065 1205 3127 Cf.

250 3135 326 3184 etiam
345 3137 392 3199 lep.
414 3135 486 3184 Flac.
507 3136 603 3186 Malao.
618 3146 650 3186 50.
725 3132 746 3200 ⁴)
761 3136 812 3184 elus
831 3135 890 3184 Vat.
905 3143 992 3185 natum
1011 3151 1045 3184 erc
1063 3142 1117 3184 etue
1132 3155 1166 3178 a
1182 3141 1206 3184 et

251 3220 321 3266 uxor;
340 3206 379 3255 uir
392 3219 427 3256 eo:
438 3207 567 3271 preminate
581 3214 596 3253 n
610 3205 729 3255 vocabuli
747 3206 840 3254 honorii
855 3207 925 3268 feci‚·
943 3207 978 3269 cs.
993 3213 1044 3255 not.
1059 3218 1072 3257 o
1086 3206 1122 3254 od
1135 3217 1156 3262 s,
1170 3217 1205 3256 10.

250 3277 363 3338 coniuges
377 3277 416 3326 ed.
431 3275 480 3342 Bp.
501 3277 539 3339 Of.
555 3275 610 3324 lli.
621 3291 649 3339 p.
660 3287 707 3326 tte.
760 3273 780 3341 ⁶)
794 3283 874 3339 potest
887 3275 1000 3339 (factam
1013 3290 1049 3325 eo.
1063 3290 1098 3324 ecc
1111 3290 1142 3338 pe
1153 3289 1206 3338 pro

149 3373 150 3377 =
250 3345 287 3412 re)
302 3347 403 3408 legatam
422 3346 481 3396 Vct.
497 3344 611 3412 (capere)
626 3353 705 3408 potest
719 3345 818 3408 legatam
833 3347 872 3395 ed.
886 3345 935 3410 Bp.
957 3345 995 3408 Of.
1012 3345 1066 3397 etl.
1077 3361 1106 3409 p.
1121 3357 1169 3396 ote.

252 3413 273 3480 Β)
290 3417 328 3480 Of.
347 3417 452 3466 Pericli.
467 3419 535 3480 apol.
550 3428 571 3466 t.
586 3417 618 3465 de
631 3430 730 3481 monop.
746 3428 780 3468 16.
794 3415 891 3466 Sozom.
907 3417 966 3465 hist.
981 3417 1044 3465 eccl.
1060 3429 1080 3473 1,
1091 3427 1111 3467 0.
1133 3415 1161 3465 F.
1172 3413 1205 3464 Α.

250 3485 380 3551 Schiilinp
393 3486 509 3536 Bemeric.
521 3502 548 3550 p.
564 3499 611 3538 eoo.
686 3483 706 3552 7)
721 3495 761 3536 aut
780 3487 837 3536 Vct.
852 3502 889 3536 cc.
904 3488 970 3536 mole
983 3488 1116 3550 replicata
1130 3500 1152 3534 a.

252 3551 273 3619 ⁸)
287 3563 328 3605 aut
342 3558 435 3606 inserit
447 3555 505 3622 Bp,
521 3558 589 3621 qood
602 3573 652 3607 noa
667 3558 795 3607 catholos
809 3559 867 3608 loci.
