2678 4116
254 227 317 292 206
544 243 606 280 unii
625 245 726 280 133333.
745 227 928 284 1.133—134.

199 378 526 444 {indumentorum
537 393 632 444 autem
645 402 755 458 snmus,
766 387 887 442 liberum
899 385 1052 442 arbitrium
1058 399 1121 442 esse
1127 387 1163 456 er,
1176 387 1225 458 qui

193 453 344 543 mptum
360 479 387 528 et
403 487 442 527 ex
458 487 490 528 eo
506 474 664 542 nepotem
652 489 682 528 m
694 477 839 542 potestate
853 471 979 540 iubebit,
998 471 1090 541 fitium
1111 473 1222 542 quidem
1237 481 1295 535 [1333

252 561 397 627 potestate
419 557 574 621 demittere,
590 563 721 628 nepotem
736 571 807 611 uera
819 558 849 609 in
856 561 1004 626 potestate
1018 557 1161 612 retinere:
1177 556 1223 610 nei

255 656 293 698 ea
309 643 424 698 diuerso
439 641 529 712 fitium
541 643 653 712 quidem
663 645 693 697 in
700 645 844 712 potestate
857 641 993 709 retinere,
1010 645 1140 710 nepotem
1152 655 1223 696 uero

254 729 471 796 manumittere,
492 728 540 781 uei
561 741 659 782 omnes
681 726 821 782 satiaris
843 723 976 796 efficere.
1015 725 1115 779 eadem
1139 730 1167 780 et
1188 725 1223 782 de

249 817 413 881 pronepote
427 811 504 866 dieta
521 825 583 866 esse
598 813 804 883 inteltepemus.

318 889 383 952 134.
402 887 579 951 3Ρ33333333
593 902 734 965 parentes
757 896 842 952 etiam
863 893 971 948 liberos
990 895 1021 947 in
1042 893 1222 963 adoptionem

254 979 1222 1051 mmmpmmwmmmmmmtdmfflmwfflmnm

203 1076 245 1125 3⁷.
256 1066 436 1135 adoptionem
449 1065 548 1134 datur,
565 1065 865 1134 tresmancipationes
881 1056 885 1139 Ι
902 1069 930 1116 et
942 1061 1012 1117 dune
1023 1060 1223 1118 intercedentes

256 1149 480 1204 manumissiones
491 1147 605 1220 proinde
617 1147 697 1219 fiunt,
712 1164 744 1204 33
755 1145 812 1202 fieri
824 1145 926 1218 solent,
941 1162 1003 1201 cum
1017 1147 1053 1200 ita
1068 1161 1128 1200 eum
1144 1153 1222 1242 puter

254 1231 582 1306 depumuoedmdm,
605 1228 935 1289 modiuneffidum.
966 1229 1221 1301 dmdeempud

254 1317 465 1389 remancipntur,
481 1323 508 1371 et
520 1315 552 1371 ah
565 1333 598 1372 eo
610 1319 644 1388 is,
657 1334 703 1390 qur
698 1316 834 1390 adaptat,
846 1314 1046 1388 uindicutnpud
1057 1320 1219 1385 praetorem,

213 1435 219 1454 .
254 1399 339 1455 filium
362 1416 440 1456 suum
457 1417 534 1470 esse,
558 1410 585 1456 et
607 1401 655 1456 illo
671 1410 766 1456 contra
780 1416 836 1455 333
857 1392 1041 1456 uindicantc’
1044 1391 1072 1453 33
1094 1403 1220 1470 praetore

254 1483 403 1539 uindicanti
418 1481 490 1539 filius
506 1483 649 1557 addicitur,
666 1485 733 1541 nut’
736 1501 791 1540 3333
813 1475 1026 1557 3333333333333
1040 1484 1133 1556 putri,
1139 1482 1219 1546 'sedi

254 1568 291 1624 ab
306 1583 340 1624 eo
356 1568 509 1624 uindicat
502 1583 525 1623 ts
548 1571 594 1641 qui
617 1529 747 1642 adoptat,
763 1570 844 1641 apud
858 1584 938 1649 quem
957 1571 988 1624 in
1007 1561 1109 1624 tertia⁵
1123 1566 1222 1642 manci·

252 1637 1221 1726 pmmfflzmmmnmfflmfflfflmmmwi.⁶m

253 1735 1222 1812 cmmuffldwmmpmms,mummmwwstmmi

253 1838 351 1894 senus,
374 1838 427 1878 333
448 1821 553 1878 scilieet
571 1823 731 1896 mancipatio
753 1819 869 1893 sufficit,
892 1831 920 1877 et
942 1828 988 1876 aut
1003 1821 1222 1893 remancipentur

253 1908 360 1981 parenti
376 1914 423 1964 aut
438 1923 494 1962 nou
509 1907 738 1980 remancipnntur.
778 1906 870 1962 cadem
886 1913 914 1962 et
935 1908 963 1962 iu
984 1905 1132 1981 prouinciis
1148 1904 1224 1977 3333

253 2062 426 2123 remancipati
436 2061 540 2123 fuerint
553 2065 578 2108 et
592 2076 608 2108 a
623 2061 741 2108 naturali
755 2066 834 2122 patre
852 2061 1009 2117 manumissi,
1028 2058 1168 2108 succedere
1182 2057 1222 2106 eis

253 2134 384 2181 naturalis
394 2139 473 2194 pater
487 2147 538 2180 nou
549 2137 643 2193 potest,
659 2133 712 2179 nisi
722 2131 887 2193 fiduciarius,
903 2147 919 2178 3
934 2144 983 2194 qno
993 2130 1143 2178 manumissi
1152 2133 1221 2177 sunt.

254 2203 318 2252 Nam
336 2205 360 2252 si
378 2204 581 2264 remancipatam
600 2217 656 2250 eum
674 2200 725 2250 stit
743 2204 873 2251 naturalis
887 2209 968 2264 pater
986 2203 1028 2250 uei
1046 2216 1113 2249 auus
1131 2214 1220 2247 mann-

252 2275 360 2330 miserit,
375 2275 430 2335 ipse
444 2275 501 2321 eins
515 2274 543 2320 in
557 2271 701 2320 hereditate
715 2269 858 2321 succedit’.
890 2272 927 2336 Cf.
943 2274 966 2334 ξ.
983 2283 1003 2322 3.
1032 2271 1054 2322 Ι.
1070 2271 1137 2335 quid.
1153 2269 1219 2332 mod.

253 2347 294 2392 ins
304 2349 359 2406 pot.
375 2346 447 2405 solu,
462 2342 530 2392 oerb.
560 2339 606 2390 ‘Et
621 2349 683 2392 tunc
697 2357 732 2391 eno
748 2343 832 2392 edicto
852 2344 990 2392 Praetoris
1004 2339 1063 2392 ete.’
1137 2337 1156 2405 ¹)
1171 2339 1222 2388 Est

254 2417 277 2476 §-
293 2427 313 2464 t.
333 2413 355 2462 I.
370 2414 394 2461 13.
410 2421 427 2462 t.
447 2413 479 2461 L.
494 2424 528 2464 28.
548 2413 580 2461 D.
596 2413 628 2462 de
642 2414 729 2476 adopt,
745 2411 777 2478 (1,
790 2413 813 2480 3)
829 2431 845 2464 3
862 2414 954 2466 Gdsch.
969 2421 1039 2463 reete
1053 2413 1077 2462 it.
1094 2415 1109 2462 i.
1122 2413 1220 2476 posita,

253 2499 404 2550 quamquam
417 2482 491 2532 Stnd.
507 2483 574 2532 ninii
587 2499 674 2534 eorum
689 2487 832 2548 conspexit.
866 2485 935 2535 Mitti
954 2493 1038 2534 tamen
1053 2484 1221 2533 uerisimilius

252 2557 393 2610 aisement,
409 2556 510 2603 initium
524 2556 551 2616 §i
565 2556 592 2603 in
607 2555 750 2604 Iustiniani
768 2555 833 2606 Inst.
849 2557 955 2619 fidelius
974 2571 1048 2621 qnam
1066 2557 1094 2603 in
1108 2555 1169 2619 inp.
1184 2568 1221 2602 ece

255 2626 321 2676 eata
331 2632 517 2688 transumptum
527 2640 596 2682 esse‚·
610 2626 678 2675 unde
688 2642 723 2676 eu
733 2628 786 2676 iilis
799 2629 911 2676 restitui.
937 2624 1072 2676 ‘Liberum
1082 2625 1221 2674 arbitrium

252 2705 290 2746 est
304 2693 340 2746 ei’
362 2696 401 2747 ed.
416 2695 465 2761 Bp.
496 2695 550 2746 Nee
564 2699 707 2762 quicquam,
722 2699 746 2747 si
756 2700 908 2748 sententiam
917 2705 1027 2762 spectas,
1043 2699 1110 2746 inter
1119 2696 1183 2744 daec
1194 2701 1221 2742 et

252 2785 292 2827 ea,
307 2783 372 2832 quoae
388 2775 438 2818 not.
454 2769 569 2818 anteced.
584 2769 740 2834 sipnifieaoi,
755 2771 886 2819 interiisse
900 2771 1010 2818 videtur.
1077 2763 1098 2832 ²)
1111 2766 1221 2816 Initium

252 2840 300 2889 troc
315 2839 476 2901 deperditum
490 2855 525 2887 etc
542 2839 669 2889 Gdseneni
685 2840 744 2903 sere
763 2842 925 2891 restitutione
944 2841 981 2890 33
994 2854 1095 2889 sensum
1115 2838 1220 2887 demon-

251 2911 387 2959 strandum
400 2911 525 2973 supplevi.
556 2909 629 2960 Niioil
642 2911 709 2960 enirn
723 2912 793 2960 inter
807 2912 875 2962 iano
891 2913 915 2973 §-
930 2919 956 2960 et
969 2923 1016 2964 133.
1044 2909 1219 2965 intercidisse,

251 2996 286 3030 33
300 2982 340 3042 ἐξ.
356 2993 376 3032 3.
391 2993 412 3032 ε.
437 2980 542 3045 anib.
557 2982 623 3031 mod.
640 2983 724 3044 ipat.
739 2985 801 3032 snio.
817 2981 848 3048 (1,
864 2981 900 3048 13)
916 2989 1033 3046 apparet.
1095 2977 1116 3045 8)
1130 2979 1190 3029 Hoc
1206 2993 1219 3027 3

249 3053 389 3117 supitianm
403 3053 430 3100 in
442 3052 468 3100 θ.
484 3054 552 3101 inter
561 3052 667 3102 uindicat
676 3060 701 3100 et
710 3053 773 3116 opud
783 3055 896 3116 positum
908 3053 958 3111 leuc
968 3051 1141 3102 reuocandum
1151 3057 1218 3100 erat.

252 3119 273 3186 ⁴)
289 3121 334 3170 Ea
347 3121 479 3180 Sedeurlii
493 3125 525 3185 ej.
538 3124 643 3186 firmata
662 3118 715 3172 Vct·
744 3125 795 3172 iure
815 3125 964 3188 mancipetur
981 3124 1006 3173 O.
1022 3123 1079 3172 333.
1137 3118 1158 3187 3)
1172 3120 1219 3168 En

256 3189 301 3242 Vct
315 3201 340 3242 et
349 3195 449 3257 partim
463 3209 498 3242 eoo
511 3192 643 3242 Seirenrlii
658 3196 690 3257 oi.
761 3192 782 3260 3)
797 3210 833 3245 se.
850 3195 882 3244 ab
897 3211 940 3253 eo,
955 3197 999 3244 eui
1013 3197 1040 3244 in
1054 3194 1219 3256 adoptionem

251 3265 362 3314 daturus
376 3272 422 3323 est,
437 3280 469 3313 ne
483 3265 562 3313 eiiam
571 3279 720 3327 personam,
736 3268 779 3315 cui
793 3269 962 3330 mancipetur,
977 3265 1101 3315 adhibere
1115 3277 1219 3312 necesse

250 3337 292 3385 sit.
317 3335 434 3386 Sedenri.

250 3403 464 3436 4-—

323 3457 348 3528 §.
365 3462 424 3510 134.
441 3460 479 3523 Of.
495 3461 606 3509 manime
621 3459 691 3510 Ptin.
702 3477 741 3524 ep.
752 3473 773 3523 8,
784 3473 817 3512 18.
837 3463 860 3523 ᾖ.
870 3473 892 3511 4.
907 3468 1050 3524 praeterea
1066 3459 1128 3509 Geli.
1144 3470 1216 3519 6,19.

250 3529 320 3579 Suet.
339 3530 393 3580 Oet.
408 3543 442 3583 31.
465 3530 516 3580 Oia.
531 3532 563 3580 de
574 3533 620 3594 fin.
632 3544 652 3594 1,
663 3545 683 3584 t.
707 3532 813 3582 Tertuii.
824 3535 892 3596 apol.
902 3544 923 3583 3.
943 3533 975 3580 L.
987 3535 1032 3581 nit.
1050 3531 1075 3581 C.
1086 3531 1118 3598 33
1128 3531 1217 3594 adopt.

252 3599 283 3666 (s,
292 3600 339 3666 13).
360 3604 414 3664 §.u
435 3601 457 3650 I.
473 3608 490 3650 t.
501 3617 523 3651 a.
534 3599 566 3668 (1,
576 3601 620 3668 33).
