2672 4112
243 237 284 296 28
582 245 608 280 ra.
629 241 739 280 rvnmvs
758 243 857 278 moeno.

244 367 321 444 (que)
336 372 413 442 quasi
428 370 599 444 cognationis
614 368 796 440 domiciliique
811 369 917 441 pristini
937 373 1113 441 conspectum
1134 371 1205 425 exei-

243 455 327 521 teuit3
347 462 405 509 tum
427 455 543 526 speeiem
564 455 602 509 ita
622 453 750 508 formauit
764 453 829 524 oris,
852 453 924 506 utin
940 467 970 506 eo
985 453 1205 524 penitusreoon·

243 537 314 593 ditos
330 553 421 594 mores
436 535 596 610 effingeret:
628 531 673 593 2⁷.
688 551 748 591 nam
763 541 792 590 et
807 535 879 591 oculi
893 529 983 590 nimis¹
1001 537 1102 608 arguti,
1124 551 1205 608 quem

243 620 274 676 ad
290 621 399 677 modum
414 621 502 677 animo
518 619 605 676 allecti
619 621 718 688 simus,
739 618 881 690 locuntur,
897 626 925 673 et
939 619 977 690 is,
993 620 1039 691 qui
1054 618 1206 692 appellatur

244 705 348 774 uultus,
375 706 421 778 qui
442 704 518 760 nullo
538 705 567 758 ln
588 705 722 759 animante
742 717 803 758 esse
824 709 932 775 praeter
952 703 1088 758 hominem
1102 709 1204 775 potest,

243 787 342 844 indicet
357 803 463 858 mores,
487 788 584 860 quoius
600 788 653 842 uim
670 786 894 856 (trecenorum,
910 799 1008 841 nomen
1024 787 1133 841 omuino
1149 803 1205 842 non

243 870 353 926 habent.
381 873 476 927 omitto
498 872 715 944 opportunitates
737 867 942 941 habilitatesque
956 869 1055 941 reliqui
1070 870 1204 942 eorporis,

242 955 453 1010 moderationem
469 956 556 1024 uocis,
572 955 701 1009 orationis
716 955 781 1023 uim,
798 967 867 1025 quae
877 952 1043 1008 conciliatrix
1059 960 1101 1008 est
1111 953 1205 1008 huma·

243 1053 294 1094 nae
308 1039 420 1094 maxime
434 1039 588 1105 societatis3
610 1037 791 1109 nequeenim
807 1037 896 1091 omnia
911 1043 975 1091 sunt
989 1035 1070 1091 huius
1084 1035 1205 1110 disputa·

243 1123 325 1177 tionis
340 1138 371 1178 ae
385 1123 516 1194 temporis
531 1128 559 1176 et
574 1121 645 1176 huno
658 1121 749 1176 locum
764 1121 840 1190 setis,
861 1127 892 1174 ut
907 1119 971 1174 milri
986 1118 1106 1191 uidetur,
1127 1121 1204 1175 iniis

243 1203 330 1275 libris,
346 1221 415 1278 quos
430 1203 546 1278 legistis,
563 1205 698 1277 expressit
708 1203 808 1276 Scipio.
832 1217 905 1259 nunc
919 1204 1046 1276 quoniam
1057 1203 1204 1274 hominem,

243 1287 316 1361 quod
337 1289 496 1360 principium
517 1287 682 1360 reliquarum
702 1301 794 1342 rerum
814 1301 874 1341 esse
894 1286 994 1357 noluit,
1016 1288 1156 1360 generauit
1177 1295 1206 1343 et

244 1373 352 1426 ornauit
366 1371 441 1440 deus,
458 1372 629 1444 perspicuum
642 1372 677 1426 sit
687 1369 765 1440 illud,
780 1385 814 1425 ne
826 1371 915 1425 omnia
926 1369 1103 1442 disserantur,
1117 1372 1205 1444 ipsam

243 1469 292 1526 per
312 1469 342 1509 se
363 1461 486 1508 naturam
506 1453 616 1526 longius
636 1453 781 1527 progredi,
804 1469 873 1526 quae
893 1455 971 1508 etiam
992 1453 1067 1508 nullo
1090 1452 1205 1510 docente

244 1537 366 1610 proiecte
381 1535 414 1591 ab
430 1538 471 1607 iis,
489 1552 604 1609 quorum
621 1553 652 1592 ex
667 1537 753 1609 prima
769 1544 797 1592 et
818 1537 942 1592 inchoata
958 1536 1143 1610 intellegentia
1158 1553 1205 1610 ge·

189 1623 192 1628 '
243 1635 307 1676 uera
322 1621 462 1693 cognouit,
478 1619 620 1677 coufirmat
633 1621 690 1693 ipsa
705 1635 755 1692 per
769 1633 799 1675 se
813 1622 944 1675 rationem
960 1629 988 1675 et
999 1619 1114 1693 perlicit.

305 1703 337 1758 X.
360 1699 408 1761 28.
429 1703 463 1760 A.
487 1704 525 1759 itti
545 1703 718 1774 inmortales,
739 1719 818 1776 quam
839 1709 870 1759 tu
891 1703 973 1777 longe
994 1705 1061 1759 iuris
1075 1705 1206 1778 principia

244 1789 357 1860 repetis,
380 1793 462 1861 atque
483 1788 532 1859 ita,
554 1795 585 1842 ut
606 1803 659 1860 ego
681 1801 737 1842 non
758 1785 840 1842 modo
862 1786 895 1842 ad
915 1787 960 1842 illa
979 1801 1034 1843 non
1049 1802 1204 1861 properem,

243 1885 312 1943 quae
332 1869 503 1943 expectabam
523 1885 537 1925 a
552 1878 580 1926 te
594 1869 628 1926 de
641 1872 701 1926 iure
716 1869 806 1940 ciuili,
826 1870 873 1925 sed
894 1870 972 1927 facile
992 1872 1076 1944 patiar
1090 1878 1118 1926 te
1132 1870 1206 1926 hune

243 1953 314 2009 diem
333 1954 379 2010 uel
401 1961 488 2011 totum
510 1956 537 2009 in
557 1955 611 2010 isto
632 1969 758 2010 sermone
780 1969 955 2022 consumere;
976 1963 1039 2009 sunt
1054 1955 1124 2009 enim
1138 1951 1207 2010 haee

243 2039 353 2109 maiora,
376 2054 444 2112 quae
467 2037 580 2094 eliorum
604 2053 683 2094 eausa
704 2037 820 2093 fortasse
843 2037 1031 2110 conplectens,
1055 2051 1133 2110 quam
1147 2038 1205 2110 ipsa

242 2119 298 2191 illu,
314 2137 429 2194 quorum
443 2122 509 2178 haec
524 2138 602 2178 causa
618 2128 821 2195 praeparantur.

305 2205 346 2261 M.
370 2205 439 2260 Sunt
458 2204 524 2260 heco
545 2204 653 2278 quidem
675 2219 781 2277 magna,
803 2219 872 2277 quae
892 2220 965 2260 nuno
983 2204 1105 2260 breuiter
1124 2205 1206 2260 attln·

244 2295 358 2359 guntur,
373 2287 421 2342 sed
437 2288 565 2352 omnium,
585 2303 653 2359 quae
668 2288 696 2342 iu
711 2287 849 2342 hominum
864 2287 1006 2344 doctorum
1021 2287 1206 2360 disputatione

244 2377 397 2435 uersentur,
412 2369 478 2424 nihil
494 2378 537 2426 est
551 2369 675 2443 proiecto
690 2370 877 2443 praestabilius
890 2387 970 2443 quam
981 2370 1059 2444 plane
1071 2370 1203 2444 intellegi,

244 2469 293 2508 nos
306 2453 339 2508 ed
353 2453 484 2508 iustitiam
499 2469 560 2509 esse
574 2461 652 2510 natos
667 2469 756 2527 neque
771 2455 913 2528 opinione,
934 2463 977 2510 set
991 2463 1088 2510 natura
1103 2456 1206 2511 consti·

244 2545 332 2592 tutum
348 2552 408 2592 esse
422 2537 474 2591 ius.
504 2535 531 2592 ld
545 2538 596 2592 lam
611 2535 727 2611 patebit,
747 2539 770 2594 si
792 2539 930 2593 hominum
944 2539 1016 2593 inter
1030 2539 1104 2612 ipsos
1119 2539 1206 2594 socie·

246 2627 327 2676 tutem
359 2615 653 2695 coniurrotionemlque)
682 2621 860 2695 perspexeris.
904 2617 953 2680 29.
980 2621 1047 2677 nllril
1069 2629 1112 2678 est
1134 2621 1205 2677 enim
1234 2685 1235 2688 Ἴ

244 2719 327 2758 unum
343 2705 457 2759 unitam
473 2703 569 2775 simile,
585 2712 638 2760 tam
650 2721 708 2778 par,
724 2719 803 2778 quam
819 2719 912 2760 omnes
927 2706 998 2760 inter
1009 2713 1116 2761 nosmet
1129 2706 1206 2778 ipsos

244 2803 347 2843 sumus.
379 2787 452 2860 quod
473 2788 497 2843 sl
516 2786 674 2861 deprauatio
690 2787 926 2859 consuetudinum,
947 2790 970 2843 si
986 2790 1144 2862 opinionum
1159 2803 1205 2844 ua·

245 2872 315 2926 nitas
332 2886 388 2926 noa
404 2869 604 2928 inbecillitatem
619 2874 768 2928 animorum
784 2879 926 2944 torqueret
941 2879 969 2927 et
983 2871 1121 2943 flecteret,
1137 2887 1206 2945 quo·

244 2970 359 3028 eumque
374 2956 519 3028 coepisset,
534 2957 576 3011 sul
590 2971 670 3012 nemo
684 2957 742 3028 lpse
754 2962 808 3010 tam
819 2953 914 3009 similis
929 2963 1002 3011 esset
1016 2971 1096 3028 quam
1111 2971 1207 3011 omnes

244 3046 335 3094 essent
349 3040 476 3094 omnium.
506 3040 598 3112 itaque
613 3053 797 3112 quaecumque
813 3045 855 3092 est
869 3037 984 3094 hominis
1000 3036 1134 3110 definitio,
1152 3055 1206 3094 una

244 3121 271 3176 iu
288 3124 375 3178 omnis
395 3122 477 3179 ualet.
512 3118 565 3180 30.
590 3122 662 3195 quod
687 3122 838 3194 argumenti
852 3123 917 3178 satis
938 3131 991 3192 est,
1012 3122 1113 3178 nullam
1127 3121 1207 3178 dissi·

243 3205 423 3262 militudinem
439 3222 499 3263 esse
514 3207 541 3260 irr
558 3221 675 3279 genere;
700 3206 805 3278 quaesi
821 3213 903 3276 esset,
920 3213 975 3261 no'n
991 3221 1041 3260 una
1058 3207 1144 3261 omnis
1160 3205 1207 3261 de·

244 3288 328 3346 linitio
351 3292 516 3356 contineret;
539 3290 637 3344 etenim
659 3289 745 3358 ratio,
769 3304 822 3368 qua
843 3304 895 3344 une
918 3297 1086 3362 praestamus
1107 3288 1206 3360 beluis,

242 3389 292 3447 per
312 3389 392 3447 quam
413 3373 568 3428 coniectura
583 3371 715 3444 ualemus,
730 3378 961 3446 argumentamur,
977 3372 1136 3444 refellimus,
1151 3372 1206 3427 dis-

316 3549 336 3616 ¹)
353 3552 444 3600 licitae
460 3551 577 3612 inprimis,
592 3558 620 3600 ut
633 3547 650 3615 p
661 3566 743 3614 supra
757 3554 851 3602 lineam
865 3554 991 3616 seriptum
1005 3551 1153 3602 emoidert't?
