2694 4110
258 203 319 266 780
467 220 565 258 amau.
584 221 637 256 ava.
657 221 718 256 nou.
737 219 824 256 ruma.
845 207 993 256 ata-ete.

320 347 388 408 att.
412 344 505 408 ¹ltem.
528 349 579 418 Qui
594 349 724 424 conplura
739 349 866 424 allegant,
882 365 951 423 quae
966 348 1071 423 singula
1087 365 1142 405 aun
1157 350 1218 405 sint

256 432 347 505 firma,
369 433 503 490 interdum
523 436 645 490 excusari
664 433 764 491 solent.
802 449 862 489 nam
876 442 904 490 et
919 433 1017 489 iratres
1033 435 1216 506 imperatores

257 516 350 573 Sentio
361 516 452 574 Potito
464 520 500 574 ita
516 520 728 592 rescripserunt:
746 516 884 584 ‘Quamuis
896 516 1012 590 singula,
1028 533 1096 590 qnae
1111 516 1219 572 litteris

257 602 310 656 tuis
323 601 470 674 conplexus
482 617 522 671 es,
538 618 592 658 una
604 610 741 674 praestent
752 600 800 658 tibi
814 601 897 656 iustas
912 615 1005 657 causas
1018 601 1218 672 excusationis,

258 693 346 741 tamen
363 686 426 759 qula
441 685 524 741 multa
538 685 617 740 simul
633 693 830 758 scriptuarum,
846 699 956 740 mouere
971 700 1022 740 nos
1037 691 1165 757 possunt,
1181 691 1219 739 ut

256 771 394 824 excusatio
411 775 456 824 tua
471 786 485 823 a
502 769 585 824 tutela
600 769 683 841 recipi
699 767 810 842 possit.'

170 860 235 897 ΜΗ
319 847 388 908 eta.
422 845 548 908 ²Paullus
575 851 645 907 libro
673 851 802 923 singulari
825 851 857 907 de
879 853 1052 908 excusatione
1079 859 1215 909 tutorum.

150 901 448 1009 ii⁸iiilitmperatores
460 936 548 991 nostri
559 935 635 991 Aelio
647 935 759 991 biadato
771 951 822 991 suo
835 939 964 992 salutem.
988 935 1105 991 Tutores
1117 951 1216 990 secun·

175 985 229 1022 m
258 1019 321 1076 dum
337 1019 421 1094 patris
438 1018 606 1075 uoluntatem
622 1019 730 1076 decreto
746 1021 889 1092 praetoris,
906 1019 1045 1076 clarissimi
1060 1020 1121 1088 uiri,
1138 1019 1216 1092 quod

255 1118 311 1159 non
327 1104 385 1160 iure
409 1111 574 1160 testamento
597 1102 641 1159 uel
663 1101 791 1158 codicillis
814 1102 868 1158 dati
891 1103 1012 1172 lucrant,
1036 1101 1218 1158 confirmatos

256 1189 395 1244 nominare
409 1189 531 1261 potiores
544 1203 635 1260 posse,
651 1203 705 1242 non
717 1186 887 1246 arbitramur.
916 1202 977 1242 uam
989 1186 1116 1242 iudicium
1129 1187 1215 1258 patris

256 1269 320 1327 licet
335 1271 394 1326 iure
409 1269 523 1340 deliniat,
542 1269 705 1326 seruandum
720 1269 785 1326 est.’

150 1343 248 1423 difffss
320 1350 389 1411 24⁷.
412 1348 539 1410 ³Paullus
554 1353 624 1409 libro
639 1353 658 1407 l.
675 1353 801 1410 editionis
823 1353 956 1409 secundae
976 1352 1010 1409 de
1025 1353 1213 1410 iurisdictione
1316 1402 1321 1413 .

158 1428 250 1505 WT'VRD·
260 1431 405 1494 'tutelari.⁴
436 1436 487 1504 Qui
503 1445 558 1492 tres
574 1437 702 1510 pluresue
717 1436 816 1492 liberas
832 1436 930 1492 habent
945 1439 1118 1511 superstites,
1133 1453 1214 1492 excu-

161 1513 202 1548 ΕΠ·
215 1512 242 1548 ¹¹·
258 1521 311 1576 sari
332 1519 440 1590 solent,
461 1519 544 1593 idque
566 1519 740 1594 conpluribus
761 1519 1001 1576 constitutionibus
1024 1529 1136 1576 cauetur
1158 1529 1213 1576 tam

257 1597 410 1660 ’ἀὶιιοῑιιιιι5
431 1603 511 1660 blanci
532 1613 560 1660 et
580 1604 669 1672 Lucii,
693 1599 769 1677 ’quil
792 1603 917 1660 Pontium
932 1603 1107 1676 Marcellum,
1131 1605 1213 1659 trium

256 1686 403 1744 liberarum
418 1697 537 1762 patrem,
558 1686 741 1742 liberauerunt
755 1687 853 1742 litteris
869 1687 901 1741 ad
917 1689 1108 1758 eunomianis,
1130 1703 1213 1760 quam
1226 1699 1287 1748 [ms]

258 1771 430 1828 dominorum
446 1779 612 1828 nostrorum.
650 1770 701 1826 Sed
717 1771 762 1826 bic
776 1763 918 1827 nnmerus⁷
941 1773 968 1826 ia
984 1771 1057 1827 ltalia
1073 1773 1143 1828 ciues
1158 1769 1215 1826 lla-

258 1871 350 1912 manos
373 1855 483 1912 liberat:
511 1871 584 1910 nunc
605 1868 638 1910 ex
660 1857 856 1910 constitutione
883 1855 1033 1928 principum
1055 1864 1214 1910 nostrorum

257 1955 307 1996 uec
322 1941 350 1995 in
365 1939 447 2006 ltalia,
466 1939 514 1995 sed
529 1937 628 1994 Romae
645 1946 747 1994 tantum
763 1938 887 2010 exemplo
903 1938 1101 2012 municipalium
1117 1955 1213 1994 mune·

257 2039 327 2080 rum.
363 2039 424 2079 nam
443 2021 536 2080 Clodia
551 2021 703 2078 Herodiano
726 2024 762 2078 ita
784 2025 966 2094 scripserunt:
990 2021 1081 2078 ‘Sicut
1095 2023 1123 2078 in
1138 2022 1216 2078 ltalia

258 2109 331 2164 ciues
346 2107 458 2164 Romani
472 2108 652 2162 consistentes
667 2121 779 2161 numero
796 2114 923 2178 quattuor
942 2105 1089 2162 liberorum
1103 2105 1215 2162 incola·

258 2193 340 2246 mium
356 2207 370 2246 a
382 2189 505 2246 ciuilibus
519 2183 522 2268 l
536 2191 701 2246 muneribus
716 2197 906 2258 excusantur,
923 2193 964 2245 ita
976 2188 1098 2247 eundem
1113 2205 1214 2246 nume·

258 2293 322 2332 rum
343 2279 373 2330 in
395 2277 548 2330 tutelarum
564 2281 591 2330 et
612 2289 751 2330 aurarum
773 2275 1009 2330 excusationibus
1023 2277 1140 2330 seruari
1153 2291 1217 2345 par

1324 1835 1326 1904 l

259 2367 311 2416 est.
347 2359 472 2414 Proinde
487 2361 538 2430 qui
551 2359 591 2414 ad
603 2360 719 2414 tutelam
741 2359 788 2413 uei
803 2373 904 2414 curam
926 2363 1080 2429 uocantur,
1103 2359 1216 2414 Romae

259 2442 370 2514 quidem
393 2445 478 2496 trium
499 2441 654 2497 liberarum
675 2445 856 2498 incolumium
877 2457 1008 2510 numero,
1032 2442 1067 2497 de
1090 2459 1215 2514 peiorum

259 2527 343 2581 eiiam
358 2529 435 2579 statu
449 2540 507 2580 nan
521 2525 685 2596 ambipitur:
705 2528 735 2580 in
749 2525 839 2582 Italia
853 2540 923 2581 uera
938 2531 1084 2596 quattuor,
1099 2529 1129 2581 in
1139 2543 1214 2596 pra-

259 2610 363 2664 uinciis
378 2614 473 2662 autem
488 2609 612 2678 quinque
626 2607 733 2663 babent
748 2602 987 2665 exeusationem.⁸
1013 2601 1017 2610 ’
1060 2621 1066 2631 ·

375 2689 382 2697 ’
419 2683 509 2752 [Deest
522 2701 588 2736 unus
603 2689 738 2751 quaternio
751 2703 772 2738 a.
788 2689 903 2754 popinae
920 2685 1051 2756 sedecim}

333 2851 353 2919 ¹)
370 2853 407 2917 Cf.
423 2855 455 2904 L.
470 2864 502 2906 15a
518 2856 541 2916 ξ.
557 2867 589 2904 11.
606 2855 638 2906 D.
653 2855 677 2904 t.
693 2861 709 2903 t.
724 2854 756 2902 L.
772 2867 791 2904 1.
807 2856 830 2916 ς.
846 2867 866 2906 a.
882 2855 914 2904 a.
929 2857 961 2905 de
975 2863 1057 2905 vacat.
1073 2854 1117 2921 (so,
1132 2854 1163 2918 a).
1179 2855 1214 2904 L.

260 2941 302 2975 un.
320 2924 345 2974 0.
360 2927 405 2989 qui
419 2941 485 2974 num.
500 2931 545 2974 tut.
561 2923 592 2990 (5,
607 2925 652 2991 69).
717 2921 886 2988 ⁹)=§.159.
952 2922 973 2991 ⁸)
990 2925 1027 2988 Os.
1042 2928 1066 2987 ὅ.
1082 2939 1127 2977 191.
1143 2926 1175 2974 L.
1192 2940 1214 2978 1.

262 2996 287 3045 0.
303 2996 348 3059 qui
362 3011 427 3045 nam.
443 2995 485 3044 tii.
501 2993 532 3060 (5,
548 2993 591 3060 aa).
643 2991 664 3058 ⁴)
678 2993 723 3044 Sia
742 2994 800 3044 Vat.
815 2996 854 3044 ed.
870 2995 963 3046 Heilw.
979 2996 1086 3045 tutelaris
1106 2996 1133 3044 V
1135 2995 1156 3044 ⁶¹.
1172 2997 1215 3045 ed.

262 3065 383 3126 Mamms.‚
399 3068 443 3130 qui
456 3067 551 3114 mauult
564 3065 681 3128 praetoris
696 3065 811 3113 tutelaris.
835 3066 942 3115 Dicitur
954 3063 1114 3116 ‘iurisdictio
1124 3067 1215 3129 pupii-

260 3133 337 3186 luris'
363 3135 569 3186 Orelli-Henzen
590 3135 674 3184 Inscr.
696 3145 756 3186 atad.
831 3134 851 3200 ὕ)
874 3137 912 3199 Cf.
934 3144 986 3187 not.
1008 3149 1055 3188 141.
1129 3133 1150 3201 ⁶)
1168 3135 1217 3184 an

261 3207 351 3256 Klena.
367 3210 399 3270 ej.
415 3207 500 3270 quibus
516 3205 545 3253 V.
562 3205 619 3256 edd.
630 3205 723 3254 Helian.
739 3205 853 3256 Mammas.
897 3204 917 3271 7)
932 3205 1057 3270 Suspicor
1071 3207 1114 3255 liic
1128 3206 1160 3255 ab
1173 3220 1215 3255 se-

261 3279 365 3341 quentia
383 3279 479 3326 similia
498 3275 576 3324 uerba
594 3277 739 3325 excidisse:
759 3290 786 3324 ea
805 3277 820 3325 l.
841 3277 906 3326 lulla.
934 3277 1032 3326 Baebia.
1052 3283 1144 3340 pastea
1161 3292 1216 3340 pro

261 3349 347 3396 liberat
360 3350 392 3410 ej.
408 3347 532 3396 liberabat.
594 3344 615 3411 ⁸)
629 3345 759 3409 Suppieui,
775 3347 834 3395 inde
849 3363 865 3396 a
880 3347 964 3397 uerbis
980 3345 1036 3410 ‘qui
1049 3348 1085 3396 ad
1098 3344 1214 3396 tutelam’

261 3433 296 3466 ece
309 3418 341 3466 L.
357 3431 376 3466 1.
403 3417 429 3466 0.
449 3418 505 3474 cit,
526 3429 590 3480 quae
609 3415 683 3464 babet
703 3415 930 3480 subscriptionem:
952 3415 1021 3466 ‘PP.
1042 3416 1107 3466 Non.
1127 3415 1217 3480 April.

264 3487 328 3536 Geta
342 3495 366 3536 et
381 3487 521 3536 Plautiano
536 3482 612 3536 cess.’
630 3485 657 3550 (i.
673 3502 694 3534 e.
710 3503 733 3535 a.
749 3498 806 3552 eut).
