2680 4112
251 239 312 296 112
481 189 494 213 ο
583 245 610 280 ιι.
628 243 767 282 ararrsnrvs
785 244 876 282 nanno.

249 374 333 430 Penas
354 371 422 440 dici,
443 378 474 426 nt
495 371 626 445 optimas,
647 371 760 443 primas,
783 371 885 426 Antias.
902 399 943 410 -
957 368 1030 424 liest.
1054 385 1078 424 v.
1102 369 1211 424 Penatis

248 474 276 530 P·
293 455 364 600 21563
378 537 531 611 ‘Popularia
551 553 627 594 sacra
648 536 736 606 sunt’,
760 545 790 593 nt
816 538 853 592 ait
878 535 981 606 Labeo,
1008 537 1089 608 ‘quae
1117 552 1211 592 omnes

248 625 322 680 ciues
343 623 459 696 iaciunt,
483 637 535 688 nec
554 623 636 684 certis
657 621 763 677 lamiliis
784 619 918 676 adtributa
939 628 1017 675 sunt:
1043 618 1210 691 Fornacalia,

249 707 359 768 Parilia,
385 704 497 778 Laralia,
522 721 604 779 porca
627 703 822 777 praecidanea’.
849 733 889 744 -·
915 702 987 760 test.
1015 720 1039 758 v.
1066 701 1211 776 Popularia

248 809 274 865 p
292 789 362 931 2473.
373 865 577 946 Prop....sta¹
597 870 668 927 dolia
688 871 725 970 ait
745 871 797 928 dici
811 869 909 942 Labeo,
933 869 1060 944 quia...
1081 898 1119 910 -
1133 868 1209 928 Fest
1217 880 1259 929 [aa]

249 976 276 1032 p
294 957 406 1098 21583...
418 1057 463 1096 .a
483 1057 538 1113 quo
554 1042 640 1110 prius
659 1053 769 1096 secures
784 1037 889 1094 habitae
904 1045 979 1108 sunt,
994 1053 1056 1094 eum
1072 1041 1126 1094 et
1113 1055 1144 1094 ru
1159 1056 1212 1095 au·

249 1140 321 1199 pure
335 1125 454 1198 tepentia
474 1127 602 1195 priorem
617 1138 687 1193 esse,
703 1124 740 1178 alt
754 1123 890 1178 Antistius
905 1122 1010 1192 labeo,
1026 1127 1054 1176 et
1068 1125 1098 1178 in
1113 1125 1212 1194 auspi-

251 1213 358 1266 ciorum
378 1223 489 1281 quoque
510 1207 572 1280 lege
587 1207 752 1280 significari,
769 1223 833 1262 cum
849 1225 867 1260 a
882 1209 990 1261 maiore
1004 1209 1100 1262 iussus
1114 1209 1144 1261 in
1160 1224 1210 1262 οιι·

251 1292 381 1364 spicando
404 1291 510 1356 dieitur,
533 1298 563 1346 ut
583 1293 610 1346 ei
631 1307 727 1363 aupur
746 1293 776 1347 in
797 1292 928 1360 auspicio
948 1283 1015 1346 sit.²
1033 1318 1069 1330 -
1094 1287 1168 1344 Fest.
1187 1307 1210 1344 v.

251 1375 372 1431 Remissa
387 1392 413 1447 p.
429 1373 499 1430 290.

313 1454 355 1514 19.
376 1457 487 1512 Cliniam
507 1472 616 1530 quoqne
637 1472 714 1512 auem
735 1455 767 1512 ab
782 1457 899 1530 antiquis
914 1458 1078 1512 nominatam
1093 1456 1212 1512 animael-

251 1549 329 1597 uerto
350 1542 483 1614 ignorari3
504 1539 610 1612 quitiam
632 1539 812 1596 clamatoriam
834 1540 937 1611 dieunt,
956 1538 1044 1595 Labeo
1059 1538 1212 1614 prohibito-

251 1627 385 1680 riann—
345 1623 469 1680 —Plin
485 1623 517 1684 H
534 1623 568 1680 N.
586 1623 634 1694 10,
652 1623 700 1678 14.
716 1632 782 1680 sect.
800 1624 850 1682 37.

313 1719 364 1781 20.
388 1717 447 1779 Διολ
462 1719 492 1780 τί
503 1717 557 1779 τὸν
571 1726 622 1797 τῆς
629 1717 705 1799 “-Ορ
759 1724 936 1781 OurHortoe
952 1725 1085 1796 tempium
1098 1738 1215 1796 semper

251 1827 303 1876 τοις
326 1802 400 1865 ναὸν
420 1799 608 1881 ἅνεωνμένον
629 1796 708 1880 εἶχον
757 1814 889 1880 apertum
905 1811 1017 1878 antiqui
1029 1808 1214 1864 babuerunt?

251 1909 278 1948 οι
271 1886 412 1948 κολοιοὶ
427 1883 604 1960 διακαντός;
619 1887 705 1948 κότε·
757 1894 801 1948 Ακ
817 1895 896 1964 quia,
917 1898 948 1948 ut
963 1891 1102 1947 Antistius
1116 1892 1213 1948 labeo

252 1991 315 2052 ρον,
339 1968 381 2046 ὥς
400 1967 560 2044 Ἀντίστιος
575 1969 707 2049 Λαβεών
758 1977 885 2042 tradidit,
900 1992 963 2031 cum
975 1975 1213 2050 πορορμοῖνλιοε·

252 2053 395 2157 ἱστόρηκε,
411 2065 464 2116 τοῦ
481 2063 637 2159 παρορμᾶν
655 2051 704 2162 ὁρ·
758 2061 817 2115 tari
837 2061 966 2128 dicatur,
989 2061 1055 2115 inde
1075 2065 1215 2134 tanquam

252 2135 316 2221 ια’ρι
342 2137 546 2234 λεμουμένοο,
564 2137 620 2216 τὴν
641 2133 706 2199 οἷον
756 2144 796 2198 ad
819 2143 893 2199 bona
912 2145 1078 2198 incitantem
1098 2149 1126 2198 et
1147 2145 1214 2200 iror-

251 2221 480 2327 ἐγκελευομένην
494 2215 566 2301 πρὸς
584 2246 618 2281 τοι
607 2219 705 2282 καλὰ
756 2232 863 2282 tantem
880 2227 961 2282 (leam
972 2226 1097 2282 Hortum
1109 2227 1214 2283 dictum

251 2329 302 2366 και
293 2306 514 2410 παρορμῶσαν
529 2303 614 2383 θεὸν,
628 2302 704 2384 ‘'·Oo
757 2309 959 2366 existimabant
1003 2317 1138 2380 oportere
1183 2318 1214 2367 ut

251 2412 307 2449 ταν
330 2386 533 2492 λεγομένην,
522 2387 618 2449 oi'orro
640 2389 706 2450 baio
756 2399 904 2449 actuosam
931 2408 1045 2464 semper
1065 2409 1214 2465 nunquam

252 2468 293 2544 ὡς
330 2468 501 2577 ἕνεργὸν’
483 2471 530 2532 αει
560 2471 704 2550 μηδέποτε
755 2477 902 2533 haesitare
945 2492 1037 2550 neque
1083 2480 1215 2535 clausurn

250 2553 373 2657 μέλλειν,
384 2551 452 2632 μηδ’
467 2551 705 2635 ἀποκεκλεῖσθαι,
757 2575 819 2616 esse
833 2575 925 2634 neque
940 2563 1045 2617 otiari?

250 2637 325 2716 μηδὲ
341 2635 501 2713 ε’λιννύειν;
517 2673 558 2685 —·
570 2643 705 2704 Plutarch.

252 2725 283 2794 Q.
299 2726 375 2782 Rom.
392 2725 441 2784 46.

314 2823 356 2884 at
380 2824 429 2892 Qui
451 2826 484 2882 dc
505 2827 610 2901 uirgine
626 2826 753 2901 capienda
767 2827 943 2900 scripserunt,
965 2843 1081 2901 quornm
1097 2827 1215 2901 diligen-
1235 2849 1237 2854 ·

252 2910 355 2966 tissime
377 2911 485 2982 scripsit
511 2910 598 2966 Labeo
618 2912 763 2975 Antistius,
787 2911 918 2966 minorem
944 2927 1024 2984 quam
1051 2927 1136 2967 annos
1156 2927 1216 2981 sex,

253 2995 381 3048 maiorem
404 3009 481 3066 quam
504 3011 589 3050 annos
605 2994 697 3050 alecem
713 3001 802 3048 natam
817 3003 986 3066 negauerunt
1002 2995 1058 3068 capi
1075 2993 1116 3050 ias
1137 3011 1216 3063 esse,

251 3077 314 3132 item
332 3092 398 3149 qnae
413 3093 468 3132 non
484 3078 520 3133 sit
534 3079 649 3150 patrima
665 3085 692 3133 et
707 3077 843 3145 matrima;
859 3079 924 3132 item
940 3094 1009 3171 quae
1025 3077 1119 3151 lingua
1134 3077 1218 3136 debili

251 3176 369 3216 sensurus
390 3161 495 3216 aurium
517 3160 654 3216 deminuta
681 3161 765 3216 aliaue
788 3177 840 3234 qua
861 3162 983 3234 corporis
1006 3160 1065 3218 labe
1086 3163 1219 3235 insignita

254 3283 455 3292 --.-———.—-·

321 3347 345 3414 1)
359 3347 416 3398 An:
429 3363 505 3412 prope
518 3349 626 3397 adusta?
644 3355 672 3397 ut
685 3347 749 3396 bace
758 3350 936 3411 pertinuerint
945 3351 982 3399 ad
991 3350 1113 3413 fulminis
1122 3353 1217 3414 empin-

251 3422 351 3470 tionem.
381 3419 418 3483 (if.
430 3420 472 3468 dre
484 3418 556 3483 Ῑμοο
575 3419 665 3482 Toseln
672 3432 699 3481 p
708 3429 754 3468 404.
778 3415 799 3484 ²)
815 3419 916 3468 Partim
931 3420 1040 3470 Mitileri
1052 3423 1217 3484 supptemen-

251 3492 354 3540 tisusus
368 3491 469 3553 reliquo
483 3504 550 3538 nunc
565 3487 614 3554 (ed.
625 3488 649 3553 ε)
663 3490 779 3552 paullum
793 3491 896 3539 mutavi
913 3490 951 3553 Os.
967 3489 1041 3541 Sero.
1056 3492 1098 3540 ad.
1115 3491 1182 3541 Aen.
1194 3504 1217 3556 s,

251 3571 283 3610 st.
298 3567 415 3623 etsupra
430 3559 462 3608 L.
478 3559 645 3609 Caesareme.
