2680 4112
269 214 333 278 162
705 227 791 263 ows-

267 354 407 423 positione
425 352 505 405 tanta
516 349 717 420 perspicuitate
731 349 760 402 et
771 348 882 402 dicendi
894 349 1072 417 simplicitate
1090 367 1156 404 usus
1168 353 1219 418 est,

266 425 299 474 ut
312 419 486 472 Herodotum
497 418 540 471 ius
551 431 665 470 narrare
678 415 804 483 opinere:
824 431 896 484 quae
912 432 956 470 res
968 433 1031 470 eum
1037 417 1141 536 lprimis
1153 419 1219 472 tiro-

266 505 334 540 num
353 486 460 539 animos
477 485 567 538 allicit
584 485 614 536 et
631 483 760 536 delectat.
795 481 875 546 Quod
892 499 960 536 vero
981 499 1037 552 neg
1049 487 1172 553 igentiae
1190 487 1220 538 in

266 553 433 622 quibusdam
456 553 599 604 incusatus
623 551 676 614 est,
700 548 804 618 partim
822 549 943 603 librariis
961 551 1054 618 potius
1071 551 1141 605 vitio
1158 569 1220 606 ver-

266 621 383 675 tendum
402 619 492 687 (velut
509 619 583 686 quod
602 615 677 669 hand
695 630 757 669 raro
781 618 877 669 contra
899 618 1084 684 grammatica
1101 619 1137 672 de
1156 634 1220 673 con·

266 689 408 742 secutione
435 687 491 738 tem
515 701 594 738 orum
620 684 773 752 praecepta
797 699 928 752 peccasse
954 684 1088 753 ridetur),
1115 687 1219 754 partim

268 754 351 808 aliter
361 769 481 808 excusan
503 769 550 804 um
560 753 612 805 est.
634 750 705 802 Nam
719 765 880 817 persuasum
892 751 961 803 mihi
974 752 1024 817 est,
1036 767 1092 806 non
1105 755 1221 807 cunctos

266 816 1010 952 etitatrahaatttttaa‘tltta
1024 819 1219 942 {stultit

266 956 336 1010 cisse
354 927 433 1008 velut
449 954 505 1006 ista
521 952 580 1006 fere
599 952 692 1004 aetate
710 950 883 1017 Polyaenum
906 953 1136 1071 strategematum
1154 955 1219 1007 scri-

265 1024 376 1092 ptorem
394 1020 569 1088 compertum
586 1019 731 1084 habemus)
750 1019 808 1070 sive
827 1018 903 1084 qnod
920 1019 980 1088 ipse
1014 1035 1046 1072 oc
1059 1021 1222 1074 adsueverit

265 1091 359 1143 faeere
377 1088 405 1140 in
423 1087 502 1140 libris
520 1085 708 1155 singularibus
726 1084 762 1137 ad
780 1084 902 1138 edictum
921 1086 1048 1152 edendis,
1067 1089 1125 1140 sive
1144 1088 1220 1156 quod

266 1155 424 1209 diffidentia
445 1153 583 1220 quaedam
606 1152 635 1204 in
657 1153 716 1204 tam
738 1167 811 1205 novo
829 1152 1011 1220 scriptionum
1034 1169 1136 1222 genere
1154 1171 1220 1208 eum

267 1223 444 1292 compulerit,
470 1222 504 1273 ut
524 1220 628 1272 iudicia
653 1219 796 1272 hominum
824 1219 1006 1287 experiretur.
1045 1221 1221 1289 Argumento

267 1292 359 1344 autem
373 1291 415 1341 est
424 1290 553 1356 primum,
567 1286 642 1355 quod
651 1286 804 1354 siprimum
814 1287 1046 1340 commentarium
1055 1303 1117 1340 oum
1126 1288 1221 1342 altero

267 1357 380 1410 demum
402 1355 557 1422 vulgasset,
580 1353 751 1406 mentionem
773 1353 950 1420 imperatoris
967 1353 1100 1406 Antonini
1118 1360 1142 1420 1,
1161 1361 1218 1408 102.

267 1427 403 1490 tanquam
415 1421 474 1472 vivi
485 1421 612 1473 habitam
623 1435 679 1473 non
686 1421 804 1538 (poterat
814 1421 843 1472 in
855 1419 913 1472 divi
926 1421 1219 1475 commemorationem

267 1506 324 1542 non
345 1489 464 1541 mutare.
500 1486 634 1540 Similiter
655 1487 684 1538 iu
706 1486 792 1539 icabis
814 1486 849 1540 de
871 1487 992 1540 secundo
1019 1490 1220 1542 commentario

266 1557 375 1611 ratione
392 1555 485 1620 tertii,
508 1554 537 1606 in
560 1557 732 1619 quo§.100.
755 1553 817 1619 ipse
838 1553 975 1606 rationem
997 1555 1094 1622 placiti
1116 1555 1221 1620 reddit,

287 1623 343 1675 uod
365 1628 394 1682 2,
416 1627 473 1675 232.
497 1637 552 1674 non
574 1621 698 1688 pretiosa
718 1621 827 1674 ratione
850 1622 995 1688 receptum
1017 1637 1078 1674 esse
1102 1621 1220 1677 dixerat.

267 1641 362 1744 taam
381 1688 415 1742 de
433 1687 604 1756 usucapione
622 1702 672 1756 pro
690 1687 793 1740 herede
812 1703 861 1740 suo
884 1689 914 1740 et
929 1689 1086 1743 necessario
1108 1689 1155 1742 vel
1171 1705 1220 1743 ne-

268 1755 390 1810 cessario
407 1755 511 1808 herede
530 1755 657 1822 extante,
681 1755 858 1807 controversa
874 1769 940 1807 sane
957 1754 1090 1820 materia,
1109 1753 1220 1810 diversa

267 1823 354 1877 tradit
376 1829 405 1888 2,
424 1827 465 1877 28.
489 1823 519 1875 et
536 1829 565 1885 3,
584 1828 656 1887 201.,
681 1823 713 1873 ut
734 1821 833 1889 postea
854 1822 992 1875 rationem
1014 1821 1112 1874 traditi
1132 1823 1162 1875 in
1185 1839 1221 1877 eo

266 1891 341 1944 male
359 1891 484 1959 posuisse
497 1889 634 1954 videatur,
673 1891 727 1942 uod
743 1889 899 1942 necessario
913 1889 1027 1944 extante
1039 1889 1109 1942 nihil
1121 1891 1222 1944 contra

268 1958 444 2012 voluntatem
461 1956 604 2010 testatoris
622 1971 656 2009 ex
689 1955 824 2008 ereditate
837 1955 947 2008 detrahi
960 1957 1068 2022 debeat,
1087 1955 1221 2024 idemque

267 2025 325 2079 sere
348 2025 423 2078 cadit
445 2023 474 2077 in
497 2023 645 2091 cognatam
668 2022 883 2076 controversiam
903 2022 984 2075 dein
1011 2023 1072 2076 iure
1095 2024 1221 2078 cessione

267 2091 433 2146 hereditatis
451 2090 560 2144 collatis
577 2096 601 2155 2,
621 2096 662 2144 37.
680 2091 709 2142 et
726 2096 750 2154 3,
769 2095 809 2143 87.
844 2089 951 2142 Deinde
975 2090 1059 2143 etiam
1083 2091 1220 2158 quasdam

267 2159 416 2224 materias,
439 2157 568 2210 velutin
589 2157 650 2209 iure
672 2157 824 2210 cessionem
845 2157 1010 2210 hereditatis
1033 2157 1221 2211 othonorum

267 2227 486 2296 possessionem,
512 2237 584 2290 quae
611 2225 722 2276 sinere
745 2223 828 2276 datur
850 2223 938 2300 (illam
961 2230 989 2288 2,
1011 2229 1120 2278 35-37.
1144 2227 1174 2278 et
1195 2231 1220 2290 3,

267 2295 387 2346 85-87.Ι
407 2292 479 2343 hano
491 2295 515 2353 2,
535 2295 601 2342 151⁸.
614 2292 644 2342 et
655 2297 678 2354 3,
692 2296 811 2355 35-3‘1),
821 2290 872 2350 bis
891 2292 919 2343 et
931 2292 1040 2343 tautum
1052 2306 1108 2344 nou
1120 2291 1220 2346 iisdem

268 2359 363 2412 verbis
381 2357 440 2410 sine
459 2356 543 2409 dnbio
561 2371 616 2408 non
635 2357 821 2425 explicuisset,
839 2357 888 2410 sed
905 2373 972 2421 rem,
990 2360 1023 2410 ut
1040 2358 1109 2410 alias
1127 2357 1221 2412 facere

269 2425 354 2491 solet,
389 2423 558 2476 remittendo
583 2422 717 2477 lectorem
745 2424 924 2492 expediisset,
953 2425 1007 2477 nisi
1033 2441 1096 2478 cnm
1144 2427 1222 2479 osten

269 2491 362 2560 aptius
379 2491 451 2544 hanc
468 2489 615 2551 materiam
633 2491 662 2543 in
675 2505 775 2546 comm.
787 2491 837 2543 111.
856 2492 943 2544 tradit
953 2442 1145 2557 intellexisset,
1164 2492 1274 2560 iemps]

268 2559 399 2612 manibus
426 2557 536 2635 elapsus
563 2558 635 2610 esset
661 2573 761 2610 comm.
785 2557 832 2623 IL,
860 2559 892 2610 ut
913 2558 1051 2627 corrigere
1074 2575 1138 2612 eum
1164 2576 1222 2613 non

291 2627 372 2679 osset.
407 2623 535 2692 Demque
554 2631 578 2689 3,
596 2629 637 2678 56.
655 2640 714 2678 rem
734 2631 756 2690 1,
774 2630 815 2682 22.
835 2627 988 2692 expositam
1005 2627 1064 2679 tam
1081 2626 1146 2690 late,
1164 2627 1222 2680 imo

269 2643 354 2746 tatius
371 2692 489 2759 repetit,
513 2707 598 2758 quam
619 2707 675 2744 non
693 2691 805 2758 poterat
826 2692 867 2744 ita
888 2691 1023 2758 scribens,
1046 2694 1077 2745 ut
1097 2692 1224 2746 lectore

270 2854 293 2901 in
309 2853 408 2900 formam
423 2851 510 2900 indicis
524 2847 644 2900 redactas’
657 2851 728 2899 multa
743 2865 795 2899 cum
811 2858 861 2899 arte
872 2853 975 2900 coniecit
985 2852 1141 2914 lloeclingins
1152 2867 1224 2901 snae-

269 2936 314 2986 que
330 2923 382 2971 Gaii
402 2922 500 2970 editioni
519 2922 548 2970 ad
569 2921 658 2970 calcem
673 2921 767 2970 adiecit.
821 2919 840 2984 ¹)
855 2921 916 2970 Sane
932 2935 1007 2984 nuper
1016 2923 1168 2972 Polenaarius
1184 2924 1223 2972 ed.

269 3007 325 3041 suae
340 3008 363 3056 p.
379 3003 426 3042 aaa.
442 2993 485 3040 has
499 2993 539 3054 ἐξ.
553 3000 579 3040 ut
593 2992 686 3055 spurias
702 2992 785 3049 eiecit,
805 2992 904 3040 maxime
919 3004 940 3050 2,
955 3003 987 3042 98.
1004 3000 1140 3054 argumento
1156 3008 1223 3042 usus.

269 3063 316 3111 Sed
331 3070 356 3110 ut
370 3063 471 3112 cessicia
486 3055 557 3111 tutela
573 3077 619 3111 non
634 3069 723 3110 tantum
739 3061 783 3109 sub
797 3061 902 3124 speciem
917 3063 1035 3124 legitimae
1050 3063 1137 3112 tutelae
1151 3064 1224 3121 eadit,

269 3133 312 3181 sed
326 3134 397 3182 etiam
411 3141 437 3182 ut
450 3133 547 3197 propria
562 3133 648 3180 tutelae
664 3133 770 3194 species,
786 3147 845 3195 qnae
860 3133 969 3182 cessione
984 3133 1096 3192 defertur,
1111 3134 1225 3182 conside-

268 3204 316 3252 rari
332 3210 418 3267 potest,
438 3205 469 3252 ita
485 3204 555 3252 ctiam
570 3203 599 3251 de
614 3203 637 3250 in
652 3203 703 3250 iure
722 3203 829 3251 cessione
844 3203 982 3252 hereditatis
998 3203 1156 3252 diversimode
1170 3211 1226 3267 pot·

269 3281 306 3322 est
320 3275 429 3324 indicari.
458 3274 499 3323 llle
514 3274 565 3336 ipse
580 3287 635 3320 vero
650 3273 748 3321 secundi
763 3273 816 3322 libri
831 3273 897 3322 locus
914 3275 984 3321 etiam
1000 3273 1131 3322 evidentius
1147 3275 1227 3336 arguit

269 3345 306 3403 id,
326 3345 389 3408 quod
403 3345 432 3394 de
447 3345 538 3393 ratione
558 3343 619 3392 inter
638 3357 690 3391 enm
710 3349 734 3391 et
752 3344 845 3392 tertium
865 3344 950 3392 librum
970 3345 1132 3393 intercedente
1153 3359 1226 3408 snpra

269 3417 402 3464 statuimus.
432 3415 567 3476 Quanquam
583 3412 654 3461 Gaius
669 3415 738 3462 nimis
753 3415 865 3462 molestos
880 3422 935 3478 post
948 3425 969 3476 2,
980 3425 1013 3465 98.
1034 3416 1115 3463 mutati
1130 3414 1226 3464 consilii

269 3486 442 3533 obtrectatores
458 3499 486 3531 eo
501 3484 571 3531 etiam
586 3483 688 3533 refutare
698 3492 798 3549 poterat,
814 3485 876 3550 quod
886 3485 994 3534 cessione
1006 3500 1099 3549 quoque
1112 3482 1227 3534 ‘heredes

269 3555 341 3603 alicui
355 3551 459 3603 flamus’.
