2680 4112
565 283 592 318 ii.
611 280 740 318 vuumvs
759 280 865 318 PBOBVE.

570 411 641 464 iusta
656 425 734 464 ceusu
750 423 809 463 esse
824 406 961 462 uidebitur

571 507 626 548 non
641 491 787 548 calumniae
802 485 882 547 cause

239 576 302 633 Μ.
570 575 713 632 consilium
728 576 799 648 cepit
813 574 857 630 uei
872 591 952 630 eausa
967 567 1094 648 cognite¹

239 660 267 716 i.
276 659 303 717 C.
569 658 694 715 fraudare
708 658 856 715 creditores
873 657 917 714 uel
932 656 1045 713 fiduciae
1060 674 1139 714 causa
1153 656 1201 715 uei

610 742 846 798 fideicommissum

238 827 304 885 Pu.
568 819 691 899 ²pactum
712 833 878 882 conuentum
900 824 945 881 uel
965 826 1077 898 pecunia
1098 826 1202 881 consti·

609 917 667 964 tute

239 995 266 1054 C,
275 993 305 1049 V.
567 1001 675 1048 centum
690 984 799 1047 uirum³

239 1078 304 1138 ssi.
314 1081 345 1135 Α.
567 1075 626 1132 siue
641 1076 741 1131 tutoris
757 1077 918 1132 auctoritate

240 1163 306 1219 id.
567 1167 660 1216 tutore
675 1168 785 1214 auctore

240 1244 306 1302 RE.
319 1245 348 1300 Ι).
569 1243 669 1299 iactum
685 1259 745 1300 esse
760 1241 864 1299 dicetur

239 1329 271 1384 H.
280 1328 307 1384 S.
570 1327 635 1382 haec
650 1319 709 1382 sic⁴

240 1411 306 1479 ui.
571 1409 794 1483 quemadmodum

240 1494 309 1562 Odi.
571 1493 721 1566 quomodo
737 1493 782 1549 uel
798 1511 853 1566 quo
868 1495 955 1567 magis

239 1575 377 1636 P.P.L.V.
566 1593 615 1650 pro
631 1575 728 1648 praede
742 1575 798 1632 litis
813 1577 988 1633 uindiciurum

239 1661 293 1718 is.
568 1655 743 1715 'iudicatum5
759 1659 830 1716 solui
1210 1674 1262 1722 [rii
1326 1703 1327 1708 ,

240 1743 460 1804 'B.E.E.P.P.V.
470 1743 500 1812 Q.
510 1743 539 1799 P.
566 1742 649 1798 'boue
665 1759 696 1796 ex
711 1743 799 1799 edicto
821 1743 976 1815 (possideri
987 1745 1135 1814 proscribi
1148 1759 1202 1801 ne-

281 1828 311 1884 P.
320 1829 338 1884 i.
609 1830 729 1900 nireque
742 1843 797 1898 pro
810 1832 943 1900 portione
957 1820 1090 1903 iubebo)⁶

302 1923 331 1986 6.
360 1926 406 2003 (In
419 1932 493 1986 iuris
508 1931 601 1986 ciuilis
615 1928 698 1983 libris
712 1919 845 1998 narce.)⁷

239 2028 297 2086 LE.
566 2027 647 2085 iudex
663 2037 722 2083 esto

238 2113 305 2170 its,
566 2113 765 2185 reciperatores
781 2118 862 2168 sunto

239 2196 267 2253 Ε.
275 2197 305 2252 ii.
314 2199 344 2254 Α.
567 2211 597 2252 ea
612 2211 656 2250 res
672 2187 802 2267 'agutur⁸

239 2279 269 2346 Q.
279 2279 382 2341 iiiii.
567 2295 620 2350 qua
635 2277 668 2332 de
683 2294 713 2332 re
728 2279 817 2350 egitur

238 2363 269 2418 N.
277 2362 307 2417 N.
565 2359 706 2416 Numerius
721 2357 851 2434 Negidius

239 2442 344 2504 0.E.R.
567 2443 602 2498 ob
618 2459 675 2498 eam
690 2460 752 2498 rem

239 2527 306 2585 0.0.
568 2534 677 2598 oportet
692 2526 829 2599 oportebit

239 2609 388 2666 O.E.F.B.
569 2603 696 2682 oportet⁹
714 2626 752 2666 erc
768 2608 820 2666 fide
835 2610 904 2668 bona

239 2707 439 2716 —-—

310 2745 331 2812 ¹)
349 2747 419 2808 Quae
432 2749 460 2798 in
468 2747 500 2797 B.
514 2759 549 2798 42.
560 2748 698 2811 posthaec
712 2749 738 2796 in
754 2749 804 2797 ima
814 2750 914 2813 popina
929 2765 1005 2798 mann
1019 2749 1053 2799 ΙΙ
1062 2749 1203 2813 adscripta

238 2824 359 2884 tepnntnr
369 2817 466 2867 iuiu-
477 2819 652 2868 iudiiiumdebo
663 2817 795 2866 iurisdictio
805 2819 923 2867 etim-ii·
933 2819 996 2869 bona
1005 2834 1067 2870 exre
1078 2820 1205 2869 uidentur

237 2904 272 2938 ex
292 2888 471 2952 superioribus
485 2891 553 2938 notis
566 2889 612 2937 idi.
630 2889 634 2953 Ι
651 2887 697 2936 id).
715 2887 719 2950 Ι
735 2887 820 2944 uli-ii·
835 2895 881 2937 etc.
898 2897 1024 2954 corrupta
1041 2897 1065 2939 et
1078 2892 1201 2954 repetita.

240 2956 259 3024 2)
274 2956 347 3020 ana
350 2961 470 3023 plerique
482 2959 543 3008 Gdd.
554 2965 578 3008 et
590 2959 629 3007 ed.
639 2958 787 3022 praefipnnt
801 2957 833 3008 ab
848 2959 932 3008 edicto
938 2962 1073 3022 praetoris
1087 2962 1203 3010 alienam

237 3036 317 3092 putres
332 3029 471 3092 conscripti,
486 3031 554 3078 velut
573 3029 794 3091 interpolationem
809 3030 881 3078 eieci.
921 3025 942 3093 8)
956 3031 994 3078 uei
1009 3031 1137 3080 clarissimi
1152 3031 1204 3079 uiri

237 3099 337 3147 addunt
352 3098 414 3147 oda.
431 3099 471 3147 ed.
500 3097 522 3163 ⁴)
536 3099 574 3146 uel
591 3100 648 3146 imre
664 3098 767 3146 secunda
782 3099 881 3146 addunt
897 3098 958 3148 cdd.
974 3101 1013 3150 ed.
1052 3098 1073 3166 ⁶)
1085 3101 1202 3150 iudicium

239 3169 301 3218 Cdd.
316 3175 341 3218 et
355 3169 395 3216 ed.
411 3167 474 3218 Posi
488 3168 555 3217 lianc
569 3175 652 3218 notam
668 3167 704 3216 M.
720 3168 793 3216 addit
807 3167 832 3218 C.
849 3169 876 3216 E.
893 3169 920 3216 ii.
933 3171 1084 3220 convinctum
1094 3185 1147 3219 esse
1162 3171 1202 3219 di·

237 3247 305 3287 cetur
314 3245 339 3288 et
352 3239 382 3287 id.
395 3237 421 3290 F.
429 3238 454 3286 P.
466 3238 540 3286 maiae
550 3238 605 3286 fidei
615 3251 748 3302 possessor.
788 3234 809 3302 fl)
819 3237 935 3288 Alteram
945 3240 969 3290 P.
980 3239 1004 3288 P.
1014 3242 1042 3289 in
1053 3239 1142 3290 Mones.
1158 3241 1201 3290 eci.

212 3322 214 3326 ·
238 3310 365 3371 amissum,
381 3308 449 3373 qnod
462 3309 578 3370 ereptioni
592 3323 636 3371 pro
651 3307 768 3369 portione,
781 3307 874 3357 habent
884 3316 981 3358 tanturn
992 3309 1024 3359 Α.
1035 3317 1060 3359 et
1069 3311 1174 3360 Marna.
1191 3311 1201 3359 i

236 3381 308 3429 sadus
322 3378 354 3428 E.
385 3375 406 3444 π)
421 3377 466 3426 Aa
478 3379 669 3428 similitudinem
683 3377 789 3426 exordii
799 3379 838 3438 §5-
852 3390 873 3428 4.
887 3385 911 3427 et
925 3389 945 3429 5.
958 3381 1036 3442 finxi.
1067 3381 1203 3430 Caeterum

237 3466 302 3513 qnae
312 3456 455 3514 sequnntur
464 3447 553 3497 deberi
561 3449 648 3498 codici
657 3447 826 3506 Einridiensi,
835 3449 862 3496 in
868 3449 1037 3511 praefatione
1047 3451 1144 3500 dictum
1154 3458 1203 3500 ert.

238 3516 259 3583 ⁸)
274 3521 351 3581 agitur
368 3519 411 3568 Cd.
431 3519 470 3568 ed.
493 3518 531 3581 Cf.
550 3517 606 3568 Gai.
629 3529 652 3579 4,
672 3529 718 3568 1³1.
762 3512 919 3581 ⁹)oporiebit
932 3518 964 3567 E.
980 3520 1020 3569 ed.
1040 3520 1077 3570 At
1090 3522 1204 3570 intentio
1224 3535 1226 3540 ·

235 3603 334 3651 seraper
348 3590 380 3638 de
390 3589 525 3652 praesenti
539 3595 651 3651 tempore
665 3587 819 3649 concipitur.
