2692 4114
409 254 476 288 rvcu
493 253 588 289 ravum
607 254 677 290 sunu.
696 235 729 290 V.
749 242 774 294 8.
789 243 813 291 9.
1027 239 1089 304 539

139 391 167 440 et
178 383 338 456 appellatae,
350 383 422 456 quod
434 399 483 457 per
493 400 538 440 eas
550 382 659 439 firmitas
672 383 866 458 obligationum
878 387 1090 459 constringitur3

140 467 270 540 stipulum
286 468 356 522 enim
372 475 480 522 ueteres
497 465 602 522 firmum
618 467 832 542 appellauerunt.
870 466 899 526 2.
924 462 1091 526 ¹Vcrborum

141 551 271 625 obligatio
286 551 358 606 inter
372 560 543 623 praesentes,
567 567 622 608 non
637 553 716 606 etiam
730 553 802 607 inter
816 550 940 608 absentes
957 553 1092 610 contrahi·

140 644 194 692 tur.
229 632 331 701 Quodsi
345 635 476 708 scriptum
491 635 572 691 luerit
587 637 777 706 instrumento,
793 637 950 708 promisisse
965 637 1091 709 aliquem,

139 718 252 792 perinde
267 717 382 773 habetur
403 726 484 792 atque
505 721 528 774 si
549 720 762 792 interrogatione
780 719 959 792 praecedente
980 736 1092 793 respon·

139 803 259 858 sumsit.

267 879 310 962 [L.
327 883 387 943 136
399 903 449 958 pr.
465 886 494 958 S.
512 885 539 943 1.
562 886 598 943 D.
615 887 650 942 de
666 887 743 942 verb.
761 887 815 942 obl.
832 880 896 961 (45,
916 879 971 963 1).]

202 966 232 1026 8.
255 963 450 1026 ²l'ructuarius
473 985 571 1026 seruus
594 971 617 1024 si
640 970 703 1041 quid
726 986 759 1026 ex
780 985 810 1026 re
832 969 971 1026 fructuarii
993 978 1040 1027 aut
1060 987 1094 1027 ex

138 1055 230 1127 operis
246 1054 302 1110 suis
318 1054 443 1126 acquirit,
459 1052 491 1109 ad
506 1053 683 1110 iructuarium
698 1055 826 1126 pertinet.
861 1053 987 1126 quicquid
1004 1063 1093 1110 autem

139 1135 246 1192 aliunde
269 1135 314 1192 uel
335 1153 368 1194 ex
387 1153 417 1194 re
440 1138 610 1211 proprietarii
633 1139 763 1208 acquirit,
786 1136 896 1193 domino
919 1139 1092 1211 proprietatis

140 1222 264 1294 acquirit.
309 1217 338 1278 4.
363 1213 445 1277 ³Gum
469 1220 540 1277 lacto
562 1222 735 1294 promissoris
757 1236 800 1276 res
823 1222 851 1276 iu
873 1221 1031 1294 stipulatum
1047 1222 1093 1278 de·

140 1303 220 1359 ducta
234 1304 387 1374 intercidit,
406 1305 516 1378 perinde
534 1306 578 1378 agi
598 1319 630 1360 er
645 1304 777 1377 stipulatu
799 1312 890 1377 potest
905 1321 935 1362 ac
957 1305 981 1360 si
996 1322 1027 1361 ea
1049 1322 1092 1362 res

141 1395 268 1446 exstaret.
310 1387 370 1443 ideo
390 1390 538 1462 promissor
553 1389 738 1444 aestimatione
758 1389 816 1444 eius
832 1389 960 1460 punitur,
981 1391 1093 1446 maxime

139 1471 164 1526 si
178 1470 207 1526 iu
221 1469 314 1526 dolum
330 1487 438 1545 quoque
453 1473 510 1528 elus
524 1481 656 1546 concepta
671 1471 753 1528 luerit
771 1471 920 1545 stipulatio.

377 1659 439 1702 rt'r.
455 1659 524 1702 Vlll.
554 1659 597 1700 Du
612 1657 854 1704 uovnmounrvs,

202 1757 225 1818 l.
250 1754 330 1818 4Νοιι
351 1762 440 1819 solum
462 1779 512 1836 per
533 1769 641 1818 nosmet
664 1763 740 1836 ipsos
762 1777 904 1834 nouamus,
927 1763 1000 1834 quod
1016 1763 1093 1820 nobis

137 1844 267 1916 debetur,
291 1845 339 1902 sed
360 1862 410 1919 per
433 1863 480 1902 eos
503 1847 598 1917 etiam,
628 1861 677 1920 per
698 1861 768 1918 quos
791 1846 914 1918 stipulari
937 1863 1092 1920 possumus,

141 1929 225 1984 ueluti
247 1944 296 2002 per
317 1928 516 1985 filiumfamilias
539 1929 582 1984 uel
605 1945 722 2000 seruum,
747 1928 864 1984 iubendo
886 1928 929 1984 uel
945 1939 1032 1986 ratum
1047 1931 1093 1988 ha·

139 2009 240 2067 hendo.
277 2011 439 2067 Procurator
461 2028 569 2088 quoque
589 2021 683 2070 noster
704 2029 737 2068 es
751 2014 828 2068 iussu
842 2021 938 2069 nostro
954 2022 1093 2088 receptum

139 2102 184 2150 est
199 2101 229 2150 ut
243 2109 345 2150 nouare
360 2097 457 2168 possit.
484 2116 487 2120 ·

247 2279 311 2321 usu.
327 2279 368 2320 rx.
397 2283 439 2322 nu
455 2281 732 2326 surerunrronrsvs
748 2263 987 2344 ’lermoroerrsp5

204 2380 228 2445 1.
251 2375 437 2440 ⁰Substitutus
460 2384 538 2441 lieres
561 2384 593 2442 ab
619 2387 761 2458 instituto,
791 2390 835 2462 qui
859 2387 909 2444 sub
932 2387 1091 2446 condicione

139 2469 258 2541 scriptus
280 2475 332 2535 est,
355 2467 457 2525 utiliter
478 2469 528 2525 sibi
550 2472 705 2526 institutum
728 2472 777 2528 hac
798 2472 973 2544 stipulatione
996 2489 1092 2529 cauere

68 2543 318 2626 tomu’compellit,⁷
340 2567 374 2608 ne
396 2553 479 2625 petita
500 2553 634 2610 bonorum
657 2557 829 2626 possessione
851 2571 895 2610 res
919 2556 1093 2612 hereditarias

142 2635 292 2691 deminuat:
315 2635 367 2692 hoc
388 2637 459 2692 euim
481 2631 564 2694 casu8
593 2653 625 2694 ex
647 2637 691 2693 die
712 2639 888 2711 interpositae
910 2639 1093 2712 stipulationis

9 2773 11 2868 (
214 2801 234 2870 ¹)
252 2803 442 2867 Cfi§§.12.1t.
466 2804 489 2855 Ι.
509 2807 540 2855 de
559 2807 642 2854 inurit.
662 2805 831 2872 ctip.(s,1o).
906 2804 927 2874 ²)
944 2809 981 2872 Of.
1000 2808 1056 2858 Gai.
1071 2821 1093 2867 e,

9 2871 10 2878 ’
140 2885 187 2927 tot.
202 2883 250 2926 lta.
302 2871 322 2940 ³)
341 2875 378 2937 Of.
394 2875 426 2924 L.
441 2885 474 2926 att.
494 2876 526 2926 L.
542 2888 566 2926 et
577 2891 621 2939 pr.
641 2876 674 2925 D.
689 2877 720 2926 de
735 2875 803 2926 verb.
818 2876 867 2926 obi.
883 2876 927 2943 (45,
943 2878 974 2945 1).

214 2944 262 3000 Iit.
283 2945 358 2994 VIII.
397 2943 419 3010 ⁴)
436 2945 473 3008 Cf.
489 2946 520 2994 L.
532 2958 565 2998 16.
577 2958 603 2996 et)
613 2961 657 3010 pr.
676 2947 708 2995 L.
719 2959 753 2999 28.
764 2957 797 2998 2³.
817 2947 849 2996 D.
865 2949 896 2998 de
911 2957 995 2999 nouat.
1006 2947 1050 3014 (td,
1061 2947 1092 3014 a).

215 3014 263 3064 Tit.
278 3015 331 3064 IX.
370 3013 390 3080 ⁶)
405 3015 464 3065 Hoc
478 3016 623 3066 addendum
637 3025 754 3080 apparet.
819 3015 841 3083 6)
858 3019 896 3082 Cf.
910 3019 942 3068 L.
958 3031 991 3070 12.
1007 3031 1040 3070 ts.
1060 3020 1092 3068 D.

139 3087 185 3150 qui
198 3085 289 3134 sotisd.
305 3101 360 3150 cog.
377 3083 450 3152 (me).
469 3085 502 3135 L.
512 3098 525 3138 e
535 3102 578 3150 pr.
597 3087 630 3136 D.
645 3087 677 3136 de
690 3090 751 3148 stip.
762 3095 848 3151 praet.
859 3087 904 3154 (46,
914 3089 946 3154 ὅ).
999 3087 1020 3154 ²)
1035 3089 1093 3139 Hoc

135 3157 236 3220 foetum
253 3157 373 3219 suspicor
391 3145 508 3218 coepelat
525 3154 662 3222 (postulat),
681 3153 702 3210 ι’,
718 3157 792 3224 (com)
808 3174 842 3210 ex
855 3161 963 3218 cauerie,
979 3166 1007 3208 ut
1022 3160 1093 3222 forte

137 3228 263 3290 scriptum
277 3232 343 3284 erat,
353 3227 489 3290 praeliare,
504 3228 580 3291 idque
594 3227 722 3290 effecisse,
742 3236 840 3292 etpost
853 3230 898 3278 sibi
914 3231 1093 3278 Inculcaretur

139 3297 281 3358 institutum,
295 3297 364 3360 quod
376 3298 437 3346 olim
451 3297 572 3346 institutus
581 3299 713 3362 scriptum,
729 3306 756 3348 ot
765 3299 840 3348 dohet
851 3299 894 3347 Cd.
905 3310 949 3356 eo,
960 3305 1021 3361 post
1035 3313 1092 3347 casu

138 3365 231 3432 (obtin
241 3367 329 3418 Cdto.
340 3367 411 3416 estin
425 3365 474 3432 die)
485 3367 614 3417 excidisse
624 3375 696 3431 puto,
708 3376 733 3418 et
745 3368 905 3418 scriberetur
915 3382 1009 3418 cauere.
1038 3365 1092 3416 Ita·

138 3451 188 3500 que
202 3439 272 3501 tego:
291 3437 338 3485 sibi
358 3437 402 3485 hec
420 3437 476 3499 stip.
498 3452 583 3486 cauere
599 3439 714 3500 postulat:
733 3447 758 3488 et
772 3445 879 3501 postem
897 3439 942 3486 lroc
957 3439 1020 3486 enim
1035 3453 1093 3488 casu
1115 3467 1125 3487 2

139 3507 261 3556 institutus
276 3521 304 3555 ox
319 3507 356 3555 die
371 3514 417 3556 ete.
446 3507 503 3556 Atii
516 3509 601 3557 delent
615 3509 644 3556 ab
659 3516 718 3558 ante
733 3509 847 3558 instituto.
910 3505 931 3574 ⁸)
946 3509 963 3556 ι’.
978 3522 999 3556 e.
1014 3509 1038 3558 ei
1053 3509 1091 3558 io·

137 3577 244 3626 stitutus
256 3591 300 3626 ree
312 3577 487 3627 hereditarias
500 3579 637 3628 densiorem.
