2680 4118
254 207 257 214 .
280 149 339 212 724
519 167 616 203 nuos.
636 167 688 204 rvr.
707 168 770 204 sou.
790 168 847 205 vnn.
868 157 981 206 nti-35.

277 294 399 361 militem,
421 298 471 353 eui
490 313 508 352 a
529 301 616 367 patre
636 295 737 368 infans
758 299 949 368 uenditasse,
971 301 1143 371 inpenuitati
1164 305 1237 355 tuac

277 380 465 435 controuersia
481 380 593 450 moueri,
609 381 854 438 constitutionibus
867 385 1030 454 principum
1046 389 1162 439 cautum
1177 391 1235 440 est.

278 504 284 518 .
303 503 309 517 .
327 505 333 518 .
350 503 356 516 .
373 466 433 535 ipso
449 465 518 538 Aug.
535 458 728 523 lll.consule.¹

179 535 269 616 fflfi,
340 541 388 605 28.
413 547 581 604 Alexander
595 547 668 620 Aup.
686 587 692 601 .
711 589 717 602 .
735 589 741 601 .
765 541 816 604 ²Sr'
830 549 880 604 tibi
893 555 992 604 certae
1002 563 1148 620 personae
1162 565 1235 606 uen-

278 629 424 686 dendcrum
438 632 641 704 possessionum
665 633 711 687 uel
733 634 1016 705 oppipnerandarum
1029 635 1194 690 mandatum
1213 651 1233 690 α

277 715 387 770 domino
404 716 501 770 datum
516 719 568 784 est,
584 715 633 770 ulii
647 729 736 787 neque
751 715 932 786 ellenricus,
947 731 1036 789 neque
1048 719 1164 789 pipnori
1178 718 1234 790 bp-

276 799 454 871 potbecaeue
464 800 537 854 dare
548 805 628 853 recte
635 802 762 870 potuisti.
779 798 907 871 Agricola
916 807 943 855 et
951 799 1118 856 Clementiae
1128 793 1234 859 conss.³

170 878 267 959 fflffill·
338 877 388 942 29.
489 875 691 938 ⁴Praediorum
716 885 834 938 minoris
853 877 993 956 quondum
1017 883 1153 939 Sabiniani
1174 899 1232 940 non

277 967 399 1039 oportuit
419 972 483 1040 post
505 965 698 1037 interpositum
720 967 865 1021 decretum
880 983 898 1020 a
920 969 1105 1024 curatoribus
1116 967 1232 1039 factam

275 1051 463 1106 uenditionem
485 1052 514 1105 in
536 1049 648 1105 dubium
670 1050 773 1105 uocari.
816 1044 1032 1123 ’praeproperel
1060 1052 1146 1124 igitur
1167 1067 1232 1125 pro·

276 1141 385 1188 curator
407 1147 486 1190 meus
503 1139 627 1204 propter
649 1134 758 1204 debita,
787 1147 862 1206 quae
884 1133 1060 1190 Sabinianus
1080 1138 1233 1191 contraxit

276 1231 315 1271 ea
329 1223 397 1272 actu
408 1216 523 1272 rationis
535 1231 619 1288 meae,
633 1218 820 1289 possessiones
831 1220 897 1274 illas
906 1220 1090 1289 inquietauit:
1106 1235 1232 1290 quarum

274 1315 338 1354 cnm
354 1301 393 1355 ad
406 1305 434 1356 te
449 1303 597 1356 transierit
611 1301 770 1370 dominium,
786 1315 836 1356 nec
851 1308 958 1373 emptor
971 1301 1118 1374 ignorabit,
1138 1316 1170 1358 se
1185 1309 1230 1357 tu·

275 1388 333 1438 tum
353 1381 429 1453 fore,
453 1398 512 1438 rein
536 1385 635 1440 edocto
656 1382 792 1454 praeside
811 1388 994 1456 prouinciae,
1017 1403 1035 1440 a
1056 1402 1112 1457 quo
1134 1385 1231 1442 ordine

275 1465 407 1528 audietur,
434 1464 552 1521 renai.
570 1507 577 1521 .
596 1509 602 1522 .
620 1507 626 1521 .
645 1509 674 1522 ..

169 1543 264 1622 ἦξῧξρ,
336 1545 388 1606 80.
412 1543 602 1607 ⁶Aureiianns
616 1553 688 1622 Aup.
705 1593 711 1606 .
730 1590 761 1606 ..
784 1550 815 1606 Si
832 1552 956 1622 praedii,
980 1553 1016 1607 de
1036 1569 1091 1624 quo
1114 1559 1229 1610 contro-

209 1635 212 1642 '
273 1637 372 1690 uersia
389 1641 431 1690 est
445 1637 521 1690 inter
536 1633 608 1704 'uos‚
622 1627 674 1688 ite⁷
696 1635 723 1688 in
737 1635 911 1706 possessione
926 1634 1013 1704 inisti,
1034 1639 1066 1692 ut
1078 1640 1228 1708 proponis,

275 1725 301 1773 et
317 1719 353 1774 ab
368 1733 410 1786 eo,
427 1721 476 1774 cui
489 1719 520 1774 id
532 1719 694 1788 uendidisti,
710 1721 740 1773 ui
754 1731 792 1772 en
805 1733 837 1775 eo
851 1718 972 1774 deiectos
987 1719 1126 1785 inueniris,
1142 1721 1165 1774 is
1177 1721 1229 1775 erit

273 1804 420 1858 interdicti
434 1808 564 1873 euentus,
580 1807 611 1857 ut
626 1804 798 1872 restituere,
821 1816 903 1874 queue
914 1816 1038 1873 praeses
1056 1805 1228 1874 prouinciae

273 1900 301 1946 u.
317 1901 342 1942 c.
357 1902 408 1960 pro
425 1903 475 1942 sua
489 1886 624 1957 aequitate
639 1883 672 1941 nd
687 1883 812 1940 ellectum
829 1887 992 1955 perducere
1006 1903 1064 1942 nou
1080 1886 1227 1942 cunctabi-

274 1975 323 2026 tur
339 2011 443 2026 .....
460 1960 651 2025 Αυνθίἰεησεῑ
666 1967 747 2024 Bisso
762 1961 867 2024 conss.⁸
884 1995 890 2006 ·

167 2047 264 2130 mffir'
335 2049 371 2110 31
373 2092 475 2114 .....
492 2053 638 2108 carissime
665 2051 751 2108 nobis.
796 2052 883 2107 'lenes
910 2052 1074 2126 tequidem
1097 2093 1227 2110 ......

206 2205 209 2211 ¹
274 2138 383 2194 dissime
398 2145 427 2192 et
440 2137 503 2193 lites
519 2135 621 2190 dirimis
638 2179 766 2197 ......
781 2143 839 2190 tum
855 2136 965 2192 statutis
980 2138 1034 2191 tuis
1050 2151 1105 2191 non
1119 2151 1153 2192 cn
1169 2177 1177 2192 .
1193 2175 1200 2190 .
1218 2178 1226 2193 .

275 2262 305 2278 ..
323 2237 361 2278 .e
382 2221 512 2294 incipient
533 2219 672 2275 discedere
688 2259 819 2275 ......
839 2220 978 2275 diuersum
994 2228 1123 2276 euentum
1146 2213 1228 2275 'see-⁹

275 2346 402 2362 ......
418 2302 584 2378 litigabitur,
598 2302 720 2358 insidunt
734 2319 783 2375 por
799 2343 806 2358 .
825 2342 832 2358 .
852 2343 859 2358 .
878 2347 884 2359 .
903 2346 910 2360 .
927 2348 933 2362 .
950 2319 969 2357 u
982 2311 1012 2358 et
1026 2305 1228 2376 interpretatio·

274 2405 335 2444 nem
356 2388 489 2443 diuersam
506 2425 631 2440 ......
651 2393 707 2456 est,
730 2402 785 2440 non
807 2387 913 2441 censui:
937 2388 1014 2459 quasi
1035 2402 1102 2443 nero
1124 2387 1152 2442 in
1174 2379 1226 2465 eal

561 2462 681 2533 [Aliquot
693 2467 809 2530 popinae
826 2463 939 2534 desunt]

169 2538 267 2612 [s]se.b.
335 2535 386 2596 32.
403 2579 410 2595 .
428 2577 436 2595 .
454 2579 460 2594 .
478 2537 565 2593 aditus
580 2547 738 2610 competens
753 2539 840 2610 iudex,
857 2541 1028 2596 considerato
1043 2539 1146 2596 tutelae
1159 2539 1227 2595 iudi·

176 2608 259 2692 W}
275 2625 328 2696 cio,
343 2639 401 2681 enm
416 2620 521 2678 curabit
536 2621 607 2680 ierne
622 2624 792 2692 sententiam,
817 2639 895 2695 quarn
911 2625 1029 2696 agnitam
1047 2623 1152 2698 legibus
1168 2639 1228 2679 esse

174 2691 262 2737 arniti-
273 2707 435 2782 prouiderit.
461 2705 511 2762 ΡΡ.
528 2705 581 2764 llll.
598 2705 651 2762 lral.
665 2705 740 2780 Sept.
753 2705 929 2762 Constantino
945 2706 1083 2764 ctLiainio
1093 2709 1184 2781 legg.
1196 2706 1225 2762 ll.
1237 2723 1293 2772 [ore]

368 2785 393 2826 ro

240 2839 243 2846 Δ
273 2808 386 2934 cwig-3·
408 2866 554 2946 (Iidem)¹1
574 2875 644 2947 Aug.
661 2881 689 2928 ot
704 2871 792 2928 Gaess.
808 2871 922 2929 Rutiliae
937 2873 1050 2931 Primae.
1092 2875 1227 2948 ingenuos

349 3013 369 3083 ¹)
384 3031 408 3065 a.
423 3017 479 3066 nio‘l
494 3017 550 3066 ine?
564 3017 620 3067 248?
634 3015 690 3066 251?
764 3009 785 3078 ⁹)
800 3013 939 3078 Sequentia
952 3015 1101 3066 adsensum
1115 3016 1227 3065 restitui.

278 3083 298 3154 ⁸)
314 3102 337 3137 a.
353 3098 400 3143 iso.
460 3083 482 3152 ⁴)
500 3085 570 3146 Quae
584 3091 734 3150 sequuntur,
748 3085 784 3134 ad
796 3099 896 3134 sensum
909 3086 1020 3134 restitui.
1049 3085 1140 3136 Enitar
1149 3100 1228 3148 prae-

275 3159 390 3218 diorum,
405 3158 449 3222 qui
462 3171 556 3206 rursus
569 3158 618 3204 alii
631 3155 795 3214 vendiderat,
817 3155 928 3204 libellum
946 3157 1100 3219 imperatori
1113 3156 1228 3206 dederat.

278 3228 299 3296 ⁶)
316 3229 429 3280 Momms.
444 3228 483 3276 ed.
499 3242 534 3276 err
553 3225 581 3275 V
581 3225 601 3274 ἃ.
629 3239 778 3288 praeponere
793 3226 849 3275 edd.
865 3233 966 3286 ceterae
980 3241 1014 3276 ecc
1033 3225 1091 3276 Vct.
1152 3222 1173 3291 ὓ)
1187 3225 1231 3276 Ad

276 3301 427 3350 sententiam
441 3298 553 3347 restitui.
629 3294 648 3362 ⁷)
659 3296 742 3359 posite
757 3296 814 3345 edd.
830 3296 922 3345 ..osita
936 3297 975 3346 ed.
991 3296 1106 3348 Mennis.
1170 3293 1229 3363 ⁸)a.

276 3381 323 3422 2⁷1.
370 3367 391 3435 Β)
406 3367 537 3417 sententiae
552 3365 639 3432 (quasi
652 3373 714 3416 nata
728 3365 870 3433 explicata)
881 3367 920 3416 ed.
932 3365 1046 3418 Monens.
1100 3363 1132 3434 ιο)
1147 3381 1172 3417 a.
1182 3377 1229 3418 cis.

280 3437 313 3506 ¹¹)
327 3437 456 3503 Supplici.
484 3436 551 3487 Sunt
571 3451 606 3486 sc.
624 3437 806 3486 Constantinus
824 3443 849 3486 ei
866 3437 996 3487 Licinius.
1031 3437 1154 3488 Caesares
1168 3452 1231 3502 per·

272 3524 365 3573 peram
379 3509 526 3573 adscriptos
539 3523 602 3567 esse,
618 3507 731 3557 Mennis.
747 3507 929 3558 animaduertit
938 3522 966 3572 p.
981 3515 1029 3560 406.
