2692 4114
424 261 490 298 rvcu
507 260 602 298 runnu
620 261 691 298 ssnr.
710 243 744 298 ΙΙ.
763 249 805 298 31.
1027 243 1090 308 491

142 405 311 448 communem
327 391 387 463 quis
404 389 507 447 iuratus
523 393 575 462 sit,
596 393 671 448 rocio
687 406 795 464 quoque
811 392 880 446 actio
897 390 962 446 iurti
978 389 1093 446 dabitur.

141 471 189 536 27.
214 468 283 542 ¹Qur
298 489 349 548 pro
372 473 505 532 derelicto
515 491 571 530 rern
587 476 717 532 iacentem
734 476 890 548 occupauit,
915 475 1017 530 iurtum
1039 491 1094 530 non

143 559 303 627 committit,
319 559 426 614 tametsi
441 575 454 613 a
469 557 579 614 domino
594 558 798 630 derelinquendi
819 559 907 614 animo
921 556 1024 614 'relicta
1039 575 1093 614 non

143 635 226 714 (siti.²
268 637 317 700 28.
340 641 368 697 Si
390 659 487 698 seruus
502 642 604 698 turtum
621 642 714 698 iecerit
728 635 818 697 'eum³
840 641 964 702 domino.
988 651 1095 715 praeter

143 730 183 784 rei
205 726 403 782 condictionem
427 725 491 782 iurti
515 727 585 782 actio
608 728 635 780 in
651 724 789 780 dominum
803 725 889 780 datur,
925 720 973 782 29.
997 719 1093 782 ¹¹duiio

143 820 171 868 et
186 811 344 872 sarcinator,
361 810 407 882 qui
423 809 547 882 potienda
561 809 606 864 uei
617 807 755 865 sarcienda
768 811 926 865 uestimenta
941 809 1054 882 accepit,
1070 811 1094 864 si

144 895 215 951 sorte
230 894 271 948 bis
286 901 388 966 utatur,
411 909 443 948 er
457 894 669 950 contrectatione
684 908 776 948 eorum
792 891 894 948 turtum
910 892 1006 948 iecisse
1021 892 1094 948 uide·

145 989 203 1051 tnr3
227 979 358 1050 quianon
374 978 400 1032 in
416 993 473 1032 earn
489 993 595 1032 causam
612 975 738 1032 uidentur
753 985 872 1048 accepta.
908 972 959 1034 ab.
982 970 1095 1050 '’Frugi-

143 1061 194 1118 bus
209 1077 241 1116 er
256 1060 341 1116 fundo
357 1059 492 1134 subreptis
509 1069 561 1115 tarn
576 1059 689 1116 colonus
704 1075 783 1133 quarn
799 1059 923 1116 dominus
937 1061 1002 1116 iurti
1013 1076 1095 1133 agere

143 1138 304 1220 ’ροεειιιιῑς6
325 1146 387 1218 quia
402 1145 544 1217 utriusque
566 1145 679 1199 interest
700 1159 758 1200 rem
781 1146 914 1216 persequi.
956 1140 1000 1201 nt.
1024 1137 1095 1211 'nur

144 1313 298 1383 tenebitur,
320 1319 348 1367 et
377 1313 400 1367 si
427 1311 595 1384 suppressit,
621 1327 708 1384 poena
735 1310 804 1384 legis
827 1309 922 1367 tautae
943 1320 1093 1368 coercetur.

144 1392 193 1453 32.
215 1389 285 1461 ⁸Qui
306 1393 409 1450 tabulas
431 1396 604 1451 cantionesue
625 1393 776 1468 subripuit,
799 1396 827 1450 in
842 1394 1001 1468 adscriptam
1024 1411 1096 1450 surn-

147 1495 215 1534 mam
238 1477 302 1533 iurti
323 1479 428 1534 actione
448 1477 598 1534 tenebitur:
620 1495 670 1535 nec
689 1480 817 1550 interest,
837 1479 996 1534 cancellatae
1012 1495 1095 1535 necne

145 1565 216 1630 sint3
245 1563 307 1634 quia
333 1577 366 1617 eu
393 1563 434 1617 bis
460 1561 580 1618 debitum
607 1556 798 1618 ’dissoluont
826 1577 887 1617 esse
915 1562 1094 1635 'comprobari

143 1653 244 1720 potest.
255 1638 281 1679 ¹⁰
324 1639 403 1702 ¹¹33.
433 1637 515 1713 ¹²Qur
539 1662 620 1702 seruo
647 1645 727 1720 fugae
749 1645 890 1701 consilium
914 1645 1003 1718 dedit,
1030 1646 1095 1702 inrti

144 1730 252 1804 quidem
267 1729 374 1787 actione
389 1746 444 1786 non
460 1737 584 1801 tenetur,
606 1729 653 1785 sed
675 1731 747 1784 serui
763 1731 893 1802 corrupti.
939 1725 987 1787 34.
1011 1722 1095 1785 ¹³iies

144 1814 272 1887 subrepta
295 1815 367 1869 siin
390 1813 491 1870 domini
519 1821 681 1886 potestatem
703 1828 812 1868 reuersa
835 1815 885 1883 sit,
909 1822 996 1868 cessat
1019 1813 1096 1868 'inrti

143 1890 252 1954 actio.¹⁴
287 1892 334 1954 35.
352 1891 430 1964 ¹5Qui
445 1896 550 1952 iurandi
563 1899 650 1952 animo
661 1895 790 1952 conclaue
798 1895 906 1970 effregit
920 1896 964 1952 uei
980 1899 1095 1970 apernit,

144 1979 192 2036 sed
208 1980 273 2035 nihii
288 1980 415 2051 abstulit,
438 1979 504 2036 furti
519 1982 624 2036 actione
639 1981 780 2037 conueniri
794 1996 849 2036 non
864 1988 972 2054 potest,
986 1982 1095 2036 iniuria·

144 2079 205 2118 rum
225 2071 323 2135 potest.
367 2059 416 2120 36.
441 2057 522 2130 ¹⁶Qni
542 2080 599 2120 rern
615 2081 688 2119 suam
704 2063 826 2134 iuratur,
846 2066 882 2120 ita
902 2064 1008 2120 demum
1032 2065 1097 2120 iurti

146 2149 253 2202 actione
267 2161 321 2202 non
337 2155 455 2216 tenetur,
470 2149 492 2202 si
508 2147 584 2202 alteri
596 2163 627 2202 en
639 2148 690 2203 boc
701 2163 756 2203 non
768 2157 905 2204 noceatur.
942 2144 989 2205 37.
1008 2142 1097 2204 ¹⁷Ser·

73 2243 135 2293 [eoo]
146 2247 206 2297 nus,
223 2231 269 2302 qni
284 2231 312 2284 in
327 2229 391 2301 iuga
406 2238 463 2300 est,
479 2247 493 2285 a
509 2230 617 2286 donnino
634 2230 740 2304 quidem
757 2231 926 2304 possidetur,
946 2231 994 2287 sed
1010 2232 1095 2288 domi·

146 2331 197 2369 nus
212 2313 279 2368 iurti
293 2314 398 2369 actione
413 2315 471 2368 eius
486 2315 594 2369 nomine
610 2330 664 2369 non
680 2308 827 2386 tenetur,¹⁸
842 2316 904 2389 quia
919 2315 947 2372 iu
959 2324 1096 2390 potestate

146 2413 208 2454 eum
223 2413 278 2452 non
293 2390 412 2452 habet-¹⁹

221 2532 241 2603 ¹)
256 2536 295 2600 Of.
310 2535 342 2585 L.
357 2547 391 2588 ts.
410 2537 448 2598 ἐξ.
463 2547 483 2588 o.
498 2549 518 2588 n.
534 2537 564 2585 Ι).
580 2538 604 2586 Ιι.
619 2546 637 2587 t.
690 2536 710 2605 ¹)
725 2541 833 2590 relictam
848 2539 934 2606 (puta,
949 2557 983 2590 erc
997 2539 1097 2590 reticui

144 2609 244 2672 factum
262 2614 287 2656 et
303 2608 335 2656 sit
349 2607 380 2657 od
393 2622 501 2670 sequens
514 2608 535 2656 si
549 2609 677 2674 omissam)
693 2610 754 2659 Gdd.
770 2611 828 2659 edd.
889 2607 909 2675 ⁸)
927 2611 993 2661 Into
1012 2615 1096 2677 tepen-

147 2679 206 2728 dam
220 2678 294 2728 c’scio
309 2676 435 2744 (conscio).
469 2677 507 2741 Of.
522 2677 554 2728 L.
569 2691 589 2730 3.
613 2679 645 2728 L.
660 2692 680 2730 4.
695 2681 719 2741 ἓ.
734 2692 754 2731 3.
779 2681 810 2728 Ι).
826 2681 857 2729 de
871 2697 932 2731 nox.
948 2689 997 2730 aet.
1014 2681 1049 2747 (3,
1064 2681 1095 2748 4).

148 2746 169 2813 ⁴)
188 2750 227 2811 §3-
247 2761 342 2800 iti-ti.
362 2750 438 2798 etiam
456 2750 483 2797 t'n
503 2748 534 2798 L.
552 2761 585 2800 33.
609 2750 642 2798 D.
662 2750 686 2799 lt.
706 2757 723 2799 t.
743 2758 841 2802 extant.
915 2749 936 2816 ⁸)
953 2752 990 2814 Os.
1010 2753 1042 2801 L.
1063 2765 1095 2802 14.

146 2820 170 2881 5.
185 2830 205 2870 3.
224 2818 256 2867 L.
272 2829 305 2870 33.
325 2821 347 2881 5.
363 2833 383 2870 1.
402 2819 434 2867 D.
449 2819 473 2868 lt.
489 2826 506 2868 t.
565 2816 585 2885 θ)
600 2820 661 2869 Hal.
678 2827 702 2868 et
721 2820 796 2886 Vulp.
812 2822 888 2884 possit
904 2822 929 2870 0.
949 2822 1007 2875 Ves.
1025 2823 1096 2873 Flor.

145 2888 203 2938 ead.
256 2886 276 2955 ἵ)
294 2889 331 2952 Cf.
347 2889 378 2938 L.
394 2901 428 2940 33.
448 2889 551 2942 1).t.t.
612 2886 634 2955 8)
650 2889 688 2952 Cf.
704 2890 735 2938 L.
750 2903 830 2954 atpr.
850 2892 881 2939 Ι).
897 2892 921 2940 d.
936 2899 953 2941 t.
1018 2889 1039 2957 ⁹)
1055 2893 1096 2942 Itu

146 2961 186 3008 vel
206 2959 307 3008 solutum
328 2959 390 3008 Gdd.
409 2960 483 3020 magis
503 2959 582 3024 (qnod
596 2960 696 3023 [aetum
715 2975 750 3009 ex
768 2961 817 3010 dis·
836 2969 912 3011 antea
933 2977 956 3011 m
975 2963 1095 3029 repetito)

146 3029 249 3078 solutum
263 3030 322 3094 Dip.
333 3030 390 3078 edd.
431 3026 463 3094 ¹⁰)
477 3029 519 3079 Ita
530 3030 589 3094 Dip.
604 3031 703 3079 interest
712 3032 863 3094 comprobari
876 3032 936 3083 cdd.
978 3029 1010 3098 ¹¹)
1021 3036 1059 3096 ἐξ.
1071 3045 1097 3085 33

146 3110 215 3151 -ab
234 3098 358 3148 debentur
377 3098 403 3148 0.
427 3099 485 3148 Ver.
561 3097 738 3165 ¹²)Cfi1,1tt.
763 3103 786 3163 ξ.
801 3112 820 3152 o.
845 3103 877 3153 L.
892 3115 917 3154 tta
928 3119 972 3166 pr.
991 3104 1024 3155 Ι).
1039 3105 1063 3153 d.
1078 3111 1095 3152 t.

150 3165 183 3234 ¹³)
198 3168 237 3231 Os.
248 3169 279 3217 L.
291 3181 316 3220 ιο
326 3184 371 3232 pr.
390 3169 422 3216 Ι).
432 3170 464 3218 de
478 3171 587 3220 condiet.
600 3171 666 3233 furt.
677 3169 721 3236 (13,
732 3169 762 3237 1).
817 3169 849 3237 ¹⁴)
863 3171 1004 3236 Suspicor:
1018 3181 1097 3222 cessat

146 3237 264 3304 (furtiua
278 3239 417 3297 condictio,
431 3237 493 3304 non)
508 3241 563 3289 iurti
577 3241 646 3290 actio.
714 3237 746 3308 ¹⁶)
762 3242 800 3305 Cf.
816 3242 848 3290 L.
863 3253 896 3292 81.
912 3245 935 3304 ξ.
952 3256 971 3293 r.
991 3244 1023 3292 D.
1038 3244 1063 3292 b.
1078 3251 1096 3293 t.

150 3305 625 3375 ¹⁶)0s.§.1e.denteleni.
701 3307 733 3378 17)
749 3312 786 3375 Of.
806 3313 837 3360 L.
854 3324 885 3363 1⁷.
909 3315 932 3374 ξ.
947 3325 967 3363 e.
991 3313 1023 3360 li.
1039 3314 1063 3361 t.
1078 3321 1096 3362 t.

146 3379 178 3428 L.
193 3391 228 3430 31.
242 3381 266 3441 ἕ.
276 3391 297 3431 3.
316 3379 348 3429 L.
359 3391 392 3431 11.
412 3380 443 3428 Ι).
458 3380 490 3429 de
504 3383 591 3430 noceat.
607 3388 657 3430 act.
668 3379 699 3447 (o,
709 3382 742 3447 t).
791 3379 823 3446 18)
837 3381 925 3440 Seens,
940 3385 965 3432 si
978 3383 1097 3431 daromam

146 3451 246 3499 iniuria
260 3450 369 3509 dederit,
384 3449 428 3500 udi
440 3451 558 3500 dominas
570 3467 605 3500 ex
619 3454 674 3516 depe
689 3453 796 3516 Aquilia
810 3454 901 3502 bonati
916 3453 1013 3502 iudicio
1027 3459 1097 3502 tene·

146 3526 197 3568 tur.
223 3520 255 3568 L.
269 3531 303 3571 ot.
319 3522 342 3581 ξ.
358 3532 378 3572 3.
402 3521 434 3569 D.
449 3521 485 3570 ad
498 3523 514 3570 l.
529 3521 616 3586 Aperit.
632 3523 663 3587 (3,
677 3520 709 3587 a).
735 3523 773 3586 Os.
788 3523 820 3570 L.
836 3534 856 3573 3.
876 3522 908 3571 Ι).
923 3523 955 3572 de
970 3525 1095 3588 interrop.

145 3586 240 3654 (11,1).
308 3587 340 3656 19)
354 3591 385 3639 Ι..
403 3590 472 3640 Rom.
488 3589 568 3657 Burp.
584 3604 631 3644 lo:
656 3589 766 3642 ‘Seruus
779 3594 854 3642 etiam
869 3594 896 3642 in
911 3594 979 3659 [apo
994 3595 1097 3659 positus
