2672 4112
263 191 281 245 2
341 200 368 232 M.
383 197 495 234 ronmvs
509 198 576 234 CATO
590 199 730 234 cunsomvs
744 209 780 218 ···
793 199 924 234 nvituttlvo
938 197 1032 233 FABIVS
1045 198 1147 235 morou.

324 317 365 382 3.¹
389 323 562 379 ‘Mulieres
590 340 692 396 genas
724 340 764 379 ne
796 324 943 379 radunto
975 339 1062 379 neue
1094 323 1222 379 lessum

264 407 395 462 luneris
423 405 706 480 ergo-habento'.
751 406 807 464 Hoc
834 416 942 462 ueteres
970 409 1132 480 interpretes
1160 406 1219 462 Ser.

262 491 364 562 Aelius,
387 489 416 546 L.
433 490 534 547 Acilius
550 491 684 546 nonsatis
700 507 729 545 se
744 491 902 564 intellegere
918 491 1056 560 dixerunt,
1073 489 1121 546 sed
1136 491 1222 563 suspi-

262 575 315 630 cari
331 576 485 630 uestimenti
500 573 610 647 aliquod
626 589 712 646 genus
729 573 863 630 funebris:
880 575 908 630 L.
925 575 1015 630 Aelius
1031 575 1131 629 lessam
1149 575 1222 647 quasi

262 657 405 732 lugubrem
421 658 604 729 eiulationem‚
621 666 651 712 ut
667 675 720 713 uox
734 659 793 732 ipsa
808 656 950 731 significat.
963 688 1004 697 —
1016 657 1069 714 uic.
1083 659 1116 714 de
1128 657 1182 732 leg.
1194 656 1221 731 2,

263 742 310 799 23.
327 742 356 814 s.
373 741 423 799 59.

415 885 459 951 M.
481 885 664 952 Pouutvs
688 885 802 952 CATO
827 883 1068 952 CENSORIVS
1223 899 1254 946 [u

562 991 642 1058 (natus
656 1007 677 1040 o.
692 1008 716 1040 u.
731 1002 778 1044 513.
795 993 855 1042 obiit
869 991 926 1058 605).

486 1099 732 1156 commentarit
758 1101 848 1156 iuris
873 1099 999 1157 ciuilis.

323 1215 344 1275 l.
368 1215 417 1284 Qui
442 1213 489 1291 (sc.
512 1215 638 1286 mundus)
662 1215 724 1289 quid
747 1218 784 1272 ita
806 1216 921 1287 dicatur,
945 1217 982 1270 sie
1004 1214 1086 1270 refert
1109 1213 1173 1269 Cato
1196 1215 1222 1269 lu

262 1302 460 1357 commentariis
482 1300 548 1354 iuris
570 1295 686 1354 ciuilis:²
709 1298 818 1355 ‘llundo
840 1315 940 1356 nornen
963 1299 1118 1371 impositum
1134 1305 1175 1352 est
1191 1296 1222 1351 ab

262 1403 294 1440 eo
310 1384 421 1454 mundo,
438 1385 483 1456 qui
499 1399 579 1455 supra
594 1399 644 1437 nos
660 1391 717 1449 est3
740 1383 824 1438 forma
840 1386 910 1439 eninr
926 1385 984 1438 eius
1004 1391 1055 1453 est,
1077 1380 1222 1450 uterinis,

264 1471 309 1542 qui
331 1470 478 1536 intrauere,
501 1482 667 1538 cognoscere
689 1469 778 1540 potui,
802 1466 929 1522 adsimilis
953 1466 1035 1520 illae.’
1050 1495 1092 1504 —
1107 1464 1179 1519 Fest.
1196 1481 1220 1518 v.

262 1552 375 1606 llundus
389 1568 415 1624 p.
434 1548 494 1606 154
509 1548 614 1604 lliiller.

324 1631 351 1692 2.
373 1633 438 1688 Cato
461 1649 523 1688 cum
545 1641 617 1686 esset
639 1633 780 1688 consultus
795 1649 810 1687 a
826 1631 951 1704 quodam,
975 1632 1021 1704 qui
1036 1631 1087 1686 sibi
1103 1646 1193 1686 erosas
1209 1647 1223 1685 a

262 1717 392 1774 soricibus
408 1717 507 1790 caligas
523 1717 631 1778 diceret,
653 1717 806 1790 respondit:
830 1715 889 1770 Non
904 1732 963 1771 esse
978 1714 1045 1770 illud
1060 1723 1222 1783 monstrum,

262 1802 310 1856 secl
324 1817 390 1857 uere
406 1808 557 1855 monstrum
573 1799 725 1855 habendum
741 1800 835 1865 luisse,
851 1801 874 1854 si
889 1801 990 1854 sorices
1006 1815 1021 1854 a
1036 1798 1129 1872 caligis
1144 1797 1222 1854 rode-

261 1892 367 1942 rentur.
383 1913 426 1928 ·-
441 1885 585 1957 Angustia.
602 1883 634 1938 de
650 1883 736 1939 doctr.
752 1883 851 1942 Christ.
869 1882 896 1948 2,
913 1883 963 1940 20.

450 2037 679 2106 Nvtuuuittu
702 2037 858 2104 FABIVS
882 2036 1039 2103 Pluton

526 2144 633 2209 (Catonis
652 2145 757 2208 aequalis
775 2147 853 2192 minor
871 2139 960 2206 natu).⁸

591 2250 678 2305 luris
702 2249 894 2322 pontificii.

324 2365 347 2426 1.
369 2366 434 2422 llam
449 2367 536 2440 primo
557 2364 689 2438 pontificii
709 2367 774 2420 iuris
789 2363 858 2420 libro
874 2363 945 2435 apud
961 2362 1094 2420 Pictorem
1110 2362 1223 2420 uerbum
1277 2390 1280 2394 ·

263 2455 314 2509 lton
329 2453 448 2526 positum
465 2458 504 2505 est
520 2442 682 2506 ‘uituleri'.⁴
696 2479 737 2491 -—
752 2429 868 2504 lllacrolt.
885 2446 940 2501 Sat.
957 2446 986 2517 3,
1003 2446 1031 2507 2.
1048 2446 1077 2516 3.
1094 2447 1143 2503 11.

336 2595 356 2664 ¹)
379 2597 498 2647 Accessit
520 2608 541 2647 3.
565 2597 605 2645 ed.
651 2591 671 2659 ²)
693 2595 750 2644 Alii
772 2595 818 2644 loos
837 2594 1031 2644 commentarios
1052 2592 1156 2640 Catonis
1172 2593 1224 2653 filii

263 2685 316 2720 esse
328 2675 431 2732 putant.
455 2667 493 2716 De
510 2667 614 2716 Catonis
627 2667 759 2728 responsis
774 2665 807 2728 ef.
826 2664 877 2713 Cic.
893 2663 924 2712 de
939 2670 1005 2712 orat.
1019 2673 1040 2723 3,
1055 2673 1087 2712 33.
1119 2661 1224 2712 Catonis

259 2738 311 2804 filii
325 2739 421 2788 iudicis
436 2739 492 2786 dati
504 2741 632 2786 sententia
645 2737 761 2799 refertur
771 2750 787 2783 u
799 2733 850 2784 Cic.
861 2733 893 2782 de
903 2733 971 2796 offic.
983 2744 1003 2794 3,
1015 2743 1047 2794 16,
1056 2743 1089 2783 66.
1100 2739 1124 2782 et
1134 2731 1222 2780 Voler.

263 2812 337 2860 Mauo.
353 2822 373 2870 8,
388 2821 409 2870 3,
425 2820 445 2858 1.
480 2804 500 2873 ⁸)
515 2807 547 2856 In
566 2807 614 2856 hoe
633 2808 743 2855 maxime
766 2811 869 2854 secutus
886 2818 941 2852 sunt
955 2803 989 2852 H.
1006 2803 1104 2867 Meyer.
1120 2803 1156 2851 ud
1170 2802 1223 2852 uic.

264 2881 338 2929 Brut.
350 2891 383 2930 31.
391 2895 419 2942 p.
435 2890 467 2928 39.
484 2878 528 2926 ubi
542 2885 625 2926 tomen
631 2893 683 2940 pro
693 2876 817 2924 urraserius
829 2873 1001 2940 (similibusue
1016 2875 1083 2922 unde
1093 2873 1150 2922 edd.
1162 2873 1224 2936 effe-

264 2957 356 3000 cerunt
369 2965 415 2998 una
426 2947 532 3010 Servius)
547 2963 581 2996 ecc
597 2947 649 2997 Cic.
663 2948 696 2996 de
710 2947 789 2995 divin.
805 2958 825 3006 1,
840 2957 874 2995 31.
890 2945 1023 3009 legendnm
1033 2946 1126 3007 putaui
1135 2943 1223 2992 Nume-

264 3023 325 3081 rius3
341 3033 492 3084 quamquam
506 3018 543 3068 M.
558 3018 647 3068 Hertz.
663 3019 691 3066 in
701 3017 769 3067 Mus.
785 3015 865 3065 Ruen.
885 3015 912 3062 X
917 3014 975 3064 VII
980 3031 1008 3078 p.
1024 3025 1071 3065 tte.
1086 3016 1162 3063 etium
1175 3013 1225 3063 noo

266 3091 317 3140 Cic.
337 3093 394 3140 loco
409 3089 546 3138 Numerium
565 3089 736 3138 exterminari
753 3087 846 3144 uoluit,
865 3087 1039 3148 adstipulante
1057 3083 1224 3134 Bernhardio

265 3161 350 3211 Roem.
365 3161 447 3208 Liter.
459 3175 486 3222 p.
502 3171 548 3210 341.
564 3159 602 3208 ed.
616 3170 638 3209 4.
653 3159 719 3208 idern
733 3159 807 3216 enirn,
822 3163 850 3206 ut
862 3157 951 3206 Cicero
961 3158 1007 3218 eit,
1022 3161 1046 3203 et
1060 3155 1119 3203 iuris
1134 3161 1157 3202 et
1170 3154 1226 3202 lite-

264 3245 343 3280 rarum
354 3237 379 3280 et
386 3231 532 3293 antiquitatis
542 3231 603 3278 bene
613 3231 704 3292 peritus
714 3244 800 3278 rerimr
808 3234 939 3292 gestorum
954 3226 1034 3276 libros
1047 3226 1154 3288 scripsit
1162 3231 1226 3274 teste

266 3301 331 3352 Non.
347 3313 381 3361 11,
400 3312 420 3352 3·
432 3315 460 3364 p.
475 3310 522 3352 518.
542 3299 626 3366 (infru
645 3297 687 3365 6.),
707 3315 724 3348 u
743 3299 834 3363 quibus
851 3298 964 3347 eiusdem
985 3295 1099 3345 6333333
1116 3297 1227 3344 annales

266 3373 317 3422 oto.
333 3373 364 3421 de
378 3373 458 3420 divin.
475 3373 491 3421 l.
506 3387 528 3421 c.
544 3371 695 3420 distinxisse
709 3371 818 3419 uidetur.
843 3368 900 3416 Alii
914 3370 981 3416 uelut
994 3366 1084 3414 Hertz.
1099 3364 1189 3415 Jahrb.
1201 3365 1225 3426 f.

266 3443 333 3492 Pnu.
345 3454 404 3493 1862.
417 3457 445 3506 p.
460 3453 494 3493 4t.
510 3443 654 3506 antiquiori
667 3439 694 3501 Q.
707 3440 786 3491 Fabio
797 3439 877 3489 libros
887 3437 1091 3502 iurispontificii
1099 3435 1225 3484 tribuunt.

265 3510 287 3578 ⁴)
304 3513 342 3576 Cf.
358 3513 400 3560 lib.
415 3528 494 3562 meunt
508 3513 581 3578 que.
601 3512 691 3576 Yofetn
701 3527 729 3576 p.
745 3523 792 3562 301.
