2684 4112
227 239 292 302 412
554 257 680 293 vouvsrvs
698 257 853 294 naucranvs.

228 380 304 432 recte
321 378 484 431 restitutum
506 393 565 432 esse
587 379 651 447 post
669 381 799 430 Macriani
820 378 990 445 (absuntam
1012 377 1052 431 ibi
1074 379 1264 442 scilicettaaeJ

229 445 365 498 similibus
381 445 484 497 litteris
502 449 580 510 -cm')‚
603 450 717 512 praeter
738 445 826 498 verba
846 445 896 498 illa
912 445 941 497 in
960 445 1074 498 exordio
1093 447 1182 514 ‘quod

229 512 296 566 assis
318 511 553 564 distributionem’
582 511 686 564 evincit
712 527 830 579 sequens
853 511 954 566 vocula
976 518 1032 564 r'eem
1056 511 1181 590 alioquin

228 580 333 698 inepta,
352 580 381 632 et
399 579 473 645 quod
491 579 576 646 caput
595 577 747 642 doctrinae,
765 579 795 630 in
812 595 872 632 asse
883 579 1022 697 tpositum,
1041 581 1134 633 omitti
1151 580 1181 633 in

229 647 312 699 tituo
330 661 386 699 non
403 645 504 714 potuit,
533 644 642 698 Deinde
660 661 727 698 vero
744 661 789 698 me
808 643 880 698 offen
902 646 954 698 unt
970 645 1021 698 illa
1038 667 1102 714 quac
1120 666 1181 702 con·

228 723 298 766 stant
312 718 428 780 pondere
447 713 500 765 etc.
518 727 578 789 ¹non
600 712 684 788 modo
706 714 822 788 propter
843 712 1002 830 cornffendi
1025 713 1180 780 audaciam,

229 796 326 834 verum
342 779 432 832 multo
449 795 548 848 magis,
565 780 641 856 quod
657 795 687 830 1n
704 794 810 832 marore
827 780 908 847 parte
932 779 1011 832 rbelli
1022 795 1078 833 non
1090 781 1126 834 dc
1138 781 1182 834 his

228 847 320 912 rebus,
338 846 387 900 sed
405 847 440 900 de
458 848 597 898 contrario
616 861 719 914 genere
738 862 848 910 earum,
866 861 938 911 quae
956 847 985 898 in
1004 849 1097 914 specie
1116 863 1181 900 con·

229 914 340 980 sistunt,
358 912 437 967 velut
454 912 559 966 solidae
577 929 622 966 res
640 915 669 966 et
685 911 856 966 hereditates
870 916 907 978 (5.
920 917 982 979 44.),
1001 913 1036 966 dc
1048 913 1090 966 his
1102 931 1180 981 vero,

229 979 781 1113 saus.¹.¹;¹uuuuttttt0⁸
799 980 865 1100 tt?
882 980 1106 1100 reatus
1126 997 1182 1100 aa

229 1121 255 1167 in
272 1119 348 1168 rebus
364 1087 518 1182 pecuniariis
531 1115 560 1166 et
570 1128 621 1190 pro
633 1063 935 1181 suspectoaffabendum
947 1133 1057 1168 numero.
1080 1065 1180 1168 vgrsm

229 1183 325 1236 autem
341 1181 492 1236 lectionem
505 1180 693 1248 adipiscemur
709 1180 868 1234 scribendo:
886 1184 999 1234 iuretur
1013 1187 1179 1248 pecuniariis,

230 1253 739 1368 ert.exaestuandam.
755 1248 1179 1382 Ntt‘iuttimni‘iittttiiss

229 1381 266 1434 ad
284 1382 427 1460 sesteptios
445 1383 494 1434 aut
506 1382 580 1434 certe
593 1381 629 1433 ad
641 1397 770 1458 nummos
781 1381 873 1460 primo
884 1397 940 1434 non
954 1397 1050 1461 aereos
1062 1384 1179 1450 spectat,

228 1447 1180 1583 fattarae.tentaturam?{statutt

229 1601 346 1636 mensura
363 1584 564 1649 assequeretur.

296 1653 374 1703 Haec
390 1663 458 1702 vcro
473 1649 537 1703 ideo
559 1649 612 1702 hoc
629 1649 691 1702 loco
709 1649 864 1716 disputavi,
889 1651 965 1717 quod
981 1650 1023 1704 ita
1039 1653 1180 1704 correctus

228 1717 327 1770 titulus
344 1721 421 1770 recte
438 1715 553 1780 indicat,
571 1731 628 1836 {aa
645 1715 680 1769 de
698 1716 774 1793 rein
792 1716 845 1770 hoc
862 1716 959 1794 libello
977 1717 1084 1794 agatur,
1102 1718 1179 1794 quod

228 1785 282 1836 nisi
300 1786 365 1838 ante
383 1785 557 1852 compertum
595 1783 700 1837 abeant
715 1786 829 1849 tirones,
847 1800 894 1835 vrx
912 1799 944 1837 ac
956 1801 991 1838 ne
1003 1799 1050 1836 mx
1063 1784 1178 1849 quidem

228 1851 397 1920 intelligent,
406 1851 482 1920 quod
494 1851 599 1919 legent.
622 1850 743 1903 Exhibet
754 1851 841 1918 igitur
849 1849 1008 1904 Maecianus
1016 1851 1068 1903 hoc
1080 1849 1177 1904 libello

228 1919 367 1972 vocabula
383 1934 416 1972 ac
433 1919 513 1972 notas
531 1916 654 1986 partium
671 1918 792 1985 primum
810 1919 859 1984 (55.
880 1920 981 1986 1—44.)
999 1925 1024 1972 in
1041 1919 1116 1970 retus
1133 1937 1179 1985 pe·

227 1992 357 2049 surtariis,
373 1986 401 2038 h.
415 2001 439 2039 e.
457 1987 490 2038 nt
505 1985 599 2054 ipsum
616 1985 784 2038 vocabulum
802 1983 924 2052 (collatis
941 1985 1020 2038 Paul.
1034 1991 1058 2050 ὅ,
1072 1990 1095 2040 3.
1115 1988 1176 2049 5.1.

228 2053 306 2111 Caes.
328 2059 358 2111 B.
375 2053 404 2108 O.
421 2059 449 2118 3,
468 2058 511 2116 59)
535 2051 671 2115 ostendit,
693 2051 833 2114 omnibus,
860 2067 932 2119 quae
954 2051 1179 2106 aestimationem

226 2121 345 2187 habeut,
364 2120 445 2174 velut
460 2119 534 2172 libra
551 2120 636 2184 acris,
653 2119 751 2184 horno,
770 2118 880 2184 fundus,
899 2120 932 2194 et·
946 2121 1040 2173 omnia
1056 2119 1176 2184 ‘solida’‚

226 2189 297 2244 item
307 2187 504 2255 incorporalia,
515 2187 548 2238 ut
564 2187 718 2240 centesima
728 2201 821 2250 usura,
838 2185 978 2239 heredites
991 2189 1042 2250 (55.
1056 2193 1098 2240 43.
1110 2189 1177 2254 44.);

227 2271 293 2309 nam
310 2269 382 2323 quae
400 2268 549 2322 personam
566 2269 579 2304 s
600 2253 705 2318 estant,
723 2268 757 2306 ca
773 2268 826 2306 nec
838 2252 1062 2307 aestimationem
1073 2270 1125 2308 nec
1136 2254 1178 2308 di·

226 2324 364 2376 visionem
386 2320 533 2396 rccipiunt
591 2320 702 2386 equitur
719 2324 758 2383 55.
775 2325 884 2373 44-76.
908 2319 943 2372 de
967 2326 1052 2374 aereis
1069 2327 1178 2384 nummis,

227 2390 286 2443 sive
304 2387 340 2441 de
356 2401 478 2455 pecunia
493 2385 523 2438 in
539 2400 606 2462 aere
623 2391 770 2462 numerata
787 2389 821 2450 (5.
834 2389 897 2454 785,
915 2386 1019 2454 partim
1057 2389 1127 2443 rimo
1146 2404 1178 2443 ao

227 2469 294 2509 vero
312 2469 401 2518 sensu,
420 2467 505 2571 (ffam
518 2450 567 2504 dru
576 2467 698 2520 pecuma
708 2455 856 2507 numerata
866 2469 965 2507 revera
975 2454 1005 2506 in
1016 2405 1091 2508 lissrs
1106 2456 1177 2510 aeris

228 2523 342 2588 eiusque
353 2535 392 2588 pa
421 2522 427 2534 ’
450 2535 482 2572 us
495 2519 571 2584 erat.
581 2520 684 2587 partim
695 2521 840 2585 translato,
853 2522 1037 2589 posteaquam
1049 2522 1178 2592 argentei

226 2587 335 2642 nummi
352 2587 536 2651 accesserunt,
554 2586 604 2654 qui
620 2587 715 2640 tamen
733 2603 768 2640 ex
785 2603 901 2641 numero
919 2587 991 2641 aeris
1007 2591 1178 2657 potestatem

226 2653 371 2708 habebant
387 2657 421 2718 (5.
439 2656 505 2716 44.);
528 2668 614 2722 quare
638 2652 768 2708 effectum
787 2656 842 2716 est,
865 2656 898 2707 ut
918 2654 1032 2708 redacto
1057 2671 1117 2710 asse
1141 2655 1177 2709 ad

226 2721 364 2774 minutum
382 2735 536 2786 nummum,
555 2719 631 2788 quod
648 2737 736 2790 genus
753 2722 812 2774 seni
829 2721 894 2774 deni
906 2721 1019 2775 demum
1032 2723 1177 2792 denarium

227 2787 379 2853 efficerent,
399 2787 423 2842 si
440 2802 496 2856 qua
507 2786 537 2840 in
548 2803 657 2841 summa
669 2788 790 2841 denariis
804 2803 936 2856 expressa
948 2803 995 2842 aes
1007 2789 1174 2854 excurreret,

226 2855 279 2909 hoc
296 2869 344 2908 aes
362 2869 510 2910 excurrens
527 2856 663 2923 tanquam
681 2854 837 2908 sedecimas
854 2857 949 2924 partes
965 2855 1072 2909 denarii
1088 2855 1177 2909 solitis

225 2920 349 2991 partium
366 2921 509 2976 vocabulis
527 2922 557 2976 et
573 2921 647 2976 notis
664 2919 877 2990 significandum
890 2924 971 2977 esset
1001 2923 1109 2977 Deinde
1121 2923 1178 2992 agi·

225 2987 325 3042 turdo
341 2994 456 3057 pondere
473 2994 512 3054 55.
531 2994 572 3048 ii.
590 2993 642 3054 78„
661 2989 691 3064 et
707 2989 848 3056 postremo
866 2993 906 3053 55.
924 2995 965 3044 79.
982 2995 1023 3044 80.
1058 2989 1093 3043 de
1111 3010 1178 3044 men·

224 3075 287 3110 sura
304 3059 362 3110 sive
375 3055 547 3124 liquidorum
564 3055 623 3108 sive
642 3054 791 3118 aridorum,
810 3070 883 3123 quae
900 3070 957 3109 non
969 3058 1029 3110 tam
1040 3057 1178 3126 partibus,

225 3138 310 3191 quam
326 3122 479 3178 maioribus
492 3140 524 3178 ac
536 3121 689 3176 minoribus
700 3121 822 3175 modulis
833 3122 870 3176 ad
883 3123 1055 3178 definiendas
1068 3123 1178 3192 quanti·

226 3193 299 3244 tates
324 3191 484 3269 constitutis
510 3189 676 3244 continetur.
711 3187 826 3264 'Ultima
852 3190 945 3270 verba·
964 3195 988 3254 5.
1011 3195 1067 3256 BL,
1094 3190 1178 3260 culpa

223 3253 1177 3400 suunastrata.ttssttsitsstssuatem

223 3406 275 3445 nec
296 3392 370 3445 hunc
392 3389 531 3444 Maeciam
552 3387 655 3440 hbrum
675 3389 817 3457 integrum
839 3390 919 3444 nobis
941 3392 1083 3444 servatum
1106 3406 1178 3456 esse,

222 3474 371 3526 perperam
393 3455 536 3510 iudicavit.
576 3453 665 3507 Immo
687 3453 757 3509 haec
784 3457 847 3526 ipsa
869 3457 1012 3512 sententia
1028 3457 1065 3511 ed
1082 3459 1178 3536 partes

222 3539 409 3592 numerosque
423 3523 452 3575 ct
462 3520 572 3589 pondus
589 3537 804 3591 mensuramque
818 3523 1002 3578 communiter
1015 3525 1176 3593 resprciens‚
1188 3538 1246 3589 [sao]

223 3589 308 3645 finem
330 3587 457 3658 opusculi
477 3587 592 3642 indicat
631 3592 690 3643 Nec
707 3590 836 3658 opinens,
858 3605 1002 3646 mensuras
1021 3592 1178 3660 spatiorum
