2680 4112
226 225 289 282 120
573 233 595 268 c.
614 231 708 268 Arurvs
727 231 828 268 effluo.

224 359 327 416 scribit.
355 359 382 414 ld
406 359 494 432 ipsum
509 357 601 432 Capito
617 360 708 414 Ateius
730 360 757 413 in
780 357 860 430 libro,
883 373 963 431 quem
986 358 1019 414 de
1035 357 1125 415 allicio
1141 376 1184 415 se·

224 445 331 499 natorio
347 443 509 516 composuit,
531 443 660 516 scriptum
683 441 803 514 reliquit.
836 441 863 496 ln
880 441 975 496 eodem
991 441 1060 498 libro
1076 441 1184 516 Capito·

224 529 265 584 nis
287 527 313 582 id
337 543 445 600 quoque
466 528 595 599 scriptum
618 534 673 581 est:
704 524 764 596 ‘C.'‚
787 526 883 598 inquit,
908 523 1018 580 ‘Caesar
1037 526 1132 582 consul
1147 526 1181 582 bl.

224 611 351 666 Catonem
373 611 533 666 sententiam
555 611 672 683 rogauit.
705 607 767 664 Cato
790 625 860 679 rem,
891 625 959 681 quae
981 609 1182 681 consulebatur,

225 695 350 768 quoniam
372 710 427 750 non
450 693 617 766 erepublica
633 691 783 762 uidebatur,
807 690 899 766 perfici
914 691 1033 749 nolebat.
1067 693 1128 749 llius
1142 695 1183 749 rei

224 775 360 834 ducendae
383 777 471 850 gratia
493 777 572 850 langa
590 777 712 832 oratione
728 775 854 832 utebatur
868 776 1054 849 eximebatque
1069 776 1184 833 dicendo

224 861 303 916 diem.
337 859 399 916 Erat
421 862 491 916 enim
513 863 555 916 ius
578 861 707 930 senatori,
730 867 760 914 ut
775 860 936 915 sententiam
951 868 1064 933 rogatus
1079 860 1183 918 diceret

225 953 297 1018 ante,
320 944 445 1018 quicquid
470 943 552 1000 uellet
568 943 633 1000 aliae
648 945 686 1000 rei
702 951 729 998 et
744 943 832 1016 quoad
849 942 942 1002 uellet.
975 943 1072 1000 Caesar
1087 944 1240 1001 consultant

223 1028 356 1084 uiatorem
380 1029 489 1084 uocauit
510 1044 635 1100 eumque,
659 1043 719 1082 cum
735 1026 814 1082 linem
829 1043 884 1082 non
900 1027 1011 1099 laceret,
1034 1027 1129 1101 prendi
1144 1027 1185 1083 lo·

224 1119 351 1186 quentem
374 1119 402 1168 et
423 1113 451 1168 in
473 1127 607 1168 carcerem
630 1111 692 1168 duci
714 1111 800 1166 iussit.
834 1109 948 1168 Senatus
970 1113 1141 1167 consurrexit
1156 1119 1201 1166 et.

224 1194 442 1270 prosequebatur
464 1195 591 1252 Catonem
614 1195 642 1250 iu
665 1209 805 1251 carcerem.
840 1193 917 1264 llac',
944 1195 1043 1268 inquit,
1073 1193 1184 1250 ‘inuidia

127 1306 130 1311 ·
225 1279 304 1349 lacta,
328 1278 424 1334 Caesar
439 1279 543 1334 destitit
558 1287 585 1334 et
601 1279 669 1334 mitti
686 1277 814 1334 Catonem
828 1277 930 1334 iussit'.
948 1307 983 1318 —
1001 1277 1069 1334 Gell.
1085 1277 1115 1350 4,
1133 1278 1184 1335 10.

225 1363 271 1434 ss.
290 1361 380 1420 a-s.
448 1409 451 1415 .

581 1468 824 1542 Epistolarum.

288 1565 331 1626 19.
355 1570 384 1626 ln
408 1568 519 1642 quadam
543 1569 658 1643 epistula
673 1569 743 1625 Ateii
758 1569 895 1644 Capitonis
910 1571 1040 1646 scriptum
1055 1569 1183 1645 legimus,

225 1653 376 1710 Labeonem
391 1653 534 1708 Antistium
551 1653 641 1726 legum
658 1660 738 1726 atque
753 1671 858 1709 morum
870 1655 965 1728 populi
978 1654 1090 1710 Romani
1105 1655 1184 1710 iuris·

225 1755 277 1812 que
294 1737 380 1794 ciuilis
396 1737 505 1792 doctum
521 1738 641 1810 apprime
656 1737 749 1794 luisse.
773 1735 836 1792 ‘Sed
853 1737 991 1812 agitabat’‚
1007 1739 1104 1812 inquit,
1121 1739 1184 1806 ‘bo-

224 1823 322 1878 minem
338 1819 447 1876 libertas
463 1821 591 1894 quaedam
606 1821 686 1875 nimia
702 1829 781 1893 atque
797 1837 904 1892 uecors,
920 1821 1018 1894 ’usque
1034 1821 1111 1891 adeo,
1126 1815 1182 1893 ut‚¹

225 1905 288 1961 diuo
304 1907 428 1978 Augusto
450 1906 501 1960 iam
523 1905 645 1978 principe
668 1912 696 1960 et
717 1904 907 1978 rempublicam
924 1904 1072 1976 obtinente,
1095 1913 1183 1960 ratum

223 1999 311 2046 tamen
327 2005 495 2062 pensumque
511 1989 578 2044 nibil
595 1987 714 2059 haberet,
737 1987 788 2041 uisi
805 1987 876 2060 quod
892 1990 995 2064 iustum
1006 1995 1185 2062 sanctumque

224 2090 284 2129 esse
299 2075 325 2129 lu
336 2071 461 2127 Romanis
477 2071 680 2144 antiquitatibus
696 2069 832 2144 legisset’,
849 2088 879 2128 ae
894 2071 990 2127 deinde
1002 2077 1102 2144 narrat,
1118 2071 1184 2146 quid

223 2156 293 2212 idem
308 2155 397 2212 Labeo
417 2172 466 2230 per
481 2157 612 2210 uiatorem
628 2171 642 2208 a
657 2155 771 2210 tribunis
787 2154 858 2228 plebi
873 2163 986 2211 uocatus
1001 2155 1183 2227 responderit.

224 2239 301 2294 ‘dum
317 2257 331 2294 a
347 2239 481 2308 muliere'‚
497 2239 593 2310 inquit,
610 2237 734 2310 ‘quadam
751 2235 850 2292 tribuni
865 2237 949 2312 plebis
965 2232 1109 2294 aduersum
1123 2255 1183 2295 eum

223 2321 287 2378 aditi
311 2314 533 2376 ’1181111111111112
556 2321 587 2375 ad
609 2336 669 2375 eum
692 2323 836 2392 misissent,
861 2329 890 2376 ut
912 2324 1017 2378 ueniret
1033 2329 1061 2378 et
1076 2323 1184 2378 mulieri

223 2405 409 2478 responderet,
432 2405 511 2458 iussit
533 2417 604 2472 eum,
628 2405 674 2476 qui
696 2405 794 2460 missus
818 2413 884 2476 erat,
906 2405 995 2460 redire
1018 2413 1045 2460 et
1067 2407 1184 2462 tribunis

223 2489 323 2560 dicere,
346 2488 387 2541 ius
410 2502 457 2542 eos
480 2502 534 2541 narr
556 2485 654 2542 habere
676 2503 763 2560 neque
778 2505 807 2543 se
823 2505 910 2561 neque
925 2489 1005 2544 alium
1021 2505 1183 2563 quemquam

224 2571 347 2640 uocandi,
371 2571 497 2643 quoniam
513 2569 633 2626 moribus
648 2572 777 2628 maiorum
793 2571 894 2626 tribuni
909 2572 994 2645 plebis
1009 2575 1183 2646 prensionem

224 2653 365 2724 haberent,
390 2654 557 2708 uocationem
580 2669 635 2708 non
659 2653 800 2710 baberent:
823 2671 903 2728 posse
925 2657 1011 2728 igitur
1025 2671 1071 2712 eos
1087 2657 1183 2712 uenire

223 2745 250 2794 et
266 2737 360 2810 prendi
376 2751 405 2792 se
420 2735 523 2808 iubere,
540 2736 585 2792 sed
603 2737 716 2792 uocandi
732 2737 868 2793 absentem
883 2739 925 2792 ius
941 2755 996 2794 uon
1011 2735 1185 2796 habere’.-

223 2819 289 2876 aeri.
311 2821 358 2891 13,
376 2819 488 2891 mss.
508 2819 598 2875 1-1.

409 2943 452 3000 Ex
474 2947 624 3002 incertis
647 2945 752 3002 libris
774 2946 826 3002 vel
849 2946 997 3008 aliunde.

284 3034 334 3095 20.
359 3031 521 3093 ³Sinistrum
540 3039 567 3093 in
583 3037 744 3110 auspicando
760 3037 912 3112 significare
928 3041 964 3095 ait
979 3041 1073 3096 Ateius
1089 3040 1187 3115 Capito

222 3122 321 3178 laetum
346 3131 373 3178 et
394 3137 556 3195 prosperum
579 3122 741 3207 auspicium;
769 3130 795 3176 at
817 3122 964 3196 silentium,
987 3123 1033 3180 ubi
1056 3125 1187 3180 duntaxat

295 3257 316 3325 l)
330 3259 375 3310 Sic
390 3261 448 3310 edd.
464 3261 640 3323 antiquiorem
658 3266 768 3322 tauquam
788 3274 870 3308 eorum
888 3261 927 3308 ed.
943 3261 1032 3311 Hertz.
1064 3259 1084 3327 ²)
1098 3279 1134 3314 ear
1148 3261 1185 3328 ej.

220 3331 326 3380 Hertzii
339 3333 366 3380 in
381 3329 470 3379 Jahrb.
484 3330 505 3392 f.
521 3332 596 3388 class.
613 3329 707 3378 Pbitol.
722 3339 781 3380 1865.
787 3345 815 3392 p.
829 3341 875 3380 sle.
898 3329 1029 3380 Gelliauum
1043 3334 1101 3382 edd.
1112 3333 1189 3384 Situs

220 3410 278 3451 erat
299 3401 434 3451 Gallienus
445 3401 545 3463 fundus
559 3402 586 3449 ia
601 3401 704 3450 civitate
713 3397 875 3448 Baebiarum.
901 3400 939 3462 Cf.
950 3401 982 3450 L.
990 3413 1010 3452 a.
1027 3404 1049 3464 §.
1058 3414 1092 3453 11.
1108 3405 1141 3453 1).
1152 3407 1187 3455 de

221 3474 289 3536 arip.
305 3474 356 3520 iar.
376 3469 408 3535 (1,
423 3469 453 3535 1).
481 3466 555 3535 ⁰)Ea2
566 3472 604 3534 fr.
619 3481 653 3521 ao.
669 3481 702 3519 21.
718 3470 777 3518 licet
791 3472 928 3530 condicere,
947 3471 1093 3534 Capitonem
1108 3477 1188 3524 etiam

220 3543 251 3590 de
267 3543 324 3591 iare
339 3542 463 3606 asperati
476 3543 619 3604 scripsisse.
649 3539 739 3588 Libris
752 3541 808 3587 eius
822 3541 858 3588 ad
866 3539 1004 3590 Etruscam
1018 3543 1186 3606 disciplinam
