2672 4112
264 265 305 322 58
385 315 387 319 ,
608 273 635 308 n.
654 273 765 308 umarus
784 271 883 307 emano.

325 393 376 456 46.
400 397 433 454 Α.
458 399 495 454 lta
510 399 601 470 credo,
617 398 665 454 sed
680 405 769 454 tamen
784 399 837 455 hoc
852 399 938 470 magis
954 413 998 453 eas
1014 413 1058 453 res
1074 405 1102 454 et
1116 399 1228 456 memini

264 492 291 540 et
306 491 428 556 expecto,
448 482 520 556 quod
536 483 609 538 etad
625 480 792 555 pontificium
807 483 849 538 ius
865 490 893 538 et
908 481 942 538 ad
958 481 1038 538 ciuile
1052 483 1200 555 pertinent.

325 567 367 624 M.
390 566 469 636 Vero,
486 573 513 622 st
528 583 543 621 a
557 567 726 639 peritissimis
742 573 807 622 sunt
826 567 888 621 istis
903 565 937 621 de
952 563 1034 620 rebus
1050 573 1078 621 et
1093 582 1226 639 responsa

263 658 291 707 et
304 653 404 725 scripta
418 650 518 721 multa,
539 657 566 706 et
582 667 633 723 ego
648 651 677 705 in
691 650 744 706 hoc
760 651 831 705 omni
844 665 968 706 sermone
984 657 1090 722 nostro,
1106 651 1179 722 quod
1191 651 1225 706 ad

263 745 378 808 cumque
400 734 469 808 logis
484 749 571 808 genus
587 749 629 790 me
647 733 794 806 disputatio
809 741 903 789 nostra
918 732 1075 804 deduxerit,
1091 732 1225 806 tractabo,
1322 795 1323 814 ἱ

264 815 351 891 quoad
369 826 476 891 potero,
498 819 555 873 eius
577 819 661 890 ipsius
682 819 789 891 generis
804 819 846 872 ius
862 816 942 873 ciuile
958 823 1093 889 nostrum,
1115 817 1223 888 sedita,
1322 825 1323 854 ³

262 903 339 958 locus
354 911 385 958 ut
399 903 457 975 ipse
472 909 554 958 notus
570 903 616 973 sit,
632 917 664 956 ex
680 917 734 974 quo
750 901 864 958 ducatur
882 915 1004 974 quaeque
1019 901 1178 974 passione,
1194 911 1224 957 ut

263 1001 318 1042 non
334 983 441 1040 dilficile
456 986 500 1055 sit,
519 986 565 1058 qui
581 983 661 1040 modo
677 985 786 1058 ingenio
802 985 891 1058 possit
907 985 1020 1056 moueri,
1037 999 1223 1058 quaecumque

263 1085 334 1125 noua
350 1085 428 1125 causa
444 1067 644 1124 consultatione
659 1067 797 1139 acciderit,
809 1069 867 1124 eius
880 1075 973 1124 tencre
984 1069 1036 1138 ius,
1051 1083 1132 1142 quom
1143 1071 1222 1142 scias,

263 1170 277 1208 a
302 1169 357 1226 quo
384 1153 420 1208 sit
446 1153 533 1224 capite
558 1151 745 1224 repetendum.
783 1149 847 1208 lllV.
869 1147 915 1209 4⁷.
937 1151 985 1206 sed
1006 1151 1072 1207 iuris
1094 1153 1222 1224 consulti,

262 1238 320 1292 siue
335 1237 435 1292 erroris
452 1235 587 1291 obiciundi
602 1251 691 1306 causa,
708 1252 762 1308 quo
774 1235 852 1308 plura
864 1244 891 1291 et
903 1235 1056 1291 difficiliora
1068 1237 1137 1292 scire
1150 1237 1223 1293 uide·

263 1328 353 1390 antur,
376 1321 445 1389 siue,
468 1319 541 1392 quod
556 1319 669 1374 similius
685 1321 744 1374 ueri
759 1328 811 1391 est,
833 1320 1005 1392 ignoratione
1021 1317 1145 1390 docendi,
1161 1335 1221 1377 nam

262 1420 316 1458 non
337 1402 424 1458 solum
446 1404 515 1458 scire
536 1403 636 1474 aliquid
651 1405 716 1458 artis
731 1411 791 1473 est,
811 1404 858 1457 sed
874 1402 1005 1476 quaedam
1020 1419 1063 1457 ars
1079 1403 1160 1458 etiam
1176 1403 1222 1459 do·

262 1485 349 1556 cendi,
366 1501 456 1558 saepo,
479 1486 552 1558 quod
567 1487 685 1558 positum
701 1488 785 1542 estin
801 1503 853 1542 una
867 1487 1034 1560 cognitione,
1054 1485 1088 1541 id'
1099 1481 1147 1561 (in)
1163 1485 1221 1542 infi-

262 1571 344 1624 nitam
360 1569 571 1642 dispertiuntur:
593 1569 669 1624 uelut
684 1571 711 1624 in
726 1570 779 1626 hoc
793 1571 853 1642 ipso
869 1586 978 1644 genere,
1001 1586 1080 1644 quam
1096 1587 1221 1644 magnum

261 1652 328 1708 illud
343 1652 488 1709 Scaeuolae
505 1653 616 1724 iaciunt,
639 1651 780 1726 pontifices
796 1653 873 1709 ambo
890 1661 918 1708 et
932 1653 1018 1708 eidem
1033 1655 1099 1709 iuris
1113 1655 1220 1728 peritis·

261 1737 332 1795 simi.
363 1735 480 1808 ‘saepe’,
502 1737 590 1810 lnquit
604 1735 681 1792 Publi
700 1735 781 1807 filius,
797 1736 841 1792 ‘ex
855 1744 932 1810 patre
947 1737 1048 1809 audiui,
1063 1736 1220 1812 pontificem

261 1819 361 1876 bonum
376 1821 509 1876 neminem
525 1837 585 1876 esse
600 1821 652 1876 nisi
665 1821 711 1894 qui
726 1821 768 1877 ius
785 1821 864 1877 ciuile
879 1820 1051 1894 cognosset’.
1079 1821 1221 1878 totumne?

261 1903 326 1978 quid
341 1904 397 1959 ital
419 1903 483 1976 quid
504 1905 574 1959 enim
590 1903 622 1959 ad
638 1903 791 1978 pontificem
808 1904 841 1960 dc
855 1905 914 1960 iure
930 1906 1062 1978 parietum
1076 1913 1123 1961 aut
1138 1921 1221 1979 aqua·

260 2004 320 2044 rum
342 1995 389 2042 aut
410 1987 467 2044 ullo
483 1990 592 2044 omnino
608 1989 660 2043 nisi
675 2004 719 2059 eo,
735 1988 808 2062 quod
823 2005 884 2044 cum
898 1983 1032 2061 religione
1047 1991 1220 2046 coniunctum

261 2071 320 2127 est?
340 2071 368 2126 id
388 2079 477 2127 autem
498 2071 659 2144 quantulum
679 2081 730 2128 est.
760 2072 794 2128 de
814 2073 907 2142 sacris,
931 2072 1023 2143 credo,
1039 2073 1172 2145 deuotis,
1187 2071 1220 2128 de

260 2155 335 2212 feriis
351 2163 379 2210 et
393 2155 427 2210 de
441 2155 594 2228 sepulchris
610 2162 637 2211 et
653 2157 676 2210 si
691 2155 755 2228 quid
770 2157 827 2212 eius
843 2155 915 2212 modi
927 2163 978 2211 est.
999 2173 1048 2212 cur
1058 2158 1144 2230 igitur
1154 2157 1221 2213 haec

259 2246 334 2294 tanta
348 2238 471 2308 iacimus,
492 2255 553 2294 cum
568 2245 657 2294 cetera
671 2255 804 2312 perperna
818 2241 884 2311 sint,
904 2239 937 2295 dc
953 2241 1035 2296 sacris
1051 2249 1151 2314 autem,
1173 2241 1220 2315 qui

259 2323 337 2378 locus
351 2327 427 2394 patet
442 2320 534 2392 latius,
550 2323 616 2377 haec
631 2324 666 2377 sit
678 2339 733 2378 una
742 2325 888 2396 sententia,
899 2331 929 2379 ut
941 2333 1138 2381 conseruentur
1149 2341 1219 2381 sem·

258 2421 308 2479 per
327 2412 355 2460 et
374 2404 500 2477 deinceps
519 2404 626 2460 lamiliis
647 2406 797 2480 prodantur
818 2415 854 2479 et,
874 2414 906 2462 ut
926 2407 954 2463 in
968 2407 1030 2482 lege
1045 2411 1142 2483 posui,
1157 2425 1220 2484 per-

175 2551 180 2560 ,
258 2496 341 2562 petua
360 2489 415 2543 sint
435 2503 518 2545 sacra.
536 2485 596 2545 -48,
620 2488 685 2546 'hoc
703 2485 777 2564 post¹
799 2489 956 2565 pontificum
978 2493 1140 2549 auctoritate
1155 2510 1220 2552 oon·

259 2580 352 2628 secuta
371 2580 451 2643 sunt,
477 2579 509 2628 ut
528 2587 561 2627 uc
580 2583 668 2630 morte
688 2576 772 2648 patris
794 2575 908 2631 familias
930 2591 1069 2632 sacrorum
1089 2580 1219 2634 memoria

259 2655 404 2724 occideret,
419 2655 452 2710 iis
468 2664 560 2712 essent
575 2673 606 2713 ea
621 2658 757 2730 adiuncta,
773 2658 806 2714 ad
822 2675 892 2732 quos
907 2658 1027 2715 eiusdem
1038 2669 1125 2716 morte
1136 2677 1220 2734 pecu·

257 2741 301 2795 nia
323 2740 438 2798 uenerit.
468 2740 521 2796 hoc
541 2757 595 2796 uno
616 2743 717 2815 posito,
740 2741 814 2816 quod
834 2751 877 2799 est
892 2742 925 2798 ad
939 2741 1122 2816 cognitionem
1138 2743 1219 2803 disci·

258 2823 346 2896 plinae
367 2824 442 2895 satis,
462 2825 666 2882 innumerabilia
687 2834 843 2897 nascuntur,
866 2825 963 2899 quibus
985 2825 1133 2900 implentur
1152 2829 1219 2886 iuris

258 2906 445 2979 consultorum
461 2906 531 2965 libri.
561 2919 728 2982 quaeruntur
748 2911 827 2976 enim,
849 2911 895 2983 qui
916 2911 1102 2984 astringamur
1121 2914 1215 2970 sacris.

258 2989 387 3046 heredum
403 3005 481 3046 causa
495 2993 642 3048 iustissima
658 3000 715 3062 est3
731 2993 805 3048 nulla
820 3001 862 3049 est
877 2995 948 3050 enim
962 3009 1088 3068 persona,
1105 3011 1173 3068 quae
1185 2997 1219 3053 ad
1296 2991 1299 2998 '

257 3075 343 3130 uicem
358 3075 426 3146 eius,
450 3077 496 3148 qui
512 3093 526 3132 e
541 3077 597 3132 uita
614 3077 762 3150 emigrant,
777 3078 890 3151 propius
905 3077 1023 3134 accedat.
1050 3078 1156 3152 deinde,
1171 3083 1219 3154 qui

257 3165 345 3214 morte
371 3166 572 3215 testamentoue
599 3161 657 3214 eius
681 3160 838 3216 tantundem
861 3163 948 3235 capiat
970 3170 1100 3235 quantum
1124 3179 1217 3222 omnes

257 3240 384 3298 heredes:
400 3243 427 3298 id
443 3259 552 3316 quoque
568 3242 679 3313 ordinm
702 3252 744 3300 est
759 3246 828 3300 enim
844 3245 876 3300 ad
892 3245 930 3316 id,
950 3247 1024 3320 quod
1045 3249 1217 3321 propositum

256 3333 308 3398 est,
323 3325 564 3384 adcommodatum.
594 3327 675 3384 tertio
690 3327 764 3399 loco,
778 3329 802 3384 si
816 3345 896 3385 nemo
911 3329 949 3385 sit
963 3330 1053 3402 heres,
1069 3331 1104 3404 ls,
1121 3333 1167 3405 qui
1183 3331 1218 3388 de

328 3512 348 3579 ¹)
363 3515 422 3564 haec
436 3515 513 3578 posito
528 3515 586 3565 haec
601 3516 652 3566 iura
666 3517 691 3566 Α
705 3517 763 3567 haec
777 3517 828 3568 iura
841 3519 888 3568 aed
901 3521 996 3570 lineola
1006 3519 1132 3570 subducta
1142 3520 1218 3572 Βοι-

254 3584 332 3648 posite
346 3585 406 3632 hacc
420 3583 472 3632 iura
487 3585 526 3634 ed.
547 3585 577 3634 V.
