2678 4116
264 240 327 306 278
542 256 710 292 ea111nsr1r.
728 237 763 292 II.
782 243 931 292 254-266.

263 399 357 460 tatem,
373 389 450 461 quasi
459 387 550 443 heredi
562 394 589 442 et
603 388 631 442 in
643 385 769 460 heredem
785 386 847 442 dare
859 385 960 458 coepit,
972 400 1073 458 eaeque
1085 385 1113 442 in
1125 384 1215 442 edicto

264 480 465 547 proponuntur.
501 467 568 528 254.
593 469 646 526 Sed
660 486 756 526 rursus
771 471 832 544 quia
847 469 962 526 heredes
977 470 1082 542 scripti,
1097 483 1157 526 cum
1170 477 1233 526 aut.

265 565 349 613 totam
363 555 538 612 hereditatem
554 562 600 610 aut
615 570 701 628 paene
713 561 796 610 totam
809 553 969 627 plerumque
978 554 1123 610 restituere
1136 569 1217 626 roga·

264 640 379 711 hautun,
404 639 476 696 adire
501 638 678 696 hereditatem
699 637 734 694 oh
757 638 860 696 nullum
879 645 927 692 aut
947 639 1085 692 minimum
1111 636 1216 694 lucrum

264 723 435 795 recusabant,
451 731 531 797 atque
547 721 581 778 ob
596 722 624 778 id
639 721 865 796 extinguebantur
881 719 1097 789 fideicommissa,
1108 719 1216 794 'postea

264 803 385 882 Pegaso¹
408 814 437 863 et
457 807 573 863 Pusione
589 802 772 878 (consulibus)
793 813 904 862 senatus
925 806 1047 875 censuit,
1069 811 1099 860 ut
1115 806 1153 874 ei,
1170 807 1217 878 qui

265 900 377 966 rogatus
392 899 467 948 esset
481 890 659 948 hereditatem
673 891 834 960 restituere,
858 887 972 963 proinde
987 889 1081 945 liceret
1095 897 1216 962 quartam

264 984 366 1050 partem
381 977 510 1047 retinere,
527 983 607 1048 atque
622 991 637 1030 e
652 974 713 1046 lege
727 972 839 1029 Falcidia
851 975 879 1029 in
891 971 986 1047 legatis
996 973 1141 1030 'retinendi
1153 965 1216 1030 ins²

264 1059 436 1129 conceditur:
456 1074 487 1114 er
503 1057 619 1132 singulis
635 1073 745 1131 qnoque
760 1057 859 1128 rebus,
882 1073 950 1130 quae
966 1072 1015 1130 per
1029 1055 1217 1114 fideicommis-

264 1158 324 1200 sum
344 1143 552 1216 rclinqnnntur‚
579 1141 673 1198 eadem
693 1142 810 1198 retentio
835 1142 967 1214 permissa
986 1147 1036 1198 est.
1073 1158 1122 1214 per
1142 1141 1215 1214 quod
1226 1147 1289 1195 [201]

264 1235 372 1284 senatus
388 1226 543 1283 consultum
558 1227 617 1300 ipse
633 1221 735 1299 (heres)
753 1241 835 1281 onera
846 1225 1008 1281 hereditaria
1022 1226 1153 1291 sustinet3
1168 1223 1217 1280 ille

265 1319 369 1381 autem,
390 1311 436 1382 qui
451 1326 483 1366 ex
505 1307 712 1366 fideicommisso
728 1309 857 1382 reliquam
877 1315 983 1382 partem
998 1308 1156 1364 hereditatis
1171 1323 1215 1363 re·

264 1395 339 1466 cipit,
354 1393 478 1466 legatarii
490 1394 613 1467 partiaria·
626 1393 689 1449 loco
704 1401 755 1465 est,
771 1393 798 1448 id
813 1400 855 1448 est
870 1395 928 1449 eius
944 1392 1080 1466 legatarii,
1094 1393 1138 1449 cui
1152 1408 1215 1466 pars

263 1475 396 1532 honorum
411 1475 531 1551 legatum
554 1492 621 1550 quae
641 1477 746 1549 species
767 1477 850 1549 legati
870 1477 980 1550 partitio
1003 1484 1133 1546 uocatur,
1155 1477 1216 1549 quia

264 1577 325 1617 cnm
340 1560 438 1616 herede
453 1561 598 1635 legatarius
615 1562 729 1633 partitur
738 1560 930 1617 hereditatema
945 1559 1016 1616 unde
1028 1559 1152 1616 ellectum
1165 1568 1216 1629 est,

264 1651 295 1702 ut
310 1661 378 1717 quae
393 1643 483 1700 solent
497 1643 686 1718 stipulationes
701 1645 772 1701 inter
786 1643 912 1700 heredem
928 1651 957 1700 et
971 1645 1125 1718 partiarium
1141 1645 1216 1718 lega-

263 1729 360 1785 tarium
375 1729 521 1802 interponi,
533 1729 641 1784 eaedem
652 1729 861 1802 interponantur
871 1729 943 1784 inter
953 1743 1025 1798 eum,
1041 1731 1087 1801 qui
1099 1744 1131 1786 ex
1142 1727 1217 1784 fidei·

263 1813 399 1869 commissi
414 1829 494 1870 causa
508 1813 606 1886 recipit
621 1812 806 1883 hereditatem,
822 1820 850 1867 et
864 1811 1008 1883 heredem,
1024 1811 1051 1868 id
1068 1820 1120 1886 est,
1143 1819 1173 1866 ut
1188 1819 1217 1866 et

262 1895 368 1952 lucrum
382 1905 410 1964 et
425 1897 550 1953 damnum
566 1895 755 1953 hereditarium
771 1911 821 1968 pro
835 1904 894 1952 rata
908 1905 985 1970 parte
997 1897 1069 1952 inter
1082 1911 1130 1972 eos
1141 1909 1217 1951 com·

264 1996 345 2037 mnne
364 1981 410 2038 sit.
452 1976 519 2039 265.
541 1979 613 2052 Ergo
634 1979 766 2053 siquidem
786 1995 842 2036 non
857 1979 918 2053 plus
934 1995 1013 2053 quam
1028 1979 1186 2036 dodrantem
1211 1972 1214 2056 l

196 2069 254 2118 120.
264 2065 422 2122 hereditatis
443 2066 560 2138 scriptus
576 2065 654 2120 hores
667 2071 779 2136 rogatus
799 2065 836 2118 sit
850 2065 1010 2135 restituere,
1030 2071 1089 2120 tum
1104 2080 1137 2120 ea
1153 2063 1217 2118 l‘re·

265 2149 378 2205 belliano
394 2157 504 2206 senatus
519 2147 645 2204 consulto
659 2148 813 2202 restituitur
827 2147 973 2218 hereditas,
990 2155 1018 2203 et
1031 2148 1059 2203 in
1069 2155 1216 2220 utrumque

265 2235 384 2290 actiones
395 2232 572 2288 hereditariae
584 2248 635 2304 pro
646 2239 705 2286 ruta
716 2239 793 2304 parte
806 2230 913 2301 dantur,
929 2233 956 2286 in
968 2231 1095 2287 heredem
1107 2231 1215 2305 quidem

264 2319 322 2372 iure
342 2317 430 2385 ciuili,
447 2317 648 2385 ineundam,
670 2316 716 2387 qui
730 2317 826 2388 recipit
840 2314 1031 2387 hereditatem,
1053 2331 1086 2372 ex
1105 2323 1215 2372 senatus

264 2399 391 2454 consulto
410 2398 595 2466 Trebellian03
623 2415 783 2472 quamquam
803 2399 882 2455 heres
902 2400 981 2455 etiam
1002 2415 1052 2472 pro
1073 2414 1104 2456 ea
1128 2406 1215 2473 parte,

265 2497 344 2555 qnam
358 2483 488 2554 restituit,
503 2483 583 2538 heres
598 2491 746 2555 permanet,
764 2484 842 2556 eique
857 2483 927 2538 etin
943 2498 1004 2538 eum
1015 2482 1122 2540 solidae
1133 2484 1217 2538 actio·

264 2581 313 2621 nes
333 2563 503 2640 competunt3
523 2564 571 2622 sed
592 2582 647 2622 non
667 2566 782 2622 ulterius
804 2573 950 2638 oneratur,
972 2583 1022 2624 nec
1042 2566 1156 2640 ulterius
1177 2565 1216 2622 illi

266 2649 363 2705 dantur
382 2652 518 2720 actiones,
537 2665 615 2724 quarn
637 2651 711 2724 apud
729 2665 791 2706 eum
812 2649 982 2707 commodum
1002 2649 1155 2706 hereditatis
1171 2665 1215 2704 re·

265 2741 364 2789 manet.
415 2727 483 2791 256.
510 2736 545 2790 tt
569 2734 673 2807 siquis
694 2733 755 2807 plus
781 2745 861 2807 quam
885 2733 1041 2792 dodrantem
1062 2732 1106 2787 uel
1132 2731 1213 2786 etiam

339 2923 358 2991 ¹)
373 2927 405 2976 In
419 2925 443 2974 V
447 2922 467 2959 ’ἲ
477 2928 645 2992 praeceditp,
661 2927 730 2992 qaod
742 2929 841 2992 alioqui
850 2927 981 2992 significat
995 2931 1082 2988 potest,
1097 2930 1215 2988 potestate

265 2997 374 3059 Publium
392 2998 439 3048 aed
456 3000 569 3048 consulis
584 3013 741 3062 praenomen
759 3000 908 3063 ignoratur,
931 3011 1035 3060 cumque
1055 2997 1130 3045 etiam
1149 2997 1217 3044 alias

266 3076 341 3118 notae
350 3069 374 3132 p'
384 3071 434 3132 etp
445 3077 631 3132 permutentur,
646 3085 702 3119 cnm
712 3067 785 3118 Scae
795 3077 833 3131 (p.
845 3066 894 3133 eoo)
904 3082 939 3117 eac
948 3067 1033 3116 Instit.
1043 3067 1116 3116 edidi
1124 3073 1216 3130 postea.
1250 3067 1252 3070 ’

264 3133 285 3202 ²)
300 3138 431 3188 retinendis
450 3135 501 3188 Vct,
525 3140 632 3188 retinere
646 3139 684 3186 ed.
699 3136 773 3186 Sina.
794 3137 833 3199 Cf.
848 3149 868 3200 1,
884 3149 917 3188 at.
937 3148 958 3199 a,
973 3145 1005 3186 tt.
1068 3171 1070 3176 -

335 3291 434 3363 §.254
450 3297 556 3356 =§.a.
575 3293 597 3343 I.
613 3293 775 3360 h.t.(e‚ne).
795 3294 983 3360 eperaapr.
1012 3295 1067 3359 Uip.
1084 3306 1166 3354 aare.
1182 3305 1216 3347 15.

265 3367 341 3416 Paul.
355 3375 377 3425 t,
391 3377 412 3417 a.
436 3365 461 3413 P.
477 3370 501 3412 et
519 3365 544 3413 P.
559 3362 707 3432 consulibus]
734 3365 891 3429 Vespasiani
908 3367 1065 3430 temporibus
1082 3381 1106 3415 a.
1122 3377 1218 3417 to—tto.

264 3433 373 3504 partitio]
393 3436 428 3499 cs.
453 3433 508 3498 Uip.
527 3446 565 3493 24,
584 3445 617 3486 25.
646 3435 794 3500 Tacapas,
813 3448 847 3488 ee.
867 3439 924 3498 §.aa
993 3433 1019 3504 ξ.
1035 3438 1094 3487 255.
1111 3438 1217 3497 =§.o.

263 3507 326 3556 Lh.
341 3513 358 3555 t.
373 3504 405 3570 (a,
419 3504 464 3570 aa).
489 3504 527 3567 Of.
546 3504 600 3570 etp.
616 3516 650 3564 aa,
665 3517 698 3556 ιι.
722 3505 754 3554 L.
769 3517 802 3557 es.
828 3507 860 3555 I).
876 3507 942 3556 adt.
960 3507 1031 3558 Fato.
1046 3505 1090 3572 (so,
1105 3505 1136 3572 a).

263 3572 364 3642 §.doh
383 3573 622 3639 §§.e.(t.)1.h.t.
644 3577 682 3640 Cf.
702 3577 756 3640 IJtp.
772 3579 788 3626 i.
804 3592 825 3627 e.
