2672 4112
491 257 706 314 PRAEFATIO.
1001 258 1079 309 XVII

170 411 224 476 le
254 408 428 493 Papiniani
454 408 617 492 responsis
645 412 677 472 eb
704 406 787 472 libro
816 407 943 492 quidem
966 428 1076 471 eorum

106 498 214 582 primo
238 499 329 560 extra
344 492 516 558 Iustiniani
539 513 653 576 corpus
675 491 751 556 iuris
774 499 868 556 antea
890 494 983 576 pauci
1004 496 1075 556 tan·

105 587 177 646 tum
193 601 305 644 versus
320 583 354 643 et
376 579 467 660 quasi
489 577 523 641 in
537 577 725 641 memoriam
739 577 790 641 vel
812 576 966 640 honorem
981 577 1076 642 modo

106 666 195 730 tanti
223 664 285 728 viri
312 662 477 726 Breviario
504 661 690 726 Alariciano
718 661 834 726 servati
862 665 966 726 erant.
1016 663 1078 726 Ac·

107 752 276 815 cesserunt
290 767 377 812 nunc
393 767 432 810 ex
447 747 577 829 proprio
593 749 837 830 pervetustoque
858 746 953 812 huius
971 748 1076 829 operis

111 857 185 899 oum
216 833 304 897 notis
333 830 428 894 Pauli
457 835 488 894 et
520 829 652 913 Ulpiani
684 829 792 894 codiee
825 831 928 914 primo
964 831 1077 894 lolium

110 919 309 1001 duplicatum
324 915 532 980 Beroliuense
548 920 581 980 et
596 914 692 998 paulo
709 918 782 998 post
796 915 899 979 frusta
920 915 1076 998 quaedam

22 1059 23 1062 ,
110 1003 243 1067 Parisiis
273 1004 452 1083 asservata,
481 998 560 1063 illud
590 999 672 1062 libro
695 999 822 1082 quinte,
851 998 966 1064 haecce
994 999 1077 1064 libro

21 1083 23 1092 '
110 1109 199 1151 nono
221 1085 435 1170 assignanda:
458 1088 591 1167 utraque
608 1103 693 1165 vero,
717 1088 876 1168 quatenus
898 1105 956 1148 suo
979 1085 1077 1148 nitori

111 1176 289 1255 potuerunt
316 1169 457 1246 restitui,
487 1189 597 1232 rursus
624 1167 864 1251 praeclarorum
893 1167 1008 1232 horum
1030 1169 1078 1232 in-

113 1257 281 1341 geniorum
303 1254 449 1338 insignes
471 1252 588 1317 foetus.

178 1340 238 1404 Sed
256 1343 288 1402 et
309 1339 370 1422 ipsi
385 1335 526 1420 Ulpiano
549 1357 606 1400 suo
629 1336 759 1400 nomine
782 1339 814 1400 et
835 1336 926 1400 libris
949 1336 1079 1420 quidem

116 1425 202 1505 eius,
223 1427 260 1486 ut
282 1421 510 1504 demonstravi,
538 1420 577 1484 ad
600 1420 754 1502 edictum,
783 1442 822 1484 ex
850 1421 964 1505 quibus
987 1425 1078 1486 extra

114 1507 252 1590 Digesta
273 1510 364 1570 antea
385 1509 512 1570 lantum
535 1505 633 1570 verba
655 1504 762 1589 aliqua
784 1505 825 1569 ab
847 1505 918 1570 aliis
941 1507 1077 1589 scripto·

114 1591 203 1655 ribus
235 1591 336 1655 relata
367 1589 575 1670 habebamus,
613 1610 718 1654 novae
755 1591 883 1654 maioris
921 1591 1075 1655 moment'

113 1697 298 1760 quanquam
320 1675 451 1739 mutilae
474 1675 651 1739 sententiae
674 1672 837 1738 addendae
861 1680 967 1758 erant,
997 1697 1076 1760 quas

112 1761 223 1823 folium
248 1759 411 1844 singulare
434 1758 642 1823 Berolinense
665 1758 891 1842 suppeditavit.

177 1843 303 1909 Deinde
328 1865 366 1908 ex
387 1843 538 1908 inferiore
561 1846 667 1908 aetate
681 1842 862 1908 Iustiniano
885 1845 948 1907 iam
970 1845 1078 1908 vicina

113 1929 175 1993 nisi
189 1929 269 1993 adeo
293 1949 409 1993 coaeva
430 1928 619 2012 prodierunt
640 1928 755 1992 incerti
777 1928 917 1992 auctoris
940 1928 1078 1992 scholio·
1112 1971 1114 1976 ,

117 2035 187 2077 rum
208 2015 404 2078 Graecorum
426 2015 461 2076 in
484 2011 616 2096 Ulpiani
639 2012 736 2075 libros
764 2013 804 2074 ad
827 2011 984 2076 Sabinum
1005 2012 1078 2076 reli·

121 2097 211 2178 quiae
241 2119 323 2180 quae
353 2098 448 2182 vulgo
482 2117 570 2160 nuno
598 2095 795 2178 Fragmenta
830 2095 909 2159 iuris
941 2094 1079 2160 Romani

34 2204 44 2259 g
122 2179 271 2244 Sineitica
298 2202 340 2244 ex
366 2181 575 2258 monasterio,
609 2179 664 2244 ubi
693 2182 820 2264 reperta
848 2183 939 2260 sunl,
972 2181 1080 2266 appel·

37 2284 42 2293 ·
117 2264 234 2346 lentur,
257 2284 318 2328 nee
341 2285 377 2328 ea
399 2265 649 2343 contemnenda,
673 2268 706 2328 et
727 2285 783 2328 auo
805 2264 876 2329 loco
898 2265 1078 2330 inserenda.

34 2304 41 2431 l
181 2347 403 2413 Haecomnia
426 2353 599 2433 augmenta
628 2370 667 2412 ex
689 2370 760 2412 mea
781 2349 981 2431 recensione,
1009 2371 1079 2433 par·
1177 2403 1179 2408 .

34 2464 39 2507 ;
119 2433 179 2495 tim
199 2437 324 2497 tantum
346 2435 411 2497 iam
435 2439 530 2498 antea
551 2433 671 2517 publici
695 2433 772 2497 iuris
795 2434 882 2498 facte
897 2434 1079 2519 vulgantur,

122 2519 157 2578 ut
172 2517 262 2581 etiam
284 2517 347 2582 hac
369 2522 462 2600 parte
476 2523 588 2582 nostra
603 2518 699 2582 editio
714 2539 798 2582 nova
820 2519 934 2582 lectori
956 2519 1077 2584 offerat.

175 2599 215 2665 In
243 2602 329 2666 votis
363 2602 491 2686 quidem
520 2602 693 2687 aliquando
722 2607 803 2682 erat,
837 2603 934 2666 etiam
961 2602 1078 2668 librum

115 2684 190 2749 iuris
214 2685 295 2770 Syro
318 2685 455 2751 Romani
484 2687 560 2752 aC.
584 2687 622 2755 G.
644 2686 783 2750 Brunsio
805 2688 891 2752 socio
915 2693 1079 2772 assumpto
1130 2713 1135 2721 ·

114 2769 240 2834 Sachau
269 2770 446 2854 publicato,
479 2775 511 2835 et
538 2771 643 2855 ipsum
665 2793 742 2836 sane
765 2775 840 2836 aule
862 2771 1079 2837 Iustinianum

113 2851 298 2918 confectum
327 2854 377 2920 vel
405 2856 520 2920 saltem
548 2857 725 2920 sententies
754 2856 832 2920 iuris
860 2858 1078 2922 consultorum

112 2936 350 3022 Romanorum,
379 2961 461 3024 quae
487 2941 521 3004 in
544 2961 581 3005 eo
604 2942 823 3020 continentur,
852 2939 960 3026 aliquo
983 2943 1078 3007 modo

112 3023 143 3086 in
165 3027 314 3088 nostram
337 3025 560 3089 collectionem
581 3045 673 3110 posse
695 3026 853 3108 recipere,
881 3047 922 3090 ne
945 3027 1022 3110 quid
1045 3029 1078 3092 iu

113 3129 160 3189 ea,
190 3108 277 3191 quod
306 3108 420 3173 titulus
448 3110 633 3193 promittere
662 3109 801 3194 videtur,
832 3110 1075 3177 desideraretur.

113 3189 173 3255 Sed
204 3195 238 3256 et
265 3192 396 3278 linguae
424 3193 590 3258 diversitas
627 3195 770 3278 aliaeque
798 3194 1004 3261 difficultates
1032 3198 1079 3262 rei

114 3281 185 3358 apte
202 3277 415 3360 perficiendae
431 3278 612 3358 effecerunt,
636 3283 672 3342 ut
686 3300 844 3362 perpensa
858 3301 902 3359 re,
923 3280 1077 3347 hoccon-

115 3361 239 3441 silium,
264 3362 441 3445 peritorum
464 3367 500 3427 ut
517 3384 625 3446 spero,
649 3384 721 3427 cum
744 3364 869 3447 plausu,
893 3365 1075 3429 abiicerem.

177 3461 281 3542 Scrib.
301 3460 515 3529 Vratislaviae
538 3485 647 3529 mense
670 3463 756 3528 Maio
779 3487 806 3530 a.
823 3471 1077 3526 MDOOCLXXXV.

161 3725 262 3756 ωηερε.
276 3725 354 3758 arrum.
368 3726 419 3758 nen.
439 3727 477 3760 nn,
493 3729 514 3760 r.
859 3708 876 3758 b
