2684 4112
252 213 318 280 410
601 232 658 268 oon
678 233 736 269 ono
755 233 853 270 rosam

250 351 472 432 Ἀθηναίων’
437 377 545 433 νομους
558 361 622 428 ταῖς
639 354 710 418 δέκα
744 361 947 435 praefuturos,
963 379 1084 434 quornm
1093 366 1208 434 primus

253 437 287 499 ti
287 434 545 535 λτοιςᾶναλάβωσι,
559 437 631 500 isna
638 461 710 518 προ
747 453 843 502 costos
855 447 935 502 urbis
945 449 1040 502 dictas
1056 455 1098 503 cst
1110 443 1206 520 (qoem

253 517 371 602 εβοὶλετο
383 519 638 618 δδῆμοςὸἰνδρας
630 519 710 584 ἄνθ·
745 546 823 587 nunc
836 528 1021 601 praesectum
1041 532 1106 586 nrbi
1121 548 1206 588 coca·

255 604 408 685 εξομένονς
434 615 495 667 τῶν
521 601 710 704 πραγμάτων,
746 607 833 686 mons).
845 629 970 685 rostanno
978 621 1072 670 autem
1077 622 1205 685 potesta

254 682 340 752 ὧν*
326 713 342 751 ο
368 698 484 770 πρῶτος
517 699 569 768 τῆς
601 687 711 760 πόλεως
747 697 1206 769 tisillierontdnodccimfasces,·

254 772 352 851 φύλαξ
362 770 599 854 προσηγορεύθη,
613 769 708 834 ὁνοθ’
747 787 778 837 at
793 783 897 836 ceteris
911 797 967 836 non
983 783 1062 845 item,
1083 783 1134 837 ssd
1146 785 1204 838 sin·

252 854 331 937 ἡμᾶς
346 858 512 964 πολίορχος
535 855 586 918 int
550 859 664 954 minnan
678 854 712 918 bb
745 866 820 938 aulis
841 878 916 920 nnus
938 869 1048 920 tantum
1064 873 1203 922 armatus.

254 950 306 1021 τῆς
327 940 457 1016 ἒίξουσας
477 935 518 1020 ἦν
537 932 621 1024 οὐτῳ
643 941 710 1002 bno·
745 947 898 1019 proefecto
920 949 1000 1003 urbis
1025 963 1093 1005 nero
1119 953 1205 1004 etiam

252 1025 376 1086 cottona
369 1021 515 1129 ῥάβδοι,
531 1030 592 1097 τοις
599 1003 640 1084 oi
656 1029 712 1085 λοι·
746 1031 852 1088 cohors
864 1037 1022 1104 toyatoram
1034 1033 1205 1089 ciliciorum

252 1115 321 1183 noio
342 1105 396 1186 οὐχ
410 1109 522 1187 οὕτως,
542 1105 711 1212 ὁπλοφόρος
748 1121 775 1170 et
791 1117 905 1171 vinceda
927 1121 956 1170 et
977 1129 1052 1188 quoe
1074 1117 1133 1171 aiio
1149 1119 1204 1172 sci·

253 1189 323 1254 δὲ’
306 1189 371 1254 ον’
381 1190 504 1252 εκοοτον
524 1185 568 1265 εἷς
588 1192 639 1253 nai
659 1192 711 1270 μό·
748 1213 821 1269 mus,
837 1199 970 1254 oderant.

254 1298 315 1349 νος.
338 1285 378 1359 τρο
392 1269 472 1355 ys
435 1300 495 1354 μην
505 1277 652 1358 πολιορχω
663 1274 713 1336 nab

254 1355 334 1432 nagog
358 1337 486 1437 ἀνδρῶν
523 1337 713 1503 comaclo&

253 1463 374 1520 ρωνναι
366 1441 546 1548 ροβδοῦχοι
558 1441 609 1503 nob
639 1441 712 1521 εομᾶ

253 1524 336 1586 nni
319 1542 374 1586 ooo
390 1525 655 1605 inminutionem.
672 1559 714 1572 -

254 1614 292 1675 Ιο.
309 1613 387 1670 Laus.
403 1613 468 1688 Lyd.
485 1615 518 1670 de
533 1631 602 1688 mog.
620 1615 649 1686 1,
662 1614 712 1675 34.

622 1747 833 1758 Ἣ

315 1852 344 1914 2.
367 1855 464 1913 Uerum
479 1859 507 1913 tn
529 1857 739 1931 compositione,
762 1865 792 1911 ut
814 1847 1029 1928 οριιι1’(ἰοὶοιιι,ι
1052 1855 1202 1928 reperimus

252 1939 341 1998 ‘otior'
355 1935 481 1998 dictum.²
490 1969 524 1982 -
539 1941 657 1997 biomei.
670 1938 716 1996 lib.
728 1939 748 2000 Ι,
762 1956 789 2013 p.
802 1937 873 1996 3⁷5.
891 1939 1001 1996 Putsoh.
1012 1956 1038 2012 p.
1052 1938 1122 1999 379.
1134 1937 1202 1996 Keil.
1214 1952 1276 2002 [ost]

326 2107 346 2176 ¹)
364 2109 461 2160 Corium
481 2109 543 2160 ΟΜ.
562 2110 602 2160 ed.
621 2108 690 2158 Keil.
723 2106 804 2157 Caium
823 2106 880 2158 edd.
901 2109 1069 2172 antiquiores.
1101 2107 1203 2158 Keiiius

251 2182 400 2244 suspicatur
409 2180 511 2232 Calvam
521 2179 671 2245 (Licinium,
681 2177 813 2228 Ciceronis
819 2177 958 2242 aequalem)
966 2180 1120 2243 sianiflcari,
1129 2181 1203 2228 cuias

252 2257 334 2301 tamen
344 2250 505 2301 orationibus
514 2257 611 2300 tantam
621 2249 756 2299 Diomedes
766 2263 826 2298 osus
835 2262 890 2298 esse
899 2248 1009 2307 videtur,
1024 2263 1071 2299 nec
1081 2249 1203 2300 credibile

252 2329 298 2380 est,
312 2314 379 2370 banc
389 2335 474 2370 vocem
484 2322 536 2369 οἱοὶ
544 2336 560 2370 a
570 2322 649 2383 poeta
659 2326 703 2368 ant
713 2319 869 2382 informatis
878 2317 1202 2386 antiquis(oe1ntanyora·

253 2392 286 2439 lis
300 2389 464 2453 disciplinae)
479 2406 496 2438 a
505 2391 633 2453 scriptore
642 2391 734 2438 relatis
743 2395 892 2452 usurpatam
900 2401 970 2438 esse:
988 2403 1037 2453 qao
1051 2391 1127 2439 etiam
1138 2389 1203 2438 illud

252 2459 315 2522 opud
328 2467 446 2522 spectare
459 2459 569 2508 videtur.
597 2458 682 2508 Simili
699 2459 731 2507 de
746 2474 825 2508 causa
844 2459 875 2507 de
891 2458 972 2508 Gavio
985 2458 1069 2510 Basso
1088 2462 1202 2526 conitere
1244 2509 1249 2518 ,

252 2544 303 2580 non
318 2529 404 2580 licebit
418 2527 476 2595 (nec
483 2531 661 2594 cooitaoerunt
670 2528 753 2578 Lacr.
763 2529 871 2579 Lerscb.
886 2530 913 2578 in
924 2527 1019 2580 eonor.
1033 2529 1056 2580 Ι.
1063 2545 1092 2593 p.
1102 2542 1142 2582 stt
1150 2545 1201 2594 seq.

252 2607 277 2650 et
293 2596 321 2648 O.
336 2597 411 2648 Iabn.
426 2599 462 2650 ad
476 2599 549 2650 Pers.
560 2615 588 2663 p.
599 2598 667 2666 sle),
681 2601 791 2650 macione
804 2599 873 2664 qnod
887 2600 910 2649 is
923 2615 940 2649 a
951 2602 1119 2665 qrammatico
1128 2601 1203 2650 semei

252 2677 350 2722 tantam
359 2669 479 2719 laudatus
488 2671 598 2720 sicsine
608 2671 757 2736 connomine
764 2671 894 2720 nominari
899 2671 1022 2732 potuerit.
1037 2668 1090 2720 Sed
1098 2669 1203 2720 librarii

252 2742 368 2805 cogitare
383 2746 532 2803 potuerant,
547 2741 574 2790 in
588 2741 657 2791 nodo
667 2741 836 2804 praenomine
848 2739 905 2789 Caii
918 2742 957 2789 oet
969 2739 1029 2790 Gaii
1038 2740 1201 2804 offendentes,

252 2813 326 2860 cuias
343 2808 409 2859 Osca
422 2817 519 2859 tantum
530 2810 617 2874 forma
633 2809 729 2860 Gavius
741 2817 860 2874 sequente
870 2812 971 2860 nomine
984 2812 1060 2860 etiarn
1072 2825 1086 2860 e
1099 2810 1201 2860 diverso

252 2895 309 2930 cam
322 2880 420 2929 Latina
432 2895 509 2944 saepe
523 2889 675 2932 commutata
684 2887 722 2930 est
736 2879 782 2947 (cs.
792 2879 913 2930 Lactant.
923 2892 944 2939 1,
953 2890 987 2931 st.
1007 2881 1074 2946 Lyd.
1085 2880 1202 2930 demens.

252 2963 272 3009 1,
280 2948 312 3015 2).
335 2949 482 3015 Quanquam
489 2953 572 3016 iyitnr
582 2967 625 3002 res
634 2954 735 3002 incerta
744 2957 790 3008 est,
800 2957 882 2999 tamen
890 2951 1027 3000 maximam
1032 2950 1202 3015 probabilita-

252 3029 300 3070 tem
313 3020 400 3080 babet,
416 3020 508 3072 Gaiam
521 3022 653 3088 legendnm
667 3028 692 3070 et
705 3020 900 3085 intellegendam
913 3033 975 3070 esse.
1063 3017 1084 3087 ¹)
1097 3019 1128 3071 Si
1140 3021 1203 3071 baec

252 3091 288 3140 ad
298 3090 389 3141 Gaiam
402 3100 516 3142 nostram
525 3099 650 3156 spectant,
660 3092 706 3140 oio
715 3098 762 3152 est,
772 3097 800 3139 ot
809 3092 887 3140 aliam
899 3089 960 3141 Gaii
968 3090 1061 3141 librom
1070 3091 1204 3142 Diomedes

251 3164 375 3212 tractarit
383 3170 492 3227 praeter
505 3163 695 3219 Institutionss,
710 3166 736 3210 et
748 3162 775 3209 in
795 3161 848 3219 bis,
868 3167 897 3210 nt
910 3163 963 3210 aiio
977 3163 1034 3212 loco
1047 3177 1070 3211 ο.
1088 3163 1149 3211 otior
1162 3159 1201 3212 ob·

251 3234 350 3282 venerit
359 3240 435 3298 atque
445 3235 472 3282 in
483 3231 635 3284 solemnibus
643 3230 729 3280 verbis
737 3232 894 3281 sacrmenti
902 3232 1021 3282 actionis.
1042 3230 1162 3298 Itaqoet,
1171 3241 1203 3283 tt.

251 3304 278 3353 in
298 3307 471 3368 supplemento
489 3319 511 3352 ο.
531 3311 641 3364 so—st.,
663 3301 732 3365 qnod
749 3301 785 3351 ibi
802 3303 830 3351 in
849 3308 910 3352 nota
928 3301 1080 3365 informavi,
1099 3303 1135 3352 ad
1151 3303 1204 3352 titis

251 3377 459 3425 contestationem
473 3387 527 3422 eom
541 3372 632 3433 retnii,
647 3385 712 3435 quae
727 3373 802 3436 qnasi
819 3370 880 3421 belii
895 3371 1020 3437 quaedam
1033 3373 1143 3424 indictio
1156 3373 1204 3424 boc

247 3444 347 3508 fortius
361 3459 436 3509 qnam
450 3443 488 3491 sio
502 3440 605 3492 verbnm
618 3441 769 3492 desiderare
778 3443 872 3506 potnit.
