2672 4112
265 233 317 280 xrr
458 215 460 219 ‘
640 227 844 278 rnaerarro.

266 401 351 445 nuno
379 380 537 464 plerisque
564 379 684 463 placet,
707 379 762 443 sed
785 379 1027 462 accuratiorem,
1059 401 1121 462 qua
1142 380 1218 444 olim
1319 367 1322 406 '³

265 465 312 529 uti
340 465 534 546 solebamus,
562 483 599 528 ea
626 463 810 546 quoquein
837 483 871 527 re
893 463 1032 528 tironum
1054 463 1217 528 desideriis
1320 473 1322 482 ’

266 551 304 625 εὴ,
320 549 493 613 commodis
514 547 699 612 inserviens.
742 545 849 610 Etiam
870 545 1131 630 orthographiam
1152 569 1217 612 non

266 653 351 714 eam,
387 653 468 714 quae
504 631 539 695 in
575 630 734 694 codicibus
766 630 991 713 manuscriptis
1024 631 1217 696 diversorum

265 716 456 798 scriptorum
478 715 564 778 varie
587 713 782 795 observatur,
806 714 861 779 sed
876 714 942 778 fere
957 715 1120 797 aequalem
1135 735 1217 780 eam·

265 819 335 881 que,
357 819 420 883 qua
441 819 527 862 nune
549 798 733 880 plerumque
755 798 883 879 utimur,
907 797 1046 862 adhibui.

329 882 502 946 Adnotatio
535 882 652 964 partim
685 881 723 945 ad
755 882 974 965 integritatem
1001 885 1215 946 monumento·

265 987 335 1029 rum
358 968 490 1048 spectat,
512 967 630 1048 partim
645 963 684 1027 ad
707 965 1011 1047 interpretationem.
1056 966 1109 1032 Ad
1131 966 1217 1030 illam

265 1049 349 1133 quod
371 1049 498 1131 attinet,
521 1049 703 1112 universum
718 1049 861 1114 criticum
878 1053 1068 1194 apparatum
1083 1052 1117 1114 in
1131 1050 1217 1114 notis

265 1133 435 1215 adstruere,
458 1154 477 1196 a
499 1131 632 1196 consilio
645 1132 744 1194 totius
759 1132 862 1214 operis
878 1154 896 1195 a
911 1133 1017 1198 ienum
1032 1137 1109 1198 erat.
1148 1133 1218 1198 Hoc

264 1219 391 1281 tantum
405 1216 574 1298 referebat,
589 1216 624 1280 in
638 1215 756 1280 tradito
771 1219 860 1280 textu
875 1218 903 1280 si
918 1216 993 1298 quid
1008 1219 1217 1300 mutaveram,

264 1299 303 1364 de
336 1320 372 1364 eo
404 1301 555 1364 lectorem
587 1299 748 1364 admoneri
783 1300 1033 1382 necessariisque
1067 1299 1217 1366 subsidiis

263 1383 394 1465 instrui,
426 1387 462 1446 ut
493 1384 561 1464 ipse
596 1383 735 1447 iudicare
768 1387 884 1465 posset.
928 1382 1041 1466 Itaque
1074 1383 1217 1468 singular

263 1469 371 1550 partes
393 1465 433 1529 ad
454 1467 607 1548 optimam
629 1466 679 1530 vel
707 1464 960 1550 vulgatissimam
983 1467 1133 1550 cuiusque
1156 1488 1217 1551 qna

263 1571 350 1614 nunc
379 1550 512 1632 utimur,
541 1548 717 1616 aditionem
749 1549 784 1612 in
814 1550 1014 1632 praefatione
1043 1551 1217 1616 indicatam

264 1633 510 1712 accommodari,
526 1634 571 1698 ita
586 1637 621 1697 ut
636 1634 663 1696 si
679 1633 719 1696 ab
734 1632 794 1697 hac
809 1633 844 1696 in
859 1654 921 1716 quo
941 1636 1053 1698 nostra
1073 1635 1217 1700 recensio

264 1716 459 1799 deflecteret,
488 1717 695 1798 indicaretur,
725 1717 780 1780 ubi
807 1739 886 1799 opus
909 1717 1089 1800 videbatur,
1118 1719 1216 1783 etiam

263 1801 386 1864 ratione
419 1800 551 1864 reddita.
584 1837 626 1849 -
657 1799 957 1884 Interpretationem
990 1803 1217 1867 commentario

263 1884 410 1949 adiurare
433 1888 522 1948 extra
537 1881 734 1968 propositum
749 1889 825 1950 erat.
858 1884 951 1950 Tales
967 1886 1052 1950 enim
1067 1884 1216 1950 exhibere

262 1968 410 2033 ICtorum
436 1968 535 2032 libros
563 1969 732 2051 voluimus,
765 1973 802 2033 ut
817 1969 887 2053 qui
915 1971 1035 2034 modice
1063 1969 1214 2052 iurispru·

263 2052 372 2116 dentia
400 2053 539 2117 imbutus
566 2057 665 2136 esset,
695 2075 751 2136 per
779 2057 878 2118 semet
904 2055 1008 2137 ipsum
1030 2053 1217 2138 intellegere

263 2157 316 2199 eos
338 2141 460 2218 posset:
482 2138 516 2199 in
539 2157 634 2218 quam
656 2157 723 2198 rem
738 2137 922 2217 plerumque
938 2137 1116 2200 sufficiebat
1131 2137 1217 2200 vitiis

262 2223 415 2301 purgatos
437 2222 469 2281 et
491 2224 645 2300 quatenus
660 2219 728 2281 fieri
742 2221 877 2299 poterat,
900 2218 1044 2300 integros
1059 2237 1111 2281 eos
1126 2239 1215 2300 prae·

263 2305 359 2364 stare.
393 2299 499 2365 Tanta
522 2302 607 2364 enim
630 2304 678 2364 est
691 2299 839 2364 IOtorum
860 2299 1012 2382 loquendi
1026 2301 1215 2384 proprietas,

262 2387 298 2448 ut
325 2382 419 2448 modo
449 2384 591 2466 ipsorum
613 2383 770 2466 loquelam
793 2383 902 2446 audias
924 2404 984 2448 nec
1006 2383 1094 2448 rudis
1116 2383 1216 2450 sis-in

262 2489 296 2532 re
318 2488 397 2551 quae
418 2471 584 2550 tractatur,
606 2468 766 2532 intentum
787 2467 914 2550 quidem
935 2468 971 2531 in
992 2487 1059 2532 rem
1074 2468 1216 2533 animum

262 2553 294 2614 et
315 2551 555 2616 meditationem
576 2554 720 2635 poscant,
744 2551 918 2633 interprete
939 2571 1015 2616 vero
1030 2551 1216 2634 plerumque

261 2655 327 2698 non
350 2638 474 2719 egeant.
508 2634 619 2718 ltaque
641 2635 676 2698 in
698 2655 821 2698 summa
835 2633 1074 2698 meditationem
1089 2638 1216 2700 tantum

262 2718 409 2783 adiuvare
431 2719 560 2801 placuit,
583 2719 617 2782 in
639 2718 678 2782 iis
701 2719 886 2800 praesertim
908 2717 1007 2800 libris,
1031 2718 1115 2783 unde
1137 2719 1216 2784 iuris

263 2802 364 2866 civilis
393 2803 579 2886 antiquioris
608 2803 750 2886 cognitio
782 2803 919 2866 maxime
946 2801 1106 2885 hauritur,
1137 2803 1215 2868 locis

261 2885 411 2950 indicatis
434 2886 569 2950 aliorum
591 2889 884 2968 monumentorum,
911 2885 1082 2969 inquibus
1105 2887 1215 2951 eadem

260 2990 311 3033 res
334 2971 503 3034 tractatur:
536 2990 609 3034 raro
632 2969 728 3034 etiam
749 2969 877 3034 notulas
899 2969 1085 3052 interspersi
1108 2969 1147 3034 ad
1169 2971 1215 3034 in·

259 3053 405 3117 tellectus
433 3053 574 3136 aliquam
603 3052 824 3118 difficultatem
846 3054 1054 3137 pertinentes.
1098 3052 1160 3118 sed
1183 3057 1216 3118 et

260 3137 295 3201 in
316 3136 395 3200 locis
416 3136 480 3201 illis
496 3136 652 3201 similibus
667 3137 848 3203 indicandis
863 3137 992 3202 modum
1007 3137 1141 3216 servavi,
1156 3157 1215 3218 pro

260 3240 377 3304 genere
392 3220 519 3304 quidem
535 3222 686 3304 cuiusque
703 3221 886 3304 scriptionis
902 3221 1069 3302 diversum,
1085 3219 1214 3284 omnino

262 3324 333 3368 vero
362 3304 422 3368 hac
450 3325 563 3370 norma
590 3306 804 3388 aestimatum,
833 3309 869 3368 ut
891 3325 927 3369 ea
947 3307 1073 3368 tantum
1096 3303 1214 3385 allega·

259 3391 378 3472 rentur,
401 3409 482 3472 quae
497 3389 538 3454 ad
552 3395 636 3474 rem,
652 3389 690 3454 de
711 3411 773 3473 qua
787 3391 944 3472 ageretur,
967 3385 1215 3469 intellegendam

259 3471 412 3556 facerent,
433 3493 500 3538 non
522 3475 628 3557 etiam,
652 3495 733 3557 quae
755 3473 825 3555 ipsa
847 3492 885 3534 ex
908 3490 945 3533 eo
967 3470 1048 3551 loce,
1072 3469 1126 3551 qui
1143 3468 1213 3534 illu·
