2680 4112
483 279 506 314 c.
524 279 619 316 armas
637 259 746 316 canuno.⁴
1025 273 1086 330 117

188 401 218 463 6.
243 404 309 462 Esse
332 407 412 462 etiam
428 404 491 462 dicit
506 404 599 478 Capito
615 407 707 462 Ateius
723 405 848 477 edictum,
865 405 955 462 diuino
970 407 1088 481 Augusti

124 509 156 548 an
168 489 271 547 liberii
283 490 403 546 Caesaris
419 491 553 546 nonsatis
570 491 748 562 commemini,
764 507 818 563 quc
834 489 922 546 edicto
938 505 986 564 per
1000 491 1088 547 uarias

124 575 323 632 sollemnitates
344 591 360 630 a
380 575 510 630 trecentis
525 574 658 629 sestertiis
675 573 794 647 adusque
808 573 863 630 duo
879 575 1001 630 sestertia
1017 590 1088 630 snm·

81 669 190 733 [erptus
213 673 342 714 cenarum
363 664 530 730 propagatus
552 665 604 728 est,
627 665 657 712 ut
679 657 721 713 his
744 657 837 713 saltem
853 655 951 714 finibus
966 657 1089 714 luxuriae

126 742 331 799 efferuescentis
348 749 438 797 aestus
453 750 633 797 coerceretur.
652 771 689 780 —
707 740 774 796 Cell.
792 740 822 811 2,
839 740 889 798 rt.
905 741 934 814 S.
953 739 999 798 15.

190 821 218 884 7.
241 825 296 881 Nos
320 831 409 880 autern
431 826 459 880 in
475 823 610 898 Capitonis
631 826 700 880 Ateii
723 826 901 882 coniectaneis
923 824 1088 897 inueninrus,

125 911 249 968 siticiues
264 908 426 982 appellatos,
442 909 487 981 qui
502 907 574 982 apud
589 909 656 964 sitos
672 924 767 964 canere
782 907 856 964 soliti
867 916 968 980 essent,
984 911 1036 967 boc
1047 918 1090 965 est

125 996 182 1050 uita
210 993 321 1050 iunctos
344 1000 371 1047 et
393 991 534 1064 sepultos,
564 1007 665 1066 eosque
687 991 814 1048 habuisse
840 993 981 1066 proprium
1002 1009 1089 1065 genus

126 1076 221 1148 tubae,
237 1092 289 1149 qua
305 1084 443 1146 canerent,
459 1092 474 1130 a
489 1084 641 1132 ceterorum
656 1075 805 1132 tubicinum
821 1075 956 1132 differens.
971 1105 1008 1116 -
1021 1076 1090 1132 Gell.

127 1159 179 1231 20,
197 1159 227 1217 a.
244 1159 271 1230 S.
290 1158 320 1218 3.
336 1167 364 1214 et
378 1175 412 1214 ex
427 1175 459 1215 eo
475 1159 543 1214 Non.
562 1159 589 1230 1,
606 1158 676 1220 268.
693 1177 720 1234 p.
737 1158 787 1218 54.

430 1327 470 1382 lle
492 1327 684 1400 pontificio
708 1330 789 1384 iure.

197 1424 227 1483 8.
249 1426 394 1500 Propterea
420 1425 501 1482 uerba
523 1428 593 1483 Ateii
615 1426 750 1500 Capitonis
779 1443 810 1482 er
832 1427 928 1500 quinto
951 1426 1090 1499 librorum,

133 1526 207 1584 quos
228 1510 261 1565 de
281 1508 420 1584 pontificio
441 1511 500 1566 iure
521 1513 680 1584 composuit,
698 1511 808 1584 scripsi:
837 1509 906 1567 ‘lib
922 1511 1090 1569 Coruncanio

127 1591 256 1669 pontifici
266 1595 378 1649 marimo
390 1594 472 1649 leriae
484 1594 672 1668 praecidaneae
689 1595 715 1650 in
731 1603 818 1650 atrurn
830 1595 900 1650 diem
915 1597 1090 1670 inauguratae

128 1686 205 1736 sunt.
229 1677 379 1750 Collegium
395 1677 525 1749 decreuit,
540 1695 595 1734 non
610 1677 761 1734 habendum
773 1678 907 1752 religioni,
925 1681 989 1752 quin
1003 1695 1035 1735 eo
1047 1679 1090 1735 die

128 1761 214 1818 leriae
228 1761 423 1835 praecidaneae
438 1760 552 1818 essent’.
565 1793 601 1802 -
619 1762 687 1819 Cell.
704 1762 734 1833 4,
751 1764 779 1820 6.
796 1763 824 1834 3.
840 1761 888 1818 10.

193 1841 222 1902 9.
247 1843 397 1914 ‘blundus’,
427 1852 457 1900 ut
480 1848 517 1900 ait
538 1845 631 1918 Capito
654 1848 746 1901 Ateius
768 1847 796 1902 iu
818 1846 835 1903 l.
857 1845 909 1900 Vll.
932 1831 1091 1918 pontificali,

128 1928 185 1984 ‘ter
206 1931 235 1984 in
259 1944 329 1983 anno
352 1937 445 2001 patere
461 1929 532 1984 solet
547 1928 641 1984 diebus
663 1929 716 1984 bis:
739 1929 869 2001 postridie
892 1927 1043 1984 Vulcanalia
1065 1938 1092 1985 et

129 2021 194 2068 ante
215 2012 284 2067 diem
306 2011 375 2086 (Ill.
393 2012 466 2068 Non.
485 2011 546 2069 Oct.
569 2020 596 2068 et
612 2020 679 2068 unte
694 2007 793 2082 dicm)¹
818 2011 859 2066 Vl.
880 1999 918 2066 ld.
941 2011 1025 2067 Nou:
1046 2013 1091 2094 qui

129 2095 195 2169 quid
216 2097 253 2151 ita
275 2095 390 2166 dicatur,
412 2098 451 2151 slc
471 2096 555 2152 reiert
570 2095 635 2152 Cato
651 2097 678 2150 in
695 2096 892 2151 commentariis
907 2096 974 2150 iuris
989 2095 1091 2150 ciuilis:

129 2179 255 2234 “blundo
275 2195 374 2234 nomen
394 2180 548 2253 impositum
570 2189 612 2236 est
633 2179 664 2234 ab
685 2195 718 2235 eo
739 2178 851 2249 mundo,
874 2181 920 2252 qui
939 2195 1020 2252 supra
1041 2195 1091 2235 nos

129 2271 188 2332 est3
204 2263 292 2318 iorma
308 2263 378 2318 eninr
394 2265 451 2318 eins
467 2274 517 2333 est,
536 2273 565 2318 ut
580 2279 612 2318 cs
627 2264 678 2334 bis,
695 2265 741 2336 qui
757 2265 901 2336 intrauere,
925 2278 1092 2336 cognoscere

128 2348 219 2421 potui,
241 2345 369 2401 adsimilis
389 2345 489 2402 illae’':
511 2349 568 2402 eius
590 2347 743 2402 inferiorem
765 2353 868 2420 partem
890 2345 975 2402 ueluti
997 2363 1091 2402 conse·

129 2437 233 2486 oratam
249 2429 289 2485 dis
306 2429 425 2484 manibus
441 2431 557 2486 clausam
572 2433 645 2486 omni
661 2439 792 2503 tempore,
808 2431 859 2485 nisi
874 2429 1028 2502 hisdiebus,
1045 2433 1091 2504 qui

130 2529 216 2585 supra
231 2515 324 2586 scripti
339 2521 421 2583 snut,
437 2517 551 2570 maiores
567 2521 741 2571 censuerunt
755 2515 931 2590 babendum,
948 2531 1017 2588 quos
1033 2514 1090 2570 dies

131 2597 214 2654 etiam
238 2596 382 2668 religiosos
402 2597 591 2654 iudicauerunt
612 2613 641 2653 ea
656 2598 689 2653 de
705 2613 792 2668 causa,
809 2597 881 2670 quod
898 2614 953 2670 quo
968 2607 1091 2672 tempore

130 2696 172 2751 ea,
190 2695 257 2752 qnae
272 2679 396 2737 occultae
410 2689 438 2736 et
453 2681 555 2736 abditae
570 2681 709 2755 religionis
731 2681 842 2738 deorum
859 2681 973 2736 llanium
989 2689 1090 2752 essent,

130 2763 217 2820 ueluti
234 2763 364 2820 inlocum
381 2765 513 2838 quandam
528 2765 725 2826 adducerentur
745 2772 772 2820 et
792 2762 961 2838 patelierent,
982 2765 1049 2822 nibil
1063 2767 1090 2822 in

129 2864 162 2904 eo
184 2855 310 2918 tempore
330 2849 358 2904 in
376 2865 436 2922 rep.
459 2849 517 2922 geri
537 2849 697 2905 uoluerunt:
719 2850 811 2922 itaque
833 2865 882 2922 per
901 2865 948 2904 eos
964 2848 1020 2905 dies
1035 2865 1091 2905 non

129 2947 192 2988 cum
207 2931 290 2988 hoste
305 2947 398 2988 manus
413 2931 602 3004 conserebant,
622 2949 677 2990 non
693 2934 826 2989 exercitus
842 2929 1019 3004 scribebatur,
1036 2950 1091 2988 non

128 3017 240 3072 comitia
261 3014 444 3086 habebantur,
470 3033 527 3073 non
550 3017 620 3072 aliud
642 3018 785 3090 quicquam
806 3017 834 3072 in
854 3031 912 3089 rep.
939 3015 989 3071 nisi
1017 3018 1090 3091 quod

129 3098 226 3156 ultima
250 3101 396 3156 necessitas
419 3099 594 3172 admonebat,
622 3098 881 3156 administrabatur'.
906 3130 943 3140 -
968 3099 1040 3160 Fest.
1065 3119 1089 3156 v.

128 3182 247 3238 blundus
269 3200 296 3255 p.
315 3182 385 3244 157.

142 3261 145 3267 ’
192 3264 240 3324 10.
263 3266 291 3321 Si
313 3267 469 3324 uolentibus
491 3267 568 3324 uobis
591 3269 654 3338 erit,
676 3269 774 3342 iuquit,
797 3270 823 3326 in
839 3268 955 3324 medium
969 3267 1091 3340 profero,

130 3367 200 3424 quae
224 3349 258 3406 de
282 3350 331 3407 lrac
352 3352 445 3407 eadem
468 3368 545 3408 causa
567 3351 637 3426 apud
659 3353 764 3407 Ateium
781 3351 937 3426 Capitonem
960 3349 1091 3424 pontificii

126 3435 196 3492 iuris
211 3435 286 3490 inter
299 3435 403 3508 primos
418 3438 533 3509 peritum
549 3435 648 3510 legisse
664 3438 786 3493 memini:
802 3437 848 3510 qui
864 3451 924 3494 cnm
940 3434 1016 3490 nelas
1032 3449 1091 3488 esse

205 3597 227 3664 1)
241 3598 446 3662 Supplcmerrtum
460 3616 506 3650 suo
521 3603 576 3651 loco
591 3603 700 3650 restitui.
