2680 4112
248 243 310 302 124
594 249 724 288 mentre
744 248 860 288 suctuve.

307 373 335 434 2.
358 377 442 433 Verba
465 385 529 434 sunt
544 377 634 434 Sabini
656 394 687 432 er
709 377 778 433 libro
796 379 862 432 iuris
877 376 962 433 ciuilis
978 375 1112 433 secundo:
1140 373 1205 444 ‘Qui

245 462 355 518 alienum
377 477 434 517 rem
457 463 623 530 attrectauit,
646 476 704 518 cum
720 461 745 516 id
761 476 790 516 se
805 459 892 518 inuito
908 461 1017 516 domiuo
1033 461 1121 517 lacere
1136 459 1206 516 iudi·

245 561 305 602 care
320 543 440 618 deberet,
457 545 522 601 lurti
537 543 669 602 tenetur’⁴
685 575 725 584 —
741 543 808 603 Geli.
827 545 875 613 11,
895 543 943 601 18.
960 545 988 616 3.
1005 543 1056 602 20.
1141 551 1143 556 ’

307 624 336 686 3.
358 629 424 684 ltem
448 628 500 686 ulio
522 630 623 702 capite:
652 626 714 696 ‘Qui
730 629 845 685 alienum
861 622 982 684 'tacens1
1004 626 1205 687 lucrifaciendi

245 729 324 772 causa
347 711 474 782 sustulit,
497 712 563 770 lorti
585 711 782 789 obstringitur,
805 713 863 768 siue
885 713 952 783 scit,
977 713 1054 768 cuius
1076 713 1120 783 sit,
1144 713 1205 768 siue

243 794 350 854 uescit'.
363 799 405 838 -“
420 795 487 852 Geli.
506 796 556 868 11,
574 795 621 854 18.
638 797 666 866 S.
680 795 730 852 21.

306 877 334 934 4.
356 879 408 936 Sed
436 881 588 936 meminisse
610 879 753 950 debemus,
782 876 930 934 seeundum
954 893 1000 950 ea,
1030 895 1099 954 quae
1121 893 1205 954 supra

243 965 350 1037 scripsi,
372 962 474 1020 furtum
490 965 548 1020 siue
564 963 617 1019 ulla
634 979 742 1036 quoque
757 963 946 1018 attrectatione
962 961 1019 1018 fieri
1035 978 1128 1036 posse,
1145 961 1204 1018 sola

245 1056 334 1102 mente
349 1054 430 1119 atque
447 1049 543 1118 antimo,
566 1054 597 1102 ut
612 1045 713 1102 lurtum
729 1044 785 1117 fiat,
801 1045 948 1102 adnitente.
979 1044 1110 1114 Quocirca
1126 1061 1161 1102 ue
1176 1045 1205 1102 id

244 1129 351 1204 quidem
366 1129 479 1186 Sabinus
502 1129 622 1186 dubitare
644 1146 673 1186 se
695 1132 742 1200 eit,
764 1131 829 1202 quin
852 1128 976 1184 dominus
999 1129 1065 1186 lorti
1087 1131 1124 1184 sit
1139 1145 1206 1186 cou-

243 1213 437 1287 dempuendus,
460 1215 506 1286 qui
520 1229 603 1272 seruo
617 1229 678 1284 suo,
694 1215 733 1269 uti
749 1213 850 1269 lurtum
866 1212 976 1284 laceret,
992 1215 1144 1286 imperauit.
1164 1243 1204 1252 -

243 1296 311 1354 Gell.
331 1297 380 1367 11,
398 1297 445 1352 18.
462 1297 511 1368 33.
528 1297 578 1354 23.
596 1295 646 1357 24.

304 1376 331 1436 5.
355 1377 438 1434 Verbo
454 1379 563 1436 llasurii
578 1379 668 1436 Sabini
690 1381 803 1453 apposui
825 1397 857 1436 ex
879 1379 948 1436 libro
971 1381 1037 1436 iuris
1057 1380 1145 1438 ciuilis
1160 1397 1205 1438 se·

243 1461 346 1518 cundo:
370 1463 510 1520 ‘Furiosus
526 1472 653 1520 motusue
667 1465 745 1520 cuiue
762 1463 834 1536 quod
850 1463 1000 1520 membrum
1015 1463 1133 1520 lacerum
1149 1464 1205 1520 lae·

243 1561 338 1602 eumue
353 1553 395 1600 est
410 1553 457 1602 aut
472 1545 560 1618 obest,
584 1563 638 1620 quo
654 1549 711 1620 ipse
727 1549 814 1602 miuus
829 1555 907 1620 aptos
923 1549 968 1617 sit,
991 1547 1112 1604 morbosi
1128 1554 1203 1604 suut.

243 1627 293 1696 Qut
308 1636 404 1684 natura
419 1629 502 1702 longe
517 1632 604 1688 miuus
619 1631 702 1700 uidet,
718 1640 771 1686 tam
786 1647 867 1688 sonus
880 1639 933 1703 est,
949 1647 1029 1704 quam
1041 1633 1088 1704 qui
1100 1631 1203 1689 tardius

247 1711 354 1772 currit'.
373 1741 407 1752 -
426 1712 494 1770 Geli.
511 1713 541 1786 4,
558 1712 587 1769 2.
602 1714 630 1786 S.
650 1712 699 1770 15.

306 1791 336 1854 6.
358 1795 490 1852 Masurius
513 1806 602 1854 autem
625 1797 738 1854 Sabinus
759 1800 787 1853 io
809 1797 877 1854 libro
900 1799 968 1854 iuris
990 1798 1075 1854 ciuilis
1098 1790 1203 1854 tertio²

243 1881 420 1953 antiquiorem
441 1880 530 1938 locum
552 1881 652 1954 hospiti
675 1881 767 1938 tribuit
789 1898 868 1954 quarn
882 1881 983 1940 clienti.
1017 1881 1100 1938 Verba
1114 1897 1147 1938 ex
1162 1897 1197 1937 eo
1209 1887 1261 1938 [591

243 1962 312 2020 libro
333 1964 398 2020 haec
419 1973 498 2020 suut:
521 1963 561 2020 ‘lu
577 1963 674 2021 officiis
689 1965 758 2038 opud
773 1967 889 2022 maiores
905 1967 941 2020 itu
956 1963 1128 2022 observatum
1144 1972 1202 2021 est:

243 2047 359 2120 primum
380 2049 490 2111 tutelae,
514 2047 608 2104 deinde
629 2049 741 2123 hospiti,
764 2048 860 2106 deiude
875 2048 975 2112 clienti,
998 2058 1055 2104 tum
1072 2057 1204 2122 cognato,

242 2139 336 2204 postea
352 2129 440 2187 adfini.
469 2131 505 2188 lie
528 2149 580 2206 qua
602 2125 701 2188 causa³
722 2132 837 2188 lemicae
859 2133 923 2187 uiris
946 2133 1067 2205 potiores
1083 2132 1203 2206 habitae,

246 2210 426 2289 'lpupilius)⁴
448 2215 643 2288 pupillarisque
665 2215 750 2271 tutela
771 2215 877 2271 mulieri
898 2216 1023 2288 praelata.
1056 2215 1141 2271 Etiam
1158 2215 1203 2271 ad·

244 2313 341 2352 uersus
364 2313 443 2370 quem
466 2297 625 2368 adfuissent,
648 2300 704 2354 cius
727 2298 789 2354 liliis
803 2307 916 2355 'tutores
938 2299 1035 2371 relicti,
1057 2300 1085 2354 in
1109 2299 1202 2356 eadem

244 2397 322 2436 causa
337 2379 442 2454 pupillo
458 2379 590 2436 aderant’.
606 2409 646 2420 -
664 2381 732 2438 Geli.
748 2381 778 2452 5,
796 2382 843 2440 13.
860 2383 887 2454 S.
904 2383 934 2438 5.

575 2531 616 2586 lle
638 2529 743 2586 l'urtis
765 2531 864 2590 liber.

305 2641 331 2703 7.
355 2645 535 2702 ‘Manifestum
551 2654 641 2702 autem
655 2647 756 2702 lurtum
772 2649 834 2718 est’,
859 2657 889 2704 ut
904 2651 940 2706 ait
955 2649 1097 2722 llasurius,
1114 2650 1202 2724 ‘quod

242 2729 463 2802 deprehenditur,
486 2729 548 2784 dum
570 2728 611 2786 fit.
640 2729 762 2786 Faciendi
778 2729 839 2787 linis
854 2740 907 2803 est,
923 2749 983 2789 cum
997 2733 1132 2807 perlatum
1148 2742 1203 2806 est,

244 2827 298 2886 quo
321 2813 385 2868 ferri
408 2811 555 2886 coeperat’.
587 2812 663 2869 durii
678 2815 811 2888 concepti,
832 2817 897 2870 item
913 2815 1007 2888 oblati,
1022 2817 1098 2890 tripli
1113 2832 1206 2892 poena

242 2903 293 2951 est.
327 2895 378 2952 Sed
401 2897 473 2969 quod
489 2897 524 2952 sit
540 2895 669 2970 oblatum,
685 2897 758 2970 quod
773 2907 944 2972 conceptum,
962 2909 989 2956 et
1003 2900 1135 2974 pleraque
1151 2902 1204 2958 alia

242 2977 274 3033 ad
297 2995 354 3034 eam
376 2995 432 3034 retu
454 2995 487 3034 ex
508 2981 625 3054 egregiis
647 2989 769 3036 ueterum
792 2981 912 3038 moribus
934 2991 1043 3057 accepta
1058 3001 1147 3058 neque
1162 2986 1205 3040 iu-

314 3139 334 3208 ¹)
349 3143 428 3192 iacens
443 3145 475 3206 ej.
486 3141 589 3206 Sciopp.
605 3143 695 3193 Malim
709 3145 795 3193 sciens.
825 3141 847 3210 ¹)
863 3145 984 3196 Fortasse
1003 3163 1059 3197 cum
1073 3149 1106 3198 de
1120 3151 1206 3199 inter·

241 3213 310 3262 dicto
325 3213 356 3262 de
370 3213 451 3263 libero
465 3213 565 3263 homine
574 3213 717 3264 exhibendo
731 3222 827 3279 offeret.
852 3215 889 3278 Of.
900 3215 933 3264 L.
944 3228 963 3268 tt.
979 3219 1154 3280 §§.11.12.D.
1171 3221 1205 3269 de

240 3283 303 3332 hom.
316 3283 358 3332 tib.
373 3283 431 3332 ech.
448 3281 492 3348 (43,
507 3282 550 3348 29).
585 3279 606 3348 ³)
618 3283 686 3332 Proto
699 3287 806 3335 maioris
820 3287 978 3348 infirmitatis
992 3295 1018 3336 et
1031 3289 1203 3354 indipentiae.

197 3350 201 3358 ’
241 3350 262 3418 ⁴)
276 3352 407 3417 Suppleoi,
426 3354 495 3418 quod
506 3367 561 3417 pup.
576 3359 690 3403 notatum
700 3355 783 3417 focile
796 3355 919 3404 excidere
929 3364 1044 3420 poterat.
1072 3359 1166 3425 Itaque
1180 3361 1206 3409 ei

237 3424 1205 3492 fortcinterpupillumetmulierem‚pariterolicuicopnotos,causcemer-

239 3495 311 3552 serit,
319 3496 516 3557 pott'uspopillo
527 3496 550 3544 is
562 3495 662 3553 aderat,
677 3501 702 3544 et
713 3496 821 3543 maxime
834 3496 933 3558 quidem
945 3499 970 3546 si
982 3501 1205 3567 tutelomeiuaye·

240 3562 320 3625 rebat,
335 3565 435 3614 etiamsi
448 3566 523 3613 etiam
537 3566 652 3614 mulieris
665 3571 735 3614 tutor
749 3571 820 3613 esset.
