2684 4112
290 1031 399 1098 IVLII
422 1032 580 1100 PAVLLI
604 1030 951 1098 suNuuNmuRVM

444 1144 565 1202 LIBER
584 1143 799 1203 SECVNDVS.

206 1316 268 1358 'nm
285 1317 305 1356 1.
334 1318 376 1359 Du
391 1318 491 1360 uuuvs
507 1316 654 1358 ceunrrls
670 1317 710 1358 Eu
726 1292 1026 1357 'Dnlvuu1vteeuno.¹

275 1413 322 1494 [L.
340 1418 379 1475 34
393 1437 439 1490 pr.
457 1419 486 1490 S.
503 1420 529 1475 1.
553 1420 588 1475 Ι).
606 1421 641 1475 de
656 1419 716 1474 reb.
732 1419 810 1473 cred.
829 1411 894 1494 (12,
913 1411 970 1493 1).]

72 1523 133 1572 [ere]
207 1499 232 1559 1.
255 1495 302 1558 ²lu
316 1504 475 1576 pecuniariis
490 1504 578 1558 causis
598 1504 622 1556 si
637 1501 751 1557 alterex
767 1500 949 1573 litigatoribus
965 1503 1099 1558 iusiuran-

144 1588 207 1644 dum
222 1585 340 1656 deierat,
354 1586 503 1662 audiendus
519 1595 574 1642 est:
596 1585 648 1640 hoo
663 1586 733 1639 enim
750 1591 777 1640 et
793 1585 951 1658 compendio
968 1585 1055 1642 litium
1070 1595 1098 1642 et

144 1671 287 1745 aequitatis
307 1672 412 1726 ratione
434 1672 574 1744 prouisum
597 1678 648 1727 est.
693 1661 741 1724 ³2.
765 1661 892 1724 ⁴lleierre
913 1669 1097 1725 iusiurandum

143 1758 218 1830 prior
233 1763 308 1810 actor
323 1761 430 1828 potestz
446 1755 610 1810 contrarium
622 1760 711 1808 autem
724 1751 757 1806 de
769 1751 900 1808 calumnia
911 1753 1098 1808 iusiurandum

143 1855 190 1895 reo
206 1839 345 1910 competit.
382 1832 410 1896 3.
436 1829 494 1908 ⁵Si,
510 1853 572 1892 reus
588 1852 648 1891 cum
664 1837 752 1890 iurare
767 1835 844 1906 uelit,
860 1844 935 1891 actor
950 1835 990 1890 illi
1006 1853 1098 1892 ueces-

144 1924 250 1978 sitatem
265 1920 437 1976 iurisiurandi
452 1921 569 1989 remisit,
588 1929 616 1976 et
631 1919 684 1974 hoc
699 1918 802 1991 liquido
818 1927 961 1992 appareat,
983 1921 1054 1976 actio
1068 1922 1097 1976 iu

145 2021 208 2078 eum
223 2020 277 2060 uon
292 2003 380 2060 datur.
424 2001 453 2060 4.
477 1995 593 2058 6Herculi
609 2004 675 2072 eius,
702 2019 761 2058 cum
785 2019 839 2073 quo
862 2010 1028 2058 contractum
1044 2013 1097 2076 est,

145 2087 332 2144 iusiurandum
348 2086 448 2141 delerri
463 2102 517 2142 uon
533 2095 634 2157 potest,
647 2087 773 2158 quoniam
788 2092 956 2142 contractum
972 2087 1098 2159 ignorare

145 2179 247 2245 potest.
286 2167 315 2228 ὅ.
339 2161 387 2224 ⁷Si
402 2171 449 2241 qui
471 2167 589 2224 debitum
611 2185 781 2242 quocumque
797 2169 877 2225 modo
892 2169 1034 2226 consessus
1050 2171 1099 2226 do·

146 2263 240 2324 cetur,
262 2270 294 2309 ex
309 2269 340 2308 ea
354 2269 384 2308 re
400 2253 469 2308 acuo
486 2252 613 2308 creditori
634 2269 687 2308 nou
708 2253 802 2326 datur,
824 2253 869 2308 sed
886 2253 918 2310 ad
933 2253 1098 2310 solutionem

145 2337 328 2411 compellitur.

222 2502 302 2552 utel.
342 2499 362 2570 ι)
377 2503 455 2553 Multi
466 2503 527 2554 odd.
542 2505 693 2554 iureiurando
708 2506 747 2554 ed.
759 2505 791 2553 A.
803 2505 833 2554 L.
845 2517 871 2556 44
881 2507 924 2554 cit.
935 2507 1010 2556 initio
1021 2506 1099 2556 huius

146 2577 184 2624 eit.
200 2575 279 2637 posui
300 2581 406 2624 auctore
424 2574 573 2624 Heimbaolt.
593 2577 621 2624 in
640 2575 743 2638 Repert.
763 2575 837 2638 Lipa.
852 2587 912 2626 1844.
937 2575 990 2624 III.
1006 2589 1097 2639 p.141.

148 2642 169 2712 ¹)
186 2644 224 2708 Of.
240 2643 320 2695 1444.
339 2645 377 2706 §5-
392 2656 412 2696 4.
428 2656 449 2696 4.
468 2645 501 2696 Ι).
516 2645 547 2694 de
562 2647 671 2695 iureiur.
687 2643 731 2710 (14,
742 2644 773 2710 4).
793 2645 824 2694 L.
836 2657 855 2696 a.
873 2645 898 2694 0.
914 2646 945 2694 de
959 2645 1013 2695 reb.
1025 2647 1097 2696 cred.

144 2714 177 2782 (4,
192 2715 223 2781 4).
280 2711 299 2780 ⁸)
316 2713 359 2764 ud.
374 2727 394 2766 4.
413 2714 460 2764 aab
474 2714 582 2764 rubrica
596 2716 630 2763 lle
645 2715 723 2764 dubiis
738 2715 809 2764 rebus
824 2715 900 2765 solum
915 2717 993 2764 iurare
1009 2716 1097 2766 debere

144 2787 212 2835 hanc
226 2786 360 2835 interserit
371 2787 536 2834 sententiam:
550 2785 594 2842 Qui
608 2792 734 2847 suspectus
749 2785 843 2843 dicitur,
854 2800 925 2848 quum
935 2787 999 2834 nulle
1009 2787 1098 2836 ueritas

144 2856 243 2920 petitori
256 2856 280 2904 iu
295 2870 324 2903 eo
339 2856 486 2918 exprimitur,
501 2856 541 2918 qui
556 2855 696 2904 columellam
711 2870 736 2904 se
752 2856 801 2918 pati
811 2855 877 2905 dicit.
903 2856 1025 2920 Corripe:
1040 2856 1097 2906 Cum

144 2933 271 2989 suspectus
286 2926 373 2974 dicitur
387 2926 527 2983 calumniae,
541 2926 630 2981 ueritas
644 2926 772 3001 petitprum
786 2926 816 2974 ab
831 2940 860 2974 eo
875 2927 1021 2988 exprimitur,
1036 2943 1059 2990 q.
1075 2943 1097 2976 c.

145 3011 165 3046 s.
180 3011 204 3059 p.
219 2996 242 3045 d.
276 2995 386 3045 Videtur
401 2997 483 3060 igitur
497 2997 614 3058 opposito
628 2995 842 3058 Interpretatiom'
855 2999 983 3060 sequentia
997 3005 1098 3046 oenten-

144 3068 197 3115 tiae
212 3081 307 3130 parurn
324 3072 411 3114 rectae
430 3073 455 3114 et
470 3067 554 3128 petito
568 3080 623 3114 ease
641 3081 675 3114 erc
690 3073 774 3116 uetere
789 3066 857 3116 loto.
923 3065 945 3133 ⁴)
962 3067 999 3130 Os.
1015 3067 1047 3116 L.
1062 3080 1097 3120 44.

144 3139 168 3201 θ.
183 3148 205 3186 4.
220 3136 252 3184 L.
266 3147 300 3187 ut.
320 3133 352 3183 D.
368 3136 399 3184 de
414 3137 522 3184 iuretur.
538 3133 583 3201 (14,
598 3133 629 3200 4).
681 3133 702 3200 ⁵)
718 3137 756 3199 Of.
771 3136 803 3185 L.
818 3149 839 3188 6.
859 3137 891 3187 D.
906 3137 961 3186 eod.
1019 3135 1041 3202 ⁶)
1058 3138 1097 3201 Cf.

145 3206 177 3255 L.
194 3217 226 3256 11.
242 3208 265 3268 ξ.
279 3217 300 3256 4.
324 3205 357 3254 Ι).
371 3220 425 3254 rer.
440 3213 514 3256 amet.
529 3204 574 3270 (eo,
588 3204 619 3271 4).
639 3205 671 3254 L.
686 3217 712 3256 14
723 3222 765 3270 pr.
790 3207 815 3256 C.
831 3207 862 3255 de
877 3208 985 3256 iureiur.
1001 3205 1051 3272 (14,
1066 3207 1105 3272 1).,

145 3291 193 3325 nou
207 3271 298 3344 potest]
312 3290 349 3326 ac.
364 3277 409 3333 ita,
424 3282 452 3324 ut
466 3277 555 3325 iurare
569 3283 615 3325 aut
624 3277 726 3339 referre
739 3279 798 3341 copi
808 3278 899 3340 possit.
929 3276 967 3339 Of.
980 3277 1098 3326 Zimmer·

145 3363 222 3396 mann
240 3345 414 3397 Glaubeoaee‘d
427 3361 455 3408 p.
471 3358 504 3398 14.
579 3343 654 3412 ⁷)Cs.
669 3357 694 3405 5,
709 3349 743 3398 5⁸.
767 3348 806 3408 ἓξ.
822 3358 891 3397 4-4.
915 3345 947 3395 Ι..
966 3355 999 3396 44.
1024 3347 1047 3407 §-
1062 3359 1096 3396 11.

145 3416 177 3466 L.
192 3427 227 3468 eo.
241 3418 265 3478 §-
279 3427 301 3467 4.
319 3416 352 3467 Ι).
367 3416 403 3465 ad
416 3417 463 3481 lep.
478 3415 566 3480 Aquil.
581 3413 616 3482 (e,
636 3415 667 3482 4).
692 3416 724 3467 L.
743 3426 776 3468 eu.
801 3417 833 3464 D.
852 3430 881 3464 re
901 3415 981 3465 lodie.
996 3414 1045 3480 (44,
1066 3413 1098 3481 1).

145 3486 177 3535 L.
192 3499 213 3539 4.
232 3487 265 3536 D.
280 3487 311 3536 de
326 3486 434 3548 confess.
450 3485 495 3552 (44,
510 3485 540 3552 4).
