2692 4114
441 185 508 223 nrm
526 187 621 222 navum
640 185 711 222 esur·
730 167 763 223 V.
784 173 826 221 10.
1046 167 1110 231 541

152 322 268 394 praede
281 320 340 376 titis
355 324 382 374 et
396 317 589 373 vindiciarum
604 319 677 371 satis
691 308 871 388 accipitur),¹
894 330 928 370 eu
942 313 986 370 die
1008 317 1111 389 aecepti

156 403 248 461 iudicii
269 401 345 476 dupli
360 400 464 456 linctus
479 407 678 472 computantur.
722 407 749 456 et
765 407 817 454 tam
840 398 934 454 dantes
949 414 1030 471 quam
1045 401 1112 455 acci·

157 489 277 562 pientes,
294 485 409 544 heredes
424 499 534 558 quoque
549 498 659 554 eorum,
675 476 911 556 ’procuratorum²
926 485 1112 556 cognitorum·

158 587 211 646 qne
226 585 374 644 personae,
395 568 514 641 itemque
528 561 720 640 'sponsornm³
742 565 835 622 eadem
850 565 1024 639 stipulatione
1040 583 1113 624 conr-

158 655 380 730 prehenduntur3
403 667 498 708 eorum
520 667 641 725 quoque,
665 667 781 724 quornm
796 651 905 706 nornine
920 643 1113 723 promittitur.⁴

159 735 190 797 8.
206 733 332 806 ⁶Quoties
348 735 493 793 iudleatum
507 735 577 790 solui
588 735 764 808 stipulatione
777 733 932 804 satisdator,
945 735 1044 789 omissa
1055 735 1113 790 eius

161 823 232 880 actio
247 824 286 879 rei
300 821 433 878 iudicatae
447 821 663 894 persecutionem
686 834 741 875 non
762 817 890 874 excludit.
925 813 953 873 4.
978 810 1114 873 6Emanci-

160 909 216 982 pati
235 905 312 962 liberi
327 904 466 980 praeteriti
485 904 508 959 si
529 903 614 959 uelint
634 919 663 958 se
684 904 797 959 miscere
813 911 941 975 paternae
957 901 1110 970 hereditati,

160 999 188 1048 et
209 1003 269 1047 curn
290 990 349 1061 his,
369 990 415 1062 qui
435 989 463 1044 in
484 994 619 1060 potestate
641 987 836 1058 remanserint,
859 987 1007 1060 communis
1030 987 1114 1058 patris

159 1073 281 1132 diuidere
296 1073 485 1143 hereditatem,
501 1080 643 1144 antequam
653 1070 786 1127 honorum
800 1071 998 1143 possessionem
1010 1078 1113 1142 petant,

159 1157 193 1214 de
205 1157 369 1214 conferendo
381 1173 478 1214 cauere
490 1171 550 1212 cunr
561 1154 736 1210 satisdatione
747 1153 892 1211 debebunt.
927 1153 1025 1227 quodsi
1036 1155 1113 1209 satis-

160 1241 225 1298 dare
239 1257 295 1297 non
309 1248 439 1314 possunt,
459 1241 550 1296 statim
570 1254 603 1294 ex
625 1237 676 1294 fide
691 1237 825 1294 bonorum
841 1237 1042 1309 confusionem,
1066 1253 1115 1293 ex·

162 1333 243 1398 cepto
258 1323 365 1398 peculio
380 1325 520 1394 castrensi,
536 1322 625 1379 iacere
640 1321 755 1396 eogendi
771 1315 859 1376 sunt.⁷

295 1476 359 1517 nrm.
376 1474 407 1517 x.
434 1475 476 1518 nn
492 1474 720 1517 connnnnnnna
735 1453 982 1516 avononrnaru.⁸

225 1557 250 1618 1.
274 1559 312 1616 Ob
327 1568 429 1616 metum
444 1558 623 1633 impendentis
638 1558 727 1614 damni
748 1559 854 1614 uicinus
877 1560 965 1614 uicino
988 1551 1115 1634 ’(repro-

11 1703 12 1708 ,
161 1649 281 1716 mittere,
299 1650 482 1716 procurator
496 1635 622 1720 nicini)⁹
644 1641 774 1697 satisdare
789 1641 882 1712 debet,
904 1640 1012 1698 ’additis
1034 1659 1116 1715 spon·

91 1721 648 1801 [446666666106166666166666116
669 1725 805 1782 acciderit.
842 1721 870 1782 2.
896 1720 961 1780 ¹¹lle
982 1729 1116 1782 communi

11 1811 13 1826 '
159 1817 262 1890 pariete
279 1813 401 1868 utilitatis
424 1827 503 1867 causa
525 1811 578 1866 hoc
599 1811 690 1883 eoepit
705 1808 859 1881 obseruari,
875 1818 905 1864 ut
919 1807 1041 1865 aedificet
1057 1811 1116 1883 qui·

160 1983 194 2031 L.
210 1981 281 2030 Rom.
296 1978 377 2043 Barp.
393 1989 427 2030 66.
445 2004 476 2012 -
492 1977 524 2024 L.
538 1989 571 2028 es.
588 1989 634 2028 166.
659 1978 689 2026 D.
706 1979 737 2027 de
757 1977 786 2026 V.
802 1976 828 2026 S.
844 1975 888 2042 (so.
905 1975 949 2042 16).
970 1977 1002 2026 L.
1018 1987 1037 2026 a.
1057 1980 1080 2039 6.
1096 1991 1115 2028 e.

163 2053 194 2100 D.
210 2051 242 2099 de
253 2056 339 2112 praet.
353 2050 412 2110 stip.
428 2045 473 2110 (46,
488 2047 519 2111 6).
538 2046 586 2096 Tit.
601 2048 633 2096 D.
649 2049 701 2098 ind.
716 2050 781 2098 solui
796 2047 839 2114 (46,
855 2047 885 2112 t).
939 2045 957 2112 1)
973 2047 1046 2096 Haec
1058 2048 1117 2110 sere

160 2127 208 2171 ant
222 2119 352 2168 excidisse
367 2117 398 2166 od
412 2118 530 2166 similiter
540 2117 659 2166 desinens
668 2127 713 2168 ant
723 2121 808 2168 recisa
818 2133 880 2176 esse,
896 2119 971 2166 etiam
981 2119 1117 2168 ostendunt

162 2209 184 2242 u.
201 2199 250 2239 tarn
265 2189 348 2236 dantes
362 2201 432 2250 quam
446 2187 590 2248 accipientes
605 2190 757 2252 simpliciter
767 2191 862 2252 posita.
889 2188 926 2251 Cf.
941 2188 983 2236 dr.
1001 2188 1057 2236 Vnt.
1069 2201 1115 2239 666.

164 2259 185 2326 ⁹)
200 2265 369 2323 procuratores
384 2256 430 2322 (eac
443 2255 562 2321 ombipua
577 2265 637 2308 nota
650 2258 810 2324 procurator.)
827 2259 888 2308 Odd.
903 2259 960 2308 edd.
1008 2254 1030 2322 8)
1045 2273 1117 2322 spon·

163 2345 232 2382 sores
245 2329 306 2378 oda.
317 2328 374 2377 edd.
394 2328 434 2376 De
446 2343 476 2376 re
491 2328 525 2390 cf.
536 2329 567 2377 L.
578 2340 598 2380 6.
618 2329 650 2378 D.
665 2332 744 2380 indic.
760 2332 825 2380 solui
839 2331 883 2394 (46,
894 2327 924 2394 t).
972 2325 994 2393 ⁴)
1008 2328 1050 2378 Sc.
1062 2345 1118 2378 eum

163 2403 222 2467 quis
231 2401 316 2450 alieno
326 2399 426 2448 nornine
436 2401 593 2448 convenitur.
632 2398 653 2464 5)
667 2401 704 2463 Cf.
715 2400 746 2449 L.
757 2413 777 2452 8.
788 2403 810 2462 ξ.
822 2413 842 2452 6.
855 2401 888 2449 D.
897 2401 928 2449 de
939 2407 1022 2450 noant.
1031 2399 1075 2465 (46,
1086 2399 1116 2465 a).

165 2469 237 2536 ⁶)Gf.
253 2469 308 2532 dtp.
319 2480 352 2526 66,
362 2481 382 2518 4.
398 2469 453 2520 Le
462 2484 503 2532 pn.
518 2471 540 2531 ξ.
552 2482 572 2521 6.
589 2469 621 2518 L.
635 2482 655 2520 6.
673 2471 704 2518 D.
716 2471 747 2520 de
757 2474 842 2520 collat.
854 2470 898 2536 (tt,
909 2469 939 2536 6).
952 2471 982 2519 L.
993 2483 1025 2522 16.
1042 2471 1073 2519 D.
1086 2472 1118 2519 de

164 2541 239 2591 cond.
256 2553 335 2605 cansa
349 2539 411 2588 data
426 2538 471 2605 (12,
485 2537 517 2605 4).
532 2567 567 2576 -
583 2539 645 2588 Fein
662 2537 811 2591 ‘Collatiae’
824 2557 852 2604 p.
863 2553 896 2592 61.
949 2538 970 2604 ⁷)
988 2541 1025 2604 Cf.
1041 2541 1072 2592 L.
1083 2552 1116 2592 66.

163 2614 188 2674 5.
203 2623 224 2663 8.
243 2611 275 2659 D.
287 2625 338 2673 pro
352 2625 405 2660 soc.
420 2609 465 2672 (rt,
480 2610 509 2674 6).
530 2609 561 2658 L.
578 2623 598 2660 1.
619 2612 658 2672 ἕξ.
676 2622 708 2661 10.
725 2624 756 2660 11.
773 2622 805 2662 16.
830 2611 864 2659 D.
879 2612 910 2660 de
926 2613 1010 2661 collat.
1028 2611 1071 2676 (st,
1086 2610 1116 2677 6).

239 2680 286 2730 Tit.
304 2680 338 2729 Χ.
377 2678 397 2746 Β)
412 2680 553 2730 Excidisse
568 2681 685 2729 uidetur:
705 2677 740 2728 ‘et
755 2681 786 2729 de
800 2681 888 2730 damni
906 2682 997 2744 insecti
1010 2684 1117 2745 stipula-

163 2749 254 2810 tione’,
273 2767 329 2801 cant
347 2752 375 2800 in
389 2751 473 2800 edicto
493 2766 590 2814 quoque
609 2751 703 2814 duplae
721 2752 909 2814 stipulationem
928 2750 988 2816 (qno
1003 2754 1119 2814 pertinet

163 2822 325 2872 contrahenda
340 2820 481 2885 auctoritas)
491 2822 578 2870 cautio
588 2821 620 2870 de
629 2821 721 2870 damno
732 2822 828 2884 infecto
838 2830 995 2885 sequeretur.
1021 2823 1059 2870 Be
1069 2822 1117 2871 dac

163 2908 224 2942 uero
238 2894 294 2942 sola
309 2893 450 2941 sententias
464 2890 587 2954 quasdam
607 2891 736 2956 Visipotiri
756 2895 795 2940 uei
814 2892 920 2942 librarii
941 2900 1116 2941 seruauerunt.

169 2963 228 3012 Via.
244 2961 393 3012 Heimbaolt.
410 2963 437 3010 in
453 2961 556 3024 Bapeni.
572 2961 645 3024 Lips.
661 2975 720 3013 1646.
741 2962 793 3011 III.
804 2979 832 3026 p.
847 2974 894 3014 146.
963 2960 985 3028 9)
1000 2963 1073 3012 Haeo
1088 2962 1118 3012 ob

163 3026 377 3099 ὁμοιοιὲλευτον
392 3032 523 3080 excidisse
538 3031 664 3082 uidentur.
697 3033 735 3096 Cf.
745 3033 776 3082 L.
793 3045 804 3084 t
815 3048 858 3096 pr.
874 3035 906 3082 D.
917 3034 948 3083 de
963 3034 1054 3084 damno
1070 3033 1117 3096 inf.

164 3105 208 3168 (66,
219 3102 250 3169 6).
300 3099 332 3166 ¹⁰)
347 3104 364 3150 i.
375 3117 396 3151 e.
412 3117 462 3150 non
475 3103 725 3165 fideprornissoribus
740 3106 779 3152 uel
790 3105 995 3169 fideiussoribus,
1011 3120 1118 3168 qaorum

164 3175 259 3224 durior
274 3173 393 3223 condicio
408 3171 546 3236 quibusque
561 3187 625 3236 opus
643 3189 692 3224 non
708 3181 756 3232 est,
771 3175 890 3238 quoniam
904 3175 967 3223 daec
986 3177 1118 3236 stipulatio

164 3259 199 3293 etc
213 3244 298 3292 edicto
309 3244 444 3306 praetoris
462 3241 556 3292 urbani
571 3245 715 3303 descendit,
731 3247 888 3309 pereqrinos
902 3245 1038 3292 nesciente.
1067 3243 1120 3292 Sed

164 3315 217 3363 nisi
231 3313 306 3362 aliud
318 3313 350 3362 de
364 3313 456 3362 damno
475 3313 570 3376 infecto
589 3315 698 3363 edictam
713 3317 847 3378 praetoris
863 3314 999 3376 peregrini
1016 3314 1118 3374 fuisset,

164 3384 228 3434 daec
242 3383 320 3433 uerba
335 3383 366 3432 ab
381 3382 481 3433 urbano
495 3383 586 3432 addita
604 3400 654 3434 non
672 3385 768 3448 forent.
844 3381 876 3448 ¹¹)
893 3383 930 3445 Cf.
946 3382 977 3430 L.
994 3393 1014 3432 8.
1039 3382 1071 3430 D.
1087 3383 1118 3432 de

163 3469 230 3502 sero.
242 3468 286 3516 pr.
302 3453 357 3502 arb.
374 3453 405 3519 (6,
420 3451 452 3518 6).
468 3453 499 3502 L.
516 3466 548 3504 11.
569 3455 600 3503 D.
615 3457 639 3504 si
652 3470 718 3504 seru.
734 3453 765 3520 (6,
780 3451 812 3517 6).
832 3453 863 3502 L.
880 3463 913 3503 16.
930 3463 963 3503 66.
983 3452 1015 3500 D.
1032 3467 1117 3502 eornm.

165 3524 217 3573 din.
233 3522 278 3588 (ro,
292 3523 323 3590 a).
343 3524 375 3574 L.
390 3534 485 3576 ss—sn.
501 3537 534 3574 41.
555 3525 585 3572 Ι).
602 3525 633 3573 de
647 3525 738 3574 damno
754 3525 801 3587 inf.
818 3522 862 3588 (ss,
877 3522 907 3587 a).
