2672 4112
219 199 262 256 40
565 205 595 242 m.
612 203 721 240 numus
740 203 841 240 cronno.

282 327 331 390 63.
347 329 382 387 Α.
399 330 518 388 baudata
529 330 635 403 quidem
651 347 666 385 a
683 339 711 385 te
726 331 847 402 grauiter
862 337 890 384 et
904 345 984 386 uere:
1002 329 1050 386 sed
1064 347 1183 404 quorsus

220 417 271 473 hoe
285 415 423 490 pertinet?

282 499 322 556 M.
344 498 462 554 Primum
478 497 509 553 ad
526 513 567 568 ea,
583 496 724 570 Pomponi,
746 495 778 552 de
794 495 892 568 quibus
907 497 994 552 acturi
1009 497 1181 570 iem-sumus,

220 599 289 656 quae
304 589 379 638 tanta
390 597 450 638 esse
461 581 604 648 uolumus;
619 597 673 636 non
691 581 762 636 enim
774 587 862 646 erunt,
878 581 931 635 nisi
942 597 973 636 ea
986 579 1098 652 suerint,
1111 583 1183 639 uude

218 665 264 722 illa
279 673 397 736 manant,
414 665 592 737 amplissimam
613 663 709 720 deinde
725 663 792 718 dacio
808 672 835 719 et
850 661 977 720 lubenter
992 672 1028 735 et,
1045 673 1076 720 ut
1090 683 1181 739 spero,

219 758 303 822 recte,
325 747 397 822 quod
414 765 480 818 eam,
502 749 600 821 quoius
614 747 704 802 studio
721 755 816 803 teneor
831 763 954 820 quaeque
968 763 1011 802 me
1026 764 1098 818 euru,
1120 751 1182 823 qni·

220 849 335 906 cumque
350 849 421 902 sum,
436 832 536 902 edocit,
552 848 607 888 non
622 847 734 904 possum
749 830 857 886 silentio
873 833 1033 904 praeterire.

282 917 316 975 A.
339 915 409 971 Vero
424 915 488 972 iacis
504 923 530 971 et
546 917 643 970 merito
659 922 687 971 et
701 916 755 988 pie,
781 913 886 987 fuitque
901 914 939 980 td,
952 923 983 970 ut
998 915 1073 986 dicis,
1087 917 1114 971 in
1129 917 1183 973 hoc

220 1015 345 1056 sermone
361 999 522 1058 faciundum.

538 1115 648 1170 LIBER
666 1115 864 1171 SECVNDVS.

282 1211 301 1267 1.
323 1207 347 1268 1.
371 1211 405 1267 A.
428 1209 480 1266 Sed
502 1212 589 1280 uisne,
611 1211 738 1283 quoniam
758 1217 786 1265 et
805 1212 871 1266 satis
892 1209 945 1266 iam
960 1209 1124 1266 ambulatum
1140 1218 1184 1268 est

220 1304 247 1354 et
264 1295 311 1351 tibi
327 1294 398 1350 aliud
415 1294 518 1350 dicendi
534 1295 640 1349 initium
656 1293 816 1349 sumendum
832 1301 884 1365 est,
899 1293 990 1350 locum
1005 1303 1138 1350 mutemus
1154 1303 1183 1352 et

221 1381 250 1436 in
265 1377 364 1448 insula,
385 1393 453 1450 quae
468 1385 510 1432 est
526 1379 554 1432 in
569 1377 701 1442 Fibreno,
718 1392 792 1447 nam,
816 1379 928 1450 opinor,
943 1377 970 1432 id
985 1377 1023 1432 illi
1039 1377 1117 1434 alteri
1131 1376 1183 1433 iiu-

220 1463 286 1517 mini
302 1475 400 1516 nomen
416 1467 468 1531 est,
484 1462 602 1516 sermoni
616 1460 721 1533 reliquo
737 1461 830 1516 demus
846 1477 955 1534 operam
968 1461 1113 1516 sedentes?

284 1543 324 1600 M.
348 1543 417 1598 Sane
433 1543 555 1616 quidem3
571 1559 630 1598 nam
646 1543 693 1598 itio
709 1543 770 1599 loco
782 1541 958 1600 libentissime
971 1543 1046 1609 soleo
1060 1547 1108 1612 uti,
1124 1547 1184 1602 siue

224 1627 288 1702 quid
304 1643 409 1682 mecum
424 1628 482 1699 ipse
499 1629 601 1700 cogito,
617 1628 674 1682 siue
690 1633 735 1682 aut
751 1628 815 1700 quid
830 1627 919 1684 scribo
935 1636 980 1683 aut
995 1628 1067 1700 lego.

283 1707 310 1766 2.
332 1711 365 1767 Α.
389 1709 529 1784 Equidem,
546 1713 592 1784 qui
606 1728 678 1766 nunc
693 1711 864 1784 potissimum
880 1711 934 1768 buo
948 1714 1078 1782 uenerim,
1091 1714 1184 1768 satiari

220 1811 275 1851 non
291 1809 372 1870 queo,
393 1791 600 1868 magnificasque
616 1795 692 1850 uillas
709 1803 737 1849 et
757 1797 910 1867 pauimenta
928 1811 1075 1851 marmorea
1094 1803 1122 1851 et
1143 1795 1182 1850 la·

221 1887 317 1954 queata
337 1885 407 1934 tecta
429 1887 589 1942 contemno;
612 1877 708 1934 ductus
726 1894 790 1934 uero
806 1895 945 1951 aquarum,
962 1895 1031 1952 quos
1047 1879 1091 1934 isti
1106 1877 1183 1934 Nilos

221 1971 249 2019 et
263 1961 378 2036 Euripos
399 1969 509 2033 uocant,
530 1963 590 2035 quis
611 1979 674 2032 non,
698 1979 759 2018 oum
779 1961 845 2018 haec
859 1962 957 2034 uideat,
981 1961 1118 2018 inriserit?
1132 1963 1183 2018 ita·

222 2063 284 2120 que,
306 2054 336 2101 ut
352 2051 382 2100 tu
397 2045 478 2118 paulo
495 2053 556 2101 ante
571 2045 604 2100 de
620 2045 682 2119 lege
698 2046 773 2100 etde
789 2047 847 2101 iure
862 2045 996 2102 disserens
1012 2045 1044 2100 ad
1059 2054 1183 2102 naturam

221 2129 356 2186 referebas
373 2131 471 2199 omnia,
487 2130 526 2184 sio
540 2131 567 2184 in
579 2129 621 2184 his
634 2131 697 2203 ipsis
707 2129 798 2200 rebus,
815 2145 882 2202 quae
894 2129 927 2184 ad
939 2131 1089 2202 requietem
1101 2129 1183 2185 animi

221 2213 483 2285 delectationemque
499 2221 679 2284 quaeruntur,
695 2219 790 2267 natura
806 2212 969 2268 dominatur.
992 2229 1044 2286 qua
1059 2229 1089 2269 re
1104 2221 1183 2270 autea

221 2295 346 2366 mirabar,
366 2294 433 2350 nihil
454 2295 524 2348 enim
540 2293 581 2349 his
597 2297 625 2349 in
642 2295 707 2350 locis
722 2297 775 2350 nisi
790 2312 852 2351 sana
867 2304 895 2352 et
911 2304 1016 2352 montes
1032 2295 1182 2372 cogitabam

221 2381 312 2451 itaque
327 2383 358 2432 nt
372 2377 486 2433 iacerem
501 2385 528 2432 et
544 2377 710 2434 orationibus
726 2378 870 2435 inducebar
881 2381 936 2434 tuis
948 2387 975 2434 et
986 2379 1120 2452 uersibus,
1134 2380 1182 2436 sed

221 2461 346 2532 mirabar,
362 2466 393 2516 ut
408 2460 472 2532 dixi,
487 2467 515 2516 te
532 2469 584 2516 tam
600 2461 678 2516 ualde
693 2463 820 2518 hocloco
836 2463 975 2519 delectari:
996 2479 1068 2519 nunc
1088 2472 1183 2520 eontra

221 2545 304 2600 miror
320 2553 356 2614 te,
372 2559 433 2600 cum
449 2541 531 2600 Roma
547 2543 626 2617 absis,
643 2562 754 2619 usquam
770 2548 862 2619 potius
878 2564 947 2603 esse.

304 2621 331 2686 8.
353 2628 394 2683 M.
420 2625 475 2701 Ego
492 2643 569 2698 uero,
585 2645 645 2684 oum
660 2629 724 2686 licet
738 2629 824 2702 pluris
834 2629 891 2686 dies
905 2629 1008 2702 abesse,
1024 2631 1182 2704 praesertim
1258 2653 1261 2658 ·

221 2713 273 2768 hoc
287 2719 411 2785 tempore
426 2712 502 2780 anni,
522 2719 550 2766 et
570 2715 759 2768 amoenitatem
780 2713 848 2770 banc
863 2710 909 2788 (et)
927 2706 1125 2770 salubritatem¹
1141 2729 1183 2770 se·

221 2812 301 2870 quor,
326 2811 389 2850 raro
410 2803 500 2851 autem
520 2794 593 2852 iicet.
630 2795 678 2852 sed
700 2797 826 2853 nimirum
848 2813 890 2853 me
912 2797 962 2852 alia
978 2814 1086 2872 quoque
1102 2814 1183 2854 causa

221 2878 346 2951 delectat,
363 2895 431 2953 quae
447 2885 474 2934 te
489 2895 543 2934 non
559 2880 668 2954 attingit
683 2882 729 2936 ita.

284 2962 317 3018 Α.
339 2961 412 3029 Quae
427 2962 535 3018 tandem
550 2965 601 3018 ista
616 2980 694 3019 eausa
711 2963 771 3020 est?

284 3045 325 3102 M.
350 3045 431 3117 Quia,
447 3047 470 3101 si
485 3062 579 3102 uerum
595 3047 722 3119 dicimus,
744 3048 810 3104 baec
824 3055 866 3104 est
880 3064 938 3103 mea
952 3055 980 3104 et
995 3049 1075 3104 huius
1090 3047 1182 3104 fratris

220 3131 273 3184 mei
288 3145 417 3202 germana
432 3131 532 3204 patria:
555 3131 600 3186 hic
620 3133 691 3186 enim
706 3133 760 3187 orti
775 3133 859 3205 stirpe
874 3133 1058 3206 antiquissima
1074 3149 1181 3198 sumus3

220 3213 365 3284 hiemem,
381 3213 425 3269 bic
440 3229 535 3287 genus.
551 3215 595 3270 hic
609 3216 738 3270 maiorum
754 3213 838 3290 multa
853 3215 979 3290 uestigia.
1010 3216 1072 3290 quid
1088 3215 1182 3290 plura‘t

220 3297 289 3353 banc
310 3296 387 3352 uides
409 3297 514 3362 uillam,
538 3307 569 3354 ut
591 3315 663 3354 nuno
685 3298 792 3372 quidem
814 3307 872 3372 est,
895 3299 995 3355 lautius
1015 3299 1182 3356 'aedificatam

219 3382 304 3454 patris
319 3385 407 3437 nostri
423 3380 524 3454 studio,
541 3383 587 3454 qui
602 3399 663 3438 cum
679 3389 751 3438 esset
766 3381 870 3438 infirma
884 3381 1051 3456 ualetudine,
1068 3383 1111 3440 bic
1125 3382 1183 3440 iere

294 3507 314 3576 ¹)
328 3479 463 3561 hancodd.
478 3511 530 3560 AB
543 3511 635 3560 Fbr'tne
649 3513 722 3560 tunc?
