2680 4118
272 192 331 257 736
502 211 600 248 sucu.
619 211 672 250 urs.
691 211 752 250 nou.
771 213 857 252 varro.
877 201 989 252 65-69.
1281 268 1287 276 ¹
1323 231 1326 300 ἵ

269 340 425 413 usufructu
447 343 621 414 structorum
644 357 789 401 annorum.
833 345 902 399 Ante
924 341 1023 400 aditum
1044 342 1227 400 hereditatem

270 465 398 482 ......
414 431 503 485 netur.

173 501 254 578 'iiiii
330 503 379 567 65.
412 500 613 581 ¹Papfaianus
632 511 680 567 tii.
711 509 776 568 VII.
799 510 1025 582 Responsorum.
1054 512 1147 584 Equis
1165 526 1227 584 per

181 584 247 622 ''⁸⁸¹''
269 593 515 663 fideicommissum
530 595 639 650 relictis
648 601 714 665 post
725 608 824 650 morsm
838 593 910 650 tetus
922 610 1032 668 quoquc
1042 595 1227 668 praestabitur

267 673 318 746 'tut
336 669 500 752 fructus):²
522 677 568 733 ced
588 675 660 732 ictus
680 679 825 734 secundus
843 683 875 736 ut
897 693 996 750 causa,
1021 681 1095 736 sicut
1112 685 1226 751 partus

267 763 410 827 mulieris·
436 762 490 818 nisi
512 762 535 816 st
556 775 667 834 gregem
689 755 823 834 reliquit,³
850 760 894 818 uei
918 777 1009 818 morse
1030 756 1120 820 sctio⁴
1139 761 1224 834 fetus

271 848 383 902 nomine
394 845 537 918 praestita
551 845 795 916 fideicommissum
810 845 933 902 relictum
947 853 1087 920 sequatur.

333 923 382 988 66.
398 929 487 986 ’Item
515 927 608 984 Usura
623 930 708 984 ettam
722 928 874 1000 fructuum
889 943 930 987 ecc
942 931 1000 987 litis
1013 933 1222 988 contestatione

266 1019 438 1084 praestatur
452 1005 604 1069 bonorum⁶
618 1011 760 1068 usufructu
775 1013 875 1084 legato.

165 1081 266 1162 r.¹'1¹⁴i't11‚
330 1092 393 1154 66⁸.
416 1089 491 1170 tupi
512 1094 606 1156 litut(
613 1094 692 1156 VIII.
710 1097 749 1152 ad
763 1095 906 1153 Sabinum.
940 1095 1068 1154 Omnium
1083 1097 1223 1155 bonorum
1319 1121 1326 1130 ·

159 1165 192 1202 ¹⁰
202 1166 255 1204 ⁸⁴⁸·
267 1181 465 1238 usumfructum
480 1193 561 1252 posse
576 1177 678 1250 legari,
700 1182 757 1236 nisi
777 1181 901 1237 accedat
915 1169 1066 1250 dodrantis
1085 1185 1206 1240 aestima
1233 1189 1266 1238 [⁶⁴

267 1268 377 1333 tionem,
395 1271 437 1321 est
452 1267 560 1322 uerius.

329 1342 374 1404 67.
398 1341 493 1404 ⁷Item.
536 1343 696 1417 Usufructu
710 1347 846 1404 banorum
860 1351 891 1404 in
905 1349 977 1406 diem
994 1350 1090 1422 teyuto
1105 1350 1222 1408 uidetur
1324 1403 1326 1426 ,

262 1429 529 1502 pertimescendum}
557 1437 588 1485 ut
615 1445 650 1485 ne
678 1424 733 1485 ’ini
764 1433 897 1504 cuiusque
925 1435 971 1488 rei
1001 1437 1222 1490 commutatione
1261 1469 1271 1482 -
1323 1427 1326 1508 i

266 1520 398 1571 uertatur
409 1515 571 1586 periculum
587 1515 733 1570 amittendi
746 1515 967 1587 usumfructum.
992 1532 1123 1572 summum
1134 1517 1221 1590 igitur
1324 1509 1326 1548 ἕ

265 1718 339 1768 aliud
352 1725 501 1781 eccerpium
515 1717 616 1768 uidetur
626 1717 748 1779 coepisse,
762 1717 832 1780 quod
840 1733 896 1768 cum
905 1719 1076 1782 praecedenti
1085 1735 1218 1783 pererro-

265 1805 319 1838 rent
333 1790 441 1846 coaluit,
455 1789 562 1837 leuiusce
577 1787 635 1849 fere
649 1801 752 1836 sensus:
765 1787 823 1836 Ante
839 1788 926 1837 aditam
940 1789 1097 1839 hereditatem
1112 1790 1221 1853 fructus

265 1875 300 1908 esc
314 1875 343 1909 re
362 1861 447 1924 legata
461 1864 600 1921 perceptus
619 1858 646 1905 in
665 1857 808 1906 hereditate
826 1860 954 1908 retinetur.
984 1859 1023 1923 Of.
1038 1860 1070 1908 L.
1084 1871 1118 1912 ss.
1139 1860 1169 1908 D.
1184 1861 1220 1912 de

265 1932 313 1996 lc9.
324 1941 344 1980 e.
356 1929 387 1978 L.
398 1941 419 1980 t.
441 1929 465 1978 C.
481 1929 512 1978 de
527 1943 599 1977 usur.
614 1935 638 1976 et
650 1927 688 1990 fr.
699 1929 746 1993 teu.
757 1925 788 1992 (s,
798 1926 843 1993 at).
866 1929 899 1979 In
914 1929 972 1980 Vat.
987 1945 1048 1982 uero
1062 1931 1105 1982 llic
1118 1937 1146 1981 ut
1155 1947 1183 1994 p.
1194 1943 1218 1985 ⁶.

265 2016 288 2050 u.
304 2013 337 2050 12.
352 2001 440 2050 uersut'
453 2013 504 2048 uon
518 1999 606 2062 aliqua
620 2000 712 2047 omissa
726 2000 904 2062 superscripta
915 2000 1000 2062 fuisse
1018 2001 1133 2062 uidetur,
1151 2017 1218 2065 quae

266 2072 363 2136 intrari
375 2084 465 2120 uersus
478 2071 589 2131 spatium
603 2076 749 2130 occuparet.
816 2066 836 2133 ¹)
852 2069 921 2118 Pars
935 2072 1030 2135 leuitur
1043 2071 1075 2120 L.
1090 2083 1109 2122 s.
1136 2071 1168 2120 D.
1184 2072 1218 2122 de

265 2156 337 2192 usur,
353 2139 397 2205 (us,
412 2139 442 2205 1).
499 2135 520 2204 ²)
534 2138 579 2188 Ex
593 2139 652 2201 Diu.
667 2141 791 2202 supplevi.
818 2137 853 2188 Ob
866 2141 1058 2190 similitudinem
1072 2143 1220 2192 litterarum

265 2212 284 2262 it
298 2227 327 2261 ur
340 2209 385 2275 (=
399 2208 439 2274 fr.)
454 2209 583 2258 excidisse
597 2209 707 2258 uidetur.
760 2205 780 2273 ⁸)
799 2209 846 2258 Ubi
858 2213 990 2260 summisso
1002 2211 1059 2274 fetu
1068 2213 1095 2260 in
1103 2227 1218 2276 arcuum,

264 2282 393 2332 secundus
399 2281 470 2344 fetus
476 2281 582 2342 fructus
588 2279 627 2342 fit.
644 2278 681 2341 Cf.
688 2278 719 2328 L.
726 2291 759 2330 ss.
769 2279 801 2328 I).
810 2280 842 2328 dc
851 2295 922 2330 usur.
932 2279 975 2344 (es,
981 2279 1012 2348 1).
1050 2277 1072 2345 ⁴)
1078 2281 1220 2346 Sequentia

264 2353 368 2402 restitui
372 2368 382 2407 ,·
396 2365 477 2398 morae
492 2350 554 2399 attio
564 2350 642 2406 dicta,
654 2356 681 2397 ut
691 2365 785 2399 usurae
794 2365 894 2406 morae,·
909 2353 960 2400 iant
970 2353 1040 2416 fuae
1050 2359 1110 2414 past
1119 2366 1220 2402 marom

263 2423 361 2485 factam
369 2421 450 2482 fetum
459 2419 490 2468 ab
500 2419 593 2470 lterecle
603 2421 785 2470 commodatura
794 2422 833 2470 oei
839 2421 913 2483 furio
923 2424 948 2472 ei
955 2421 1066 2472 ablatum
1073 2423 1144 2485 apud
1149 2437 1219 2474 com·

264 2491 435 2540 mandatarium
449 2491 489 2538 uel
499 2490 585 2551 furem
594 2490 732 2538 secundum
743 2491 824 2554 fetum
833 2491 959 2549 edidisse;
973 2507 1045 2542 cessa
1055 2492 1220 2544 condictione

265 2563 305 2610 uel
314 2559 465 2610 commodati
473 2560 575 2608 actione
589 2561 612 2608 is
626 2565 653 2608 ui
664 2559 769 2622 fructus
779 2561 1018 2624 fideicommissario
1028 2561 1218 2626 praestabitur.

266 2629 288 2697 ¹⁵)
299 2630 417 2688 Restitui,
428 2630 488 2679 licet
495 2629 633 2688 haesitans,
643 2644 698 2680 cum
706 2633 784 2680 multa
791 2633 845 2680 alia
852 2631 894 2681 ltic
902 2633 973 2682 dicta
979 2633 1063 2696 fuisse
1073 2635 1218 2696 potuerint.

265 2701 318 2751 Sed
327 2699 473 2764 aptissimus
482 2699 531 2748 troc
540 2701 667 2750 sententia
674 2703 705 2763 fii
714 2702 839 2750 transitus
849 2703 884 2751 ad
893 2705 915 2764 ξ.
926 2705 973 2754 66⁸.
1011 2699 1033 2768 ⁶)
1044 2703 1163 2764 Restitui,
1173 2719 1218 2753 su·

264 2773 380 2834 spiculus
393 2784 455 2832 esse,
470 2771 571 2820 omissis
580 2771 786 2829 auctoritatibus,
796 2771 827 2820 L.
838 2783 872 2824 ss.
887 2773 919 2820 D.
930 2774 962 2822 dc
973 2774 1057 2836 usufr.
1068 2771 1099 2839 (t,
1109 2772 1140 2838 1).
1159 2773 1216 2836 top.

266 2841 308 2892 lib.
326 2839 434 2891 XVIII.
450 2838 472 2906 (f
482 2841 561 2907 XVII.)
575 2840 748 2891 aciSabinum.
774 2839 902 2892 ‘Omnium
912 2842 1035 2893 bonarum
1045 2845 1218 2894 usumfructum

265 2925 337 2976 posse
352 2911 434 2972 legari,
448 2913 501 2960 uisi
513 2913 624 2961 excedat
637 2912 775 2961 dodrantis
788 2914 1000 2972 aestimationem,
1023 2913 1111 2964 Ocnus
1123 2913 1167 2964 tto.
1182 2925 1217 2966 su.
1245 2910 1246 2918 ’

265 2982 325 3046 Diu.
340 2989 364 3030 el
378 2981 498 3032 Iulianus
516 2981 558 3032 lib.
573 2995 606 3034 st.
625 2981 717 3031 scribit
735 2989 760 3031 et
776 2989 815 3032 est
833 2980 939 3032 uerius.'
971 2983 1036 3034 Nam
1054 2991 1079 3034 ei
1095 2986 1118 3046 5.
1132 2996 1167 3036 st.
1182 2986 1220 3035 ad

265 3053 450 3116 usumfructum
464 3051 586 3102 bonorum
599 3053 701 3101 uidetur
716 3054 849 3114 pertinere
868 3060 896 3102 ut
909 3055 932 3115 §-
947 3065 995 3114 ss„
1013 3061 1039 3104 ct
1056 3055 1084 3103 in
1097 3056 1121 3116 §-
1136 3065 1169 3106 ss.
1185 3055 1219 3105 tie

267 3121 386 3172 Falcidia
400 3124 488 3188 uultur
502 3122 640 3185 usufructu
655 3125 747 3186 leuato.
781 3122 850 3172 Sane
863 3139 930 3174 noua
943 3125 1042 3188 species
1055 3125 1083 3174 in
1102 3124 1159 3175 Vat.
1174 3125 1219 3176 ltic

265 3207 316 3243 non
327 3194 434 3256 incipii;
443 3193 490 3242 sed
497 3207 588 3242 errore
598 3193 627 3241 id
633 3192 732 3255 factum
741 3195 826 3242 malim
835 3201 939 3257 putare,
949 3209 1024 3258 quarn
1033 3210 1090 3246 curn
1099 3193 1181 3246 Btum.
1191 3203 1220 3244 et

265 3264 378 3314 Momms.
384 3269 505 3322 statuere,
517 3261 621 3326 Ulpiani
627 3269 712 3312 notam
719 3263 755 3312 ad
760 3263 853 3326 Papia.
861 3264 904 3315 itio
910 3271 1023 3316 secutam
1029 3279 1100 3322 esse:
1113 3263 1220 3328 maiani

264 3337 331 3384 euim
345 3335 383 3384 ad
396 3333 490 3396 Papio.
505 3341 580 3383 nasas
596 3333 776 3383 Constantinus
789 3335 974 3398 infirmaverat.
1026 3332 1047 3401 7)
1060 3334 1221 3386 Sententiam

265 3405 342 3454 auius
356 3405 383 3466 §t
396 3404 506 3454 restitui.
528 3402 566 3466 Cf.
577 3403 608 3454 L.
619 3414 646 3454 st
650 3417 694 3466 pr.
709 3404 741 3453 D.
757 3404 789 3454 de
803 3405 888 3468 usufr.
903 3407 951 3471 teu.
967 3403 1013 3472 (ss,
1022 3403 1054 3472 a).
1069 3405 1101 3454 L.
1111 3417 1145 3457 st.
1160 3405 1183 3467 θ.
1195 3415 1218 3456 s.

264 3473 296 3525 D.
312 3474 344 3523 de
357 3473 441 3536 usufr.
457 3471 487 3537 (t,
503 3472 534 3537 1).
608 3468 629 3540 ⁸)
648 3473 675 3522 V
675 3471 695 3522 ὅ.
711 3476 828 3525 cucusum
842 3490 858 3524 a
874 3475 946 3526 Maio
965 3482 990 3526 et
1007 3490 1098 3528 errore
1116 3476 1144 3524 in
1158 3475 1219 3526 edel.

264 3545 326 3592 meis
334 3555 353 3592 1.
362 3554 383 3593 s.
403 3542 473 3592 Unde
484 3545 611 3594 restitutio
622 3544 778 3596 inmutanda
784 3545 845 3609 fuit.
864 3543 917 3596 Sed
925 3547 1027 3596 stulius
1036 3561 1092 3598 eant
1101 3549 1219 3598 correxi.
