2672 4112
475 249 517 296 nn‘
528 261 640 298 unamve
658 261 736 297 crees
754 263 784 298 11.
1064 253 1105 313 55

139 406 199 447 mos
216 396 327 445 teneros
344 393 426 461 atque
441 386 536 443 molles
550 385 665 444 influere
680 404 759 461 quam
774 389 864 444 uarios
885 387 997 444 canendi
1011 404 1106 447 sonos.

139 489 259 549 quornm
280 471 333 528 dici
356 473 401 527 uix
422 478 515 544 potest
538 479 638 546 quanta
660 473 695 526 sit
715 472 757 528 uls
778 472 806 527 in
825 479 968 545 utramque
989 480 1106 545 partem:

139 573 258 631 namque
282 565 310 612 et
331 557 427 612 incitat
449 554 609 628 languentes
631 563 660 611 et
679 555 841 628 langueiacit
861 558 989 612 excitatos
1005 565 1033 611 et
1048 563 1106 612 tum

140 643 257 698 remittit
272 639 387 710 animos,
408 647 466 694 tum
482 639 626 710 contrahit,
642 639 837 713 ciuitatumque
852 639 904 696 hoo
918 639 1063 695 multarum
1078 642 1106 696 in

141 725 253 782 Graecia
267 722 402 795 interluit,
419 723 556 794 antiquom
572 739 671 778 uocum
682 739 841 780 conseruare
852 723 975 792 modum3
992 739 1106 797 quarum

141 823 232 864 mores
253 807 322 880 lapsi
342 806 375 862 ad
396 799 536 862 mollitias¹
561 801 691 881 (mollitis)
712 808 813 880 pariter
827 814 891 862 snut
905 808 1030 864 inmutati
1045 824 1106 866 eum

141 891 279 962 cantibus,
300 897 347 946 aut
368 891 419 947 hac
443 888 586 946 dulcedine
607 890 815 964 corruptelaque
830 890 985 962 deprauati,
1000 901 1031 947 ut
1046 893 1105 965 qui-

141 974 203 1031 dam
218 981 334 1049 putant,
350 982 407 1043 aut,
422 989 483 1030 cum
497 974 630 1030 seueritas
646 989 740 1030 eorum
757 973 791 1029 ob
806 974 856 1029 alia
872 975 938 1029 uitia
953 975 1105 1046 cecidisset,

140 1067 201 1115 tum
224 1058 276 1114 luit
297 1059 326 1113 in
348 1056 457 1113 auribus
480 1058 628 1130 animisque
650 1059 758 1114 mutatis
780 1059 859 1114 etiam
882 1057 945 1114 huic
964 1059 1105 1114 mutationi

141 1142 231 1203 locus.
275 1138 324 1200 39.
346 1158 426 1214 quam
441 1140 475 1197 ob
492 1158 548 1196 rem
570 1141 615 1197 illc
631 1142 738 1215 quidem
754 1142 968 1216 sapientissimus
984 1142 1106 1198 Graeciae

141 1227 186 1281 uir
207 1225 345 1299 longeque
368 1224 541 1282 doctissimus
565 1225 642 1282 ualde
665 1226 732 1282 hanc
754 1224 841 1280 labem
870 1233 996 1294 ueretur;
1024 1233 1106 1300 negat

141 1311 217 1366 enim
231 1311 328 1365 mutari
346 1325 427 1383 posse
449 1310 564 1365 musicas
580 1308 656 1383 leges
671 1311 729 1365 sine
744 1310 892 1366 mutatione
907 1307 998 1383 legum
1019 1307 1106 1383 publi·

145 1407 250 1450 carum.
279 1407 330 1466 ego
344 1401 434 1448 autem
448 1408 498 1449 nec
513 1399 568 1448 tam
583 1391 663 1448 ualde
678 1393 704 1448 id
720 1391 867 1450 timendum
883 1409 932 1449 nec
946 1393 1026 1467 plane
1042 1410 1106 1450 oon·

146 1475 321 1532 temnendum
339 1484 415 1550 puto.
447 1475 514 1532 illud
529 1475 642 1549 quidem
664 1473 775 1552 (uideo),
798 1493 866 1552 quae
881 1475 1004 1532 solebant
1019 1493 1105 1550 quon·

140 1560 207 1616 dam
230 1559 348 1633 conpleri
367 1561 515 1616 seueritate
529 1559 645 1616 iucunda
666 1559 782 1616 Liuianis
804 1567 832 1616 et
843 1559 984 1616 Naeuianis
1005 1559 1102 1632 modis,

140 1660 217 1700 nuuc
232 1651 264 1699 ut
279 1643 370 1699 eadem
385 1642 508 1700 exultent
522 1651 551 1700 et
565 1645 684 1700 ceruices
701 1644 849 1717 oculosque
863 1646 964 1718 pariter
976 1661 1036 1700 oum
1048 1661 1105 1700 mo·

140 1727 239 1784 dorum
263 1725 422 1784 flexionibus
444 1735 599 1800 torqueant.
644 1726 766 1802 grauiter
788 1727 851 1783 olim
872 1729 926 1784 ista
954 1727 1106 1785 uindicabat

140 1818 224 1867 uetus
245 1811 293 1867 illa
315 1811 432 1882 Graecia,
455 1811 539 1884 longe
560 1808 827 1885 prouidens,''quam
850 1814 950 1867 sensim
973 1813 1105 1884 pernicies

138 1895 244 1969 inlapsa
261 1896 361 1950 ciuium
377 1895 478 1951 animos
495 1894 571 1951 malis
586 1895 682 1952 studiis
699 1895 830 1968 malisque
845 1895 975 1950 doctrinis
993 1903 1107 1968 repente

141 1986 217 2034 totas
232 1980 355 2035 ciuitates
370 1987 518 2050 euerteret,
534 1980 557 2034 si
573 1978 680 2053 quidem
695 1977 742 2034 illa
756 1994 852 2034 seuera
867 1976 1030 2034 Lacedaemo
1045 1994 1106 2035 ner-

142 2079 196 2118 uos
210 2064 300 2132 iussit,
321 2077 375 2136 quo
390 2062 484 2137 plures
500 2079 579 2136 quam
595 2072 699 2137 septem
715 2060 837 2132 haberet,
852 2063 880 2116 iu
896 2061 1030 2117 Timothei
1046 2060 1104 2119 fidi·

141 2143 194 2202 hns
209 2145 301 2202 incidi.

207 2229 275 2286 xvi.
297 2225 350 2285 40.
374 2229 502 2305 Deinceps
518 2231 545 2285 in
560 2230 622 2304 lege
637 2237 690 2300 est,
705 2237 736 2285 ut
751 2227 784 2285 de
799 2227 895 2284 ritibus
910 2229 1004 2304 patriis
1015 2227 1106 2285 colan-

139 2323 188 2369 tur
212 2315 331 2388 optumi:
355 2313 389 2370 de
411 2329 466 2388 quo
489 2330 549 2370 eum
571 2314 745 2370 consulerent
760 2313 939 2369 Athenienses
954 2313 1106 2387 Apollinem

141 2397 280 2471 Pythium,
297 2414 363 2473 quas
377 2399 548 2472 potissimum
563 2397 710 2472 religiones
722 2405 856 2468 tenerent,
873 2397 991 2454 oraclum
1003 2397 1106 2454 editum

144 2489 190 2537 est
211 2480 277 2553 ‘eas,
298 2498 370 2556 quae
391 2490 484 2538 essent
505 2483 533 2538 iu
554 2498 629 2538 more
651 2481 803 2537 maiorum’.
846 2495 901 2555 quo
924 2498 985 2537 cum
1005 2482 1106 2537 iterum

143 2565 283 2621 uenissent
304 2567 489 2639 maiorumque
511 2581 614 2622 morem
636 2564 767 2621 dixissent
789 2581 870 2638 saepe
891 2580 952 2621 esse
973 2572 1106 2621 mutatum

141 2651 376 2724 quaesissentque,
394 2665 474 2724 quem
489 2665 591 2706 morem
606 2651 776 2724 potissimum
792 2657 972 2722 sequerentur
987 2649 1104 2720 suariis,

137 2733 285 2808 respondit
304 2732 480 2808 ‘optumum'.
516 2741 543 2789 et
557 2733 682 2808 proiecto
697 2735 734 2789 ita
749 2740 800 2804 est,
817 2741 848 2788 ut
862 2732 888 2788 ld
903 2731 1055 2788 habendum
1070 2735 1106 2788 sit

138 2819 360 2890 antiquissimum
376 2825 404 2874 et
415 2817 465 2873 deo
480 2819 643 2891 proximum,
659 2817 732 2890 quod
748 2817 783 2873 sit
800 2823 952 2890 optumum.

205 2899 311 2973 Stipem
326 2901 487 2958 sustulimus
498 2903 550 2958 nisi
567 2917 633 2972 eam,
652 2917 731 2974 quam
742 2900 776 2957 ad
786 2916 887 2974 paucos
900 2900 956 2956 dles
968 2901 1105 2974 propriam

137 2985 233 3042 ldaeae
248 2984 339 3040 listris
355 2985 523 3060 excepimus3
544 2984 640 3059 implet
661 2986 731 3041 enim
747 2985 941 3058 superstitione
958 2985 1062 3040 animos
1078 2992 1105 3040 et

137 3069 266 3124 exhaurit
279 3062 400 3124 domus.²

204 3151 346 3225 Sacrilego
367 3167 454 3226 poena
474 3161 526 3224 est,
547 3169 636 3226 neque
651 3153 675 3208 ei
690 3151 752 3223 soli,
768 3153 815 3225 qui
829 3167 935 3208 sacrum
950 3151 1104 3222 abstulerit,

214 3296 235 3366 ¹)
258 3301 297 3350 sic
311 3297 362 3348 AB
378 3302 510 3351 mollitiam
527 3299 623 3350 mollitis
644 3299 684 3348 ed.
705 3299 735 3348 V.
769 3295 789 3364 ²)
805 3299 955 3350 Memoriter
975 3299 1039 3348 haec
1058 3312 1105 3346 neo

135 3377 267 3422 accurate
281 3368 354 3419 Sero.
369 3369 405 3420 ad
418 3370 483 3420 Aen.
497 3383 519 3431 e,
533 3383 580 3422 en.
596 3371 634 3420 ito
647 3369 794 3419 reddidisse
804 3369 938 3433 putandus
952 3375 1003 3418 est:
1022 3367 1105 3415 Cicero

135 3443 170 3492 ait
185 3443 212 3491 in
227 3441 297 3489 libris
312 3441 403 3503 legum:
420 3438 523 3505 ‘Stipem
533 3441 661 3505 prohibeo:
676 3453 730 3490 nam
745 3447 815 3502 auget
829 3439 1023 3503 superstitionem
1033 3443 1105 3485 etex·

134 3513 218 3562 haurit
233 3508 340 3561 domos'.
361 3511 426 3561 Nom
435 3517 652 3578 quoeseqnnntur
661 3511 744 3574 ilignis
754 3511 826 3573 igitur
835 3508 980 3572 largiendum
990 3515 1035 3570 est,
1050 3509 1105 3572 ipse

134 3582 252 3634 Servios
265 3583 367 3632 uiddnr
381 3583 527 3634 adnotasse.
