2694 4110
211 209 213 213 ,
230 171 338 214 evauno
351 169 473 206 nouenos
486 169 686 206 mannnsusrvu
699 167 848 206 auvooassn
860 169 956 207 nonar.
1012 150 1070 216 787

122 301 205 360 nebat
226 300 412 375 praediorum,
435 315 502 373 quae
518 308 594 373 pater
608 299 633 354 ei
650 306 792 372 postremo
807 301 911 356 iudicio
926 316 982 357 non
996 302 1075 373 lepu-

122 393 184 457 rat,
207 389 233 442 si
252 387 344 456 filiae,
370 400 456 454 quom
477 385 637 454 postillam
661 381 833 439 donatiouem
854 384 966 459 genuit,
988 400 1076 456 prae·

121 473 245 544 leqouit,
274 468 428 541 ‘quidquid
451 467 610 538 fundorum
636 481 728 537 penes
754 480 785 522 se
813 469 953 538 reliquum
979 466 1074 523 esset?

122 554 198 628 parui
220 553 320 608 etenim
342 551 443 619 refert,
469 551 546 623 quod
571 551 735 606 solemniter
762 551 932 621 confirmato
960 551 1075 608 donatio

121 639 209 710 filiae,
221 635 300 708 foeta
316 651 370 690 non
386 633 559 706 probaretur:
584 631 713 688 arbitrum
729 634 802 688 enim
822 633 989 689 hereditatis
1003 636 1075 691 diui·

123 721 238 777 dundee
253 723 351 790 patris
366 721 538 774 uoluntatem
559 725 632 772 reete
648 725 804 772 secuturum
819 717 895 787 dixi,
917 734 975 790 qua
996 720 1076 789 filiae

119 805 210 878 fundi
221 809 341 874 praeter
354 803 477 874 praedio
492 817 522 857 ea
532 800 586 856 dati
601 794 678 869 sint,¹
696 816 770 872 qnae
782 816 867 856 soror
878 803 939 856 eius
951 803 1074 872 tenebat,

121 889 242 961 perinde
258 886 332 942 acsi
348 885 416 941 utne
430 886 543 958 propria
559 883 664 956 praedia
678 875 682 960 Ι
695 884 872 959 praelegaret,
889 893 916 940 ct
930 876 1177 947 adiecissetiutwo

124 972 270 1044 ‘exceptis,
293 987 360 1043 quae
375 970 463 1025 sorori
479 977 539 1024 tuae
555 964 677 1023 donaui.'
714 984 774 1022 nam
789 975 817 1022 ct
833 975 993 1024 testamento
1009 967 1075 1024 libe-

123 1056 254 1112 ratitatcm
266 1053 461 1122 confirmatam,
477 1060 503 1108 et
515 1058 607 1124 aperte
622 1047 706 1124 patris
717 1049 876 1107 declaratam
892 1052 1073 1124 uoluntatem,

124 1139 198 1213 quod
212 1138 354 1194 diuisionis
369 1136 480 1192 arbitrio
496 1133 611 1205 sufficit,
634 1135 701 1190 iuris
717 1149 825 1208 quoque
845 1133 934 1190 uerbis
950 1133 1074 1192 deficien-

124 1223 206 1279 tibus.

50 1309 115 1357 [⁶9³1
191 1301 257 1361 257.
281 1297 373 1360 ²1tem.
397 1302 533 1359 Eiusmodi
544 1302 606 1375 tege
618 1302 739 1374 deposita
754 1303 781 1358 in
795 1302 859 1358 aede
876 1318 960 1374 sacra,
976 1310 1007 1360 ut
1018 1319 1075 1360 eam
1176 1287 1191 1310 ‘

125 1392 183 1462 ipse
203 1387 305 1458 ’sotus,
328 1380 389 1460 qui³
403 1387 542 1459 deposuit,
566 1385 689 1457 tolleret,
709 1394 755 1441 aut
769 1394 832 1460 post
848 1396 959 1443 mortem
976 1387 1075 1443 domini

125 1471 215 1528 Aetius
231 1471 368 1544 Speratus,
385 1487 440 1527 non
456 1469 541 1525 uideri
556 1469 700 1542 perfectam
716 1469 900 1543 donationem,
915 1470 1053 1544 respondi.

188 1551 257 1614 268¹.
287 1549 380 1613 ⁴item.
420 1554 584 1628 Pomponius
608 1551 751 1608 Filadeitus
774 1553 845 1608 dotis
867 1571 946 1610 causa
968 1554 1075 1627 praedia

125 1639 195 1695 tiliae
207 1639 379 1713 Pomponiae,
403 1654 482 1712 quam
497 1636 591 1694 habuit
612 1638 640 1692 in
655 1644 800 1709 potestate,
824 1637 942 1707 tradidit,
964 1646 992 1692 et
1007 1653 1076 1693 mer·

126 1723 204 1780 cedes
221 1741 314 1780 corum
331 1739 432 1797 genero
449 1722 519 1779 solui
535 1720 681 1776 mandauit.
713 1722 752 1774 Au
763 1735 793 1774 ea
808 1721 952 1791 praecipua
966 1718 1018 1787 fidia
1033 1735 1075 1775 re-

126 1810 210 1864 tinere
225 1809 322 1881 possit,
346 1823 405 1862 cum
420 1799 538 1860 'omnes⁵
554 1803 623 1858 filios
639 1803 751 1857 heredes
768 1802 941 1874 instituisset,
966 1817 1075 1874 quaere·

125 1891 214 1946 batur.
251 1891 350 1944 iustam
366 1904 471 1945 causam
494 1885 649 1942 retinendae
671 1884 853 1958 possessionis
873 1883 970 1940 habere
985 1883 1075 1958 filiam,

127 1975 252 2045 quoniam
274 1981 349 2045 pater
371 1971 491 2044 praedia,
514 1965 574 2042 (de)
597 1967 693 2040 quibus
710 1967 903 2040 quaerebatur,
926 1968 997 2024 dotis
1017 1985 1076 2025 esse

124 2056 225 2125 uoluit,
241 2063 268 2110 et
280 2057 480 2110 matrimonium
492 2062 555 2126 post
567 2061 679 2130 mortem
692 2067 800 2124 quoque
812 2053 896 2124 patris
908 2053 1076 2124 constiterat,

126 2140 264 2210 respondi
267 2162 276 2202 ,·
291 2136 370 2193 filiam
383 2139 493 2206 etenim,
509 2152 578 2210 quae
589 2135 746 2191 naturaliter
757 2151 837 2209 agros
850 2136 973 2208 retinuit,
988 2137 1077 2210 specie

125 2222 205 2288 dotis,
222 2223 297 2277 cuius
312 2237 392 2294 capax
410 2220 469 2290 tuit,
485 2219 601 2276 defendi.

188 2301 254 2362 259.
279 2305 353 2362 item.
391 2304 484 2360 Mulier
499 2305 556 2360 sine
576 2304 675 2358 tutoris
695 2303 855 2360 auctoritate
875 2302 1012 2376 praedium
1029 2304 1077 2359 sti·

126 2389 289 2464 pendiarium
312 2391 472 2444 instructum
500 2404 554 2444 non
582 2388 676 2443 mortis
702 2404 782 2444 causa
804 2386 897 2442 Latino
920 2387 1076 2444 donauerat.

125 2473 271 2547 perfectam
293 2474 320 2527 in
343 2471 450 2545 praedio
473 2473 624 2544 ceterisque
651 2469 731 2526 rebus
754 2487 803 2527 nec
825 2463 969 2544 ’mancipi⁸
995 2470 1077 2527 doua-

128 2559 229 2612 tionem
251 2572 311 2611 esse
333 2548 488 2629 apparuit;⁷
510 2571 606 2610 seruos
627 2562 761 2610 autemst
783 2569 895 2628 pecora,
918 2571 986 2627 quae
1005 2554 1076 2612 collo

126 2640 170 2696 uel
185 2639 268 2696 dorso
283 2639 472 2704 domarentur,
495 2655 546 2694 usu
561 2654 614 2694 non
631 2631 731 2710 capta.8
767 2639 789 2693 si
806 2645 894 2693 tamen
909 2638 1077 2694 uoluntatem

127 2723 224 2780 mulier
238 2739 294 2779 non
308 2729 450 2792 mutasset,
471 2721 565 2778 Latino
582 2737 691 2794 quoque
706 2719 762 2776 doti
776 2720 944 2794 profuturam
960 2721 1077 2796 duplica·

127 2869 185 2918 coli.
201 2865 246 2932 (ot,
261 2864 291 2930 t).
307 2865 382 2918 L.1o.
394 2875 517 2928 repnte
535 2863 560 2914 0.
572 2863 636 2926 fam.
651 2879 704 2912 ere.
720 2861 750 2928 (o,
761 2861 805 2928 tto).
860 2858 880 2928 ¹)
894 2861 968 2912 Haeo
982 2877 1033 2912 non
1043 2863 1079 2912 ad

124 2939 200 3000 finem
214 2951 303 2986 versus
314 2938 477 3000 pertinpunt,
497 2935 541 2998 qni
553 2936 685 2997 scriptura
699 2949 794 2983 vacare
808 2934 878 2982 visus
891 2939 936 2985 est.
993 2929 1014 2998 ²)
1030 2932 1078 2982 Est

127 3006 158 3055 L.
173 3019 207 3056 ot.
222 3008 245 3066 ξ.
260 3018 281 3056 s.
304 3006 336 3054 D.
352 3007 383 3055 de
397 3007 455 3056 don.
472 3004 519 3071 (89,
534 3003 570 3069 5),
587 3005 681 3067 paucis
699 3005 810 3056 mutatis.
843 3003 922 3052 Initio
936 3010 961 3052 et
974 3005 1001 3052 in
1016 3003 1077 3069 Dip.

127 3075 281 3124 excidistis.
338 3071 359 3138 ⁸)
374 3075 491 3139 EscDip.
506 3076 546 3138 qui
561 3077 625 3123 sotus
645 3074 703 3123 Vat.
719 3075 776 3123 edd.
832 3071 852 3137 ⁴)
869 3074 899 3122 L.
914 3083 948 3124 35.
968 3073 1000 3121 D.
1013 3074 1076 3136 sam.

127 3161 180 3195 erc.
195 3143 240 3210 (to,
250 3143 281 3208 a),
292 3147 386 3206 paucis
395 3145 563 3194 variantibus.
615 3142 636 3210 ⁶)
651 3145 710 3209 usp.
721 3159 858 3193 communes
874 3144 932 3192 Vat.
979 3139 1001 3206 ⁶)
1012 3158 1078 3190 man-

128 3214 366 3278 cipiiedd.Hollw.
382 3215 494 3263 Momme.
561 3212 636 3280 ⁷)Gf.
652 3217 736 3276 §.aas
759 3214 855 3269 Gaia,
874 3224 908 3262 ao.
974 3207 1078 3276 ⁸)Non,

128 3285 197 3350 quod
209 3286 302 3333 mulier
315 3285 371 3332 sine
385 3290 469 3334 tutore
483 3291 589 3334 auctore
607 3283 663 3350 (qui
676 3291 737 3332 tunc
757 3289 869 3347 apnatus
887 3282 1014 3345 tepitimus
1027 3282 1078 3329 iam

128 3371 178 3405 non
192 3354 259 3417 erat)
274 3355 417 3404 donauerat
431 3352 500 3418 (Gai.
516 3365 536 3410 tt,
550 3366 584 3406 47.
600 3357 657 3404 coll.
673 3359 763 3404 nostra
777 3354 801 3413 §-
811 3349 869 3416 eot),
883 3351 929 3400 sed
942 3351 1011 3414 quod
1023 3351 1077 3399 La-

128 3427 198 3476 tinus
212 3441 246 3474 esc
261 3428 314 3489 tepe
328 3431 376 3470 ΧΠ
392 3420 529 3473 ‘adversus
546 3424 641 3473 hostem
655 3431 762 3473 aeterna
776 3422 920 3471 auctoritas
937 3417 1001 3470 csto’
1018 3436 1077 3470 usu·

128 3510 222 3559 capere
236 3510 287 3545 non
298 3500 411 3559 poterat.
441 3494 479 3556 Cf.
497 3493 553 3542 Gai.
568 3506 589 3556 s,
603 3505 637 3546 80,

815 3590 869 3645 50*
