2700 4118
306 227 410 263 nouiru
428 227 534 264 vneiiri
553 211 586 278 (l)
604 227 702 263 111111.
721 230 835 266 univiris
854 230 929 266 riser.
1030 213 1092 277 635

142 350 175 402 ut
192 347 298 418 indign.
318 350 372 414 (34,
390 349 436 428 9),
448 349 523 416 quod
541 349 576 402 ab
593 349 676 402 huius
694 349 853 468 scriptionis
870 353 987 416 ratione,
1006 352 1095 405 cerias

142 417 254 470 tantuin
273 417 307 493 et·
319 431 511 502 gravissimasw
520 415 602 470 huius
624 416 691 468 iuris
714 416 748 470 de
771 417 890 494 ditiones
913 419 1095 496 admittentis,

60 539 65 549 ·
142 482 1095 630 1111111111111111111(11ἒέ1111111111111111ἶῖ

142 633 212 670 iuris
230 617 373 685 epitomis,
397 617 520 684 alioquin
539 621 745 685 compositionis
763 619 871 671 ratione
892 619 1043 684 similibus,
1065 618 1095 672 id

143 683 220 750 quod
237 683 332 736 statim
350 699 490 752 agnosces,
509 683 559 737 ulii
570 685 629 737 eius
641 683 676 737 de
688 683 740 737 hac
757 686 876 738 materia
893 686 1095 753 expositionem

143 751 172 802 in
184 750 214 804 L.
226 755 268 808 46,
281 749 315 804 D.
328 749 363 803 de
380 751 441 804 iure
459 749 519 804 fisci
537 755 588 814 (49,
604 755 646 814 14)
664 751 694 804 et
710 751 829 805 maxime
848 751 961 819 quidem
979 757 1019 817 55,
1034 759 1058 812 2.
1071 759 1094 808 3.

144 832 209 870 cum
225 817 382 881 1111111155.
400 823 438 872 4³.
456 823 479 875 5.
499 818 657 872 contuleris.

212 882 292 948 Quod
314 900 381 939 vero
406 885 440 938 de
464 885 557 938 aetate
583 884 703 938 auctoris
729 885 903 952 potissimum
926 901 943 938 a
965 885 995 941 C.
1021 885 1094 940 Guil.

143 949 273 1004 Walohio
296 951 470 1020 disputatum
493 953 547 1012 est,
570 967 635 1005 eum
652 951 826 1004 Diocletiano
849 953 1018 1007 anteriorem
1039 968 1095 1006 non

143 1017 237 1083 fuisse,
256 1033 291 1071 ne
303 1018 333 1071 id
346 1019 461 1086 quidem
478 1018 548 1071 mihi
564 1019 708 1086 probatur.
731 1017 849 1072 Leviora
861 1021 1027 1087 argumenta
1038 1021 1095 1075 iam

143 1084 343 1154 aBoeckingio
361 1085 484 1139 refutata
501 1087 656 1152 praetereo.
681 1084 812 1153 Speciosa
823 1088 933 1140 tantum
946 1089 1010 1141 eunt
1022 1103 1094 1154 quae

144 1167 179 1206 cx
196 1152 237 1212 55,
257 1157 289 1205 14
307 1153 337 1205 11
355 1157 393 1206 ie.
414 1153 535 1216 11115.
556 1158 595 1210 17,
615 1151 762 1206 ducuntur.
798 1152 853 1206 Sed
876 1154 911 1207 ad
934 1154 997 1208 illas
1019 1153 1095 1219 quod

144 1219 255 1284 attinet,
272 1219 330 1272 iam
341 1217 433 1271 Paulli
450 1220 587 1286 tempore,
603 1221 637 1272 ut
654 1218 781 1273 evaent.
795 1219 827 1272 V.
843 1226 882 1275 12.
897 1225 950 1286 §.6
968 1222 1093 1289 apparet,
1178 1225 1181 1231 “

143 1285 231 1350 bona,
258 1299 331 1351 quae
355 1284 391 1338 ad
412 1285 509 1338 fiscum
530 1285 670 1352 pertinere
693 1285 871 1354 dicebantur,
897 1288 955 1342 sine
978 1287 1095 1341 iudicati

145 1351 312 1404 auctoritate
331 1351 451 1405 describi
469 1351 516 1405 vel
533 1351 674 1419 obsignari
695 1355 745 1406 aut
766 1354 936 1422 incorporari
956 1370 1012 1409 non
1029 1355 1095 1408 lice·

144 1417 207 1480 bat;
231 1416 399 1471 Diocletiani
420 1434 488 1472 vero
510 1419 670 1472 constitutio
687 1420 717 1478 L.
736 1426 759 1474 5.
778 1421 806 1479 O.
825 1421 860 1476 de
878 1423 895 1476 1.
914 1421 974 1476 fisci
991 1427 1048 1488 (10,
1069 1422 1095 1488 1)

144 1484 278 1550 testatur,
300 1485 362 1538 tum
378 1501 430 1540 nec
447 1485 569 1551 licuisse,
593 1485 646 1538 nisi
664 1487 749 1540 etiam
770 1487 860 1542 forma
878 1490 1040 1544 eonomine
1059 1488 1094 1542 ab

143 1551 205 1619 ipso
223 1553 391 1620 imperatore
410 1553 477 1606 data
494 1555 575 1607 esset.
598 1552 713 1607 Etcum
732 1555 815 1608 antea
833 1556 1004 1611 Caesarianis
1021 1557 1096 1610 bona

145 1619 211 1672 ante
229 1619 395 1673 sententiam
413 1619 635 1688 inquietantibus
654 1637 753 1675 manus
772 1638 912 1690 opponere
931 1625 1017 1691 (quod
1034 1623 1095 1676 iure

144 1685 267 1739 naturali
283 1685 402 1754 licebat)
419 1687 593 1756 prohibitum
611 1689 724 1756 quidem
741 1705 797 1740 non
811 1691 892 1756 esset,
911 1689 1095 1766 imperatores

143 1769 210 1806 vero
224 1754 336 1807 tantum
353 1756 563 1832 procuratorem
582 1754 616 1808 de
636 1755 771 1808 eiusmodi
787 1755 891 1808 iniuria
908 1756 985 1808 adire
1003 1755 1095 1807 iussis-

144 1821 217 1884 sent,
240 1820 432 1876 Diocletianus
453 1822 471 1880 1,
495 1839 517 1880 c.
541 1837 669 1899 expresse
691 1820 842 1887 universis,
870 1837 989 1889 quorum
1010 1822 1095 1874 inter-

145 1889 230 1950 esset,
255 1889 322 1940 isis
345 1888 493 1942 resistendi
516 1887 681 1941 officialibus
725 1888 873 1940 otestatem
891 1887 978 1941 dedit.
1015 1887 1095 1940 Unde

143 1905 324 2028 intelligii'ur,
347 1955 607 2030 11111111111155,
628 1959 667 2008 14.
686 1905 722 2029 11)
733 1960 772 2028 15,
791 1953 897 2010 referri.
934 1953 989 2007 Sed
1010 1953 1095 2007 etiam

144 2023 176 2083 5ο
197 2025 237 2072 17.
254 2034 298 2072 ius
315 2021 454 2086 posternas
472 2021 502 2073 11
518 2020 601 2072 latius
620 2021 763 2082 contineri,
782 2036 867 2087 quam
884 2019 914 2072 L.
934 2027 956 2074 l.
969 2027 993 2074 2.
1012 2020 1040 2077 C.
1060 2020 1095 2073 de

145 2085 242 2138 advoc.
263 2084 320 2140 fise.
342 2087 381 2152 (2,
400 2091 440 2152 9),
465 2085 599 2140 Antonini
621 2088 650 2138 et
668 2085 809 2139 Valeriani
832 2087 972 2156 rescriptis
994 2093 1095 2141 11214.

146 2153 176 2205 et
192 2156 249 2206 255.
267 2151 425 2230 propositis,
444 2167 501 2204 non
517 2152 734 2221 persuadebitur
752 2153 785 2215 ei,
806 2153 854 2220 qui
872 2155 1003 2222 utrosque
1021 2154 1096 2208 locos

144 2218 309 2287 diligentius
325 2219 487 2287 inspexerit.
523 2220 660 2272 Antonini
678 2221 752 2272 enim
769 2220 934 2288 rescriptum
952 2237 1016 2274 eum
1034 2237 1096 2288 spe·

145 2287 212 2349 ctat,
231 2285 281 2351 qui
298 2283 358 2338 fisci
372 2301 484 2340 causam
501 2286 652 2354 aliquando
670 2303 685 2340 e
707 2287 775 2355 crat,
795 2303 923 2356 eumque,
942 2288 1010 2342 licet
1027 2287 1096 2341 sala·

145 2352 218 2404 rium
234 2367 291 2405 non
308 2353 461 2421 acceperit,
484 2353 513 2408 in
532 2353 630 2407 eadem
652 2354 688 2406 sc'
705 2354 758 2408 'cet
780 2370 862 2408 causa
880 2362 977 2408 contra
999 2355 1096 2408 fiscum

74 2434 134 2484 [⁵³⁸³
145 2418 495 2541 ttfioelnifimd‘lfillfi
505 2419 708 2556 1111111·
718 2421 992 2552 1111111111·
1011 2425 1095 2542 (3111

146 2552 285 2609 convenit.
295 2583 327 2592 —
337 2553 367 2606 Si
382 2554 497 2608 tandem
514 2553 653 2622 mihiipsi
671 2555 740 2623 quid
751 2555 889 2622 videatur,
909 2556 1002 2610 dicere
1033 2557 1094 2621 cet,

145 2620 267 2688 primum
284 2619 444 2688 fragmenta
460 2623 556 2675 nostra
569 2623 598 2675 11
614 2623 676 2698 ipsa
693 2622 852 2676 celebrioris
864 2623 956 2691 operis
974 2623 1095 2677 celeber·

144 2687 210 2738 rimi
233 2687 376 2740 cuiusdam
393 2688 453 2742 iou
470 2691 579 2756 partem
597 2688 695 2754 fuisse,
716 2705 772 2742 non
795 2689 905 2751 dubito;
929 2689 999 2743 alius
1022 2690 1096 2744 enim

146 2755 232 2807 etiam
248 2753 398 2808 frustulum
414 2755 526 2810 tantum
539 2755 587 2823 qui
605 2757 726 2810 aetatem
744 2756 871 2810 tulisset?
901 2756 1009 2810 Deinde
1022 2757 1096 2810 hunc

143 2821 228 2874 tertio
251 2821 345 2875 seculo
368 2823 419 2876 scri
442 2822 507 2876 sisse
526 2822 686 2891 etquidem
708 2824 772 2892 post
789 2822 886 2878 Severi
907 2840 1049 2878 excessum
1067 2824 1097 2878 et

145 2889 210 2941 ante
225 2888 361 2966 'emissam
379 2841 537 2967 velppotius
578 2891 621 2943 ost
642 2907 735 2942 rursus
753 2890 919 2968 abrogatam
938 2907 955 2944 a
971 2890 1095 2967 Macrino

144 2955 372 3010 constitutionem
389 2957 525 3010 Antonini
572 2956 650 3026 agni,
675 2973 732 3025 qua
752 2974 775 3010 is
798 2959 910 3025 patrum
932 2959 961 3010 in
985 2958 1095 3010 caducis

144 3022 187 3074 ius
204 3022 368 3088 sustulerat,
387 3024 531 3077 conficitur
547 3025 606 3078 tani
624 3040 659 3076 ex
676 3029 699 3088 5.
717 3030 760 3090 4³,
778 3024 807 3077 in
825 3041 881 3092 qua
897 3024 940 3077 ius
959 3040 975 3077 a
993 3024 1095 3077 Severo

145 3089 174 3142 et
196 3089 336 3143 Antonino
359 3091 540 3144 constitutum
561 3091 694 3153 refertur,
722 3093 750 3144 11
773 3107 807 3144 ex
829 3098 852 3156 5,
876 3098 915 3159 3.,
944 3089 1096 3144 secundum

143 3155 294 3223 quamius
316 3157 428 3224 patrum
450 3157 547 3210 fiscum
568 3157 726 3226 praecedit,
749 3174 834 3225 quain
857 3174 891 3212 ex
912 3159 972 3212 iure
995 3157 1096 3210 aerarii

144 3224 205 3275 tum
228 3221 263 3276 ad
287 3222 384 3276 fiscum
405 3224 434 3276 in
456 3223 541 3291 pleris
562 3241 596 3278 ue
621 3225 710 3278 causis
730 3224 787 3277 iam
810 3225 953 3278 translato.
989 3223 1045 3277 Sed
1068 3225 1096 3276 et

144 3289 238 3343 Paulli
262 3288 421 3344 Sententiae
448 3306 512 3344 eum
539 3307 554 3344 ο
601 3291 693 3344 oculos
719 3291 849 3345 habuisse
876 3289 1026 3344 verisimile
1054 3291 1096 3342 est

144 3357 261 3475 propter
276 3361 299 3421 5.
319 3363 374 3422 19.,
392 3373 476 3434 quam
494 3373 528 3411 ex
545 3357 601 3410 illis
619 3357 775 3412 desumtam
792 3359 821 3411 et
839 3357 994 3425 elegantius
1012 3355 1095 3408 modo

157 3425 293 3476 orniatam
304 3423 365 3477 iure
378 3423 489 3489 dixeris,
508 3426 628 3479 maxime
641 3425 664 3477 si
676 3424 848 3492 expenderis,
864 3422 993 3476 Paullum
1004 3423 1096 3490 ipsum

144 3488 223 3541 illam
241 3491 408 3544 senteutiam
425 3492 472 3544 vix
489 3493 529 3544 ita
547 3493 746 3560 conceptorum
765 3492 855 3556 fuisse,
874 3489 928 3544 nisi
944 3489 1096 3558 imperialis

144 3557 298 3624 sententia,
320 3573 404 3625 quam
422 3557 451 3612 L.
472 3565 511 3612 10.
531 3557 564 3612 D.
583 3559 617 3611 de
635 3574 756 3615 manum.
776 3559 835 3626 (40,
856 3555 1096 3626 1111111111-
