2692 4114
254 191 317 258 536
547 211 614 249 tutu
632 211 728 248 rovum
745 210 817 248 seur.
836 192 869 248 V.
889 199 913 247 6.

516 401 580 442 TIT·
596 401 638 442 Vt.
668 402 710 442 Dm
726 397 936 444 tornamento.

404 497 448 580 [L.
464 503 493 562 3.
516 503 552 560 D.
567 519 604 561 ne
620 505 689 576 qnid
701 507 731 560 in
745 505 809 560 iooo
824 518 912 560 saara
926 495 992 580 (43,
1010 497 1054 576 6).

403 589 435 646 L.
453 587 482 644 2.
505 588 541 644 1).
559 588 595 643 do
609 589 672 644 loco
682 589 764 659 publ.
778 587 906 660 fruendo
922 585 986 659 (43,
1004 579 1078 662 9).¹]

315 669 340 732 1.
363 665 542 728 ²Retineudee
562 672 743 744 possessionis
766 672 851 744 gretie
872 679 1024 744 comparate
1045 677 1109 726 sunt
1122 671 1208 728 inter·

253 757 331 828 dioto,
355 772 405 830 per
426 771 495 828 quae
517 770 575 810 enm
589 757 799 828 possessiouem,
823 770 902 828 quem
917 756 970 810 iem
985 754 1125 825 trahemus,
1140 757 1206 812 reti·

252 855 316 898 uere
338 840 480 913 uolumus;
505 838 584 912 quale
599 849 641 894 εει
662 853 716 896 vut
738 853 923 896 rosemanus
945 837 1081 896 derebus
1101 837 1153 896 soli
1179 848 1208 895 et

251 941 366 983 vrnvet
392 923 426 980 de
451 939 481 980 re
507 922 610 979 mobili.
646 921 680 978 Et
702 923 730 978 in
752 924 842 995 priore
865 921 973 996 quidem
995 924 1018 978 is
1041 923 1133 997 potior
1154 931 1206 994 est,

253 1010 299 1082 qui
319 1007 416 1064 redditi
437 1005 570 1064 interdicti
591 1014 713 1080 tempore
737 1022 787 1064 uec
808 1006 836 1062 ui
856 1022 906 1062 nec
926 1005 994 1064 ciem
1018 1022 1069 1064 nec
1083 1008 1208 1080 precario

253 1091 285 1148 nb
308 1092 463 1148 aduersario
478 1089 616 1164 possitiet3
638 1092 666 1146 in
681 1089 766 1146 altero
787 1105 853 1148 nero
868 1091 961 1163 potior
975 1097 1027 1162 ost,
1044 1091 1090 1164 qui
1105 1091 1207 1148 maiore

254 1185 332 1249 parte
349 1177 410 1232 unni
431 1182 581 1231 retrorsum
598 1175 730 1230 numerati
752 1189 801 1232 nee
823 1175 850 1230 ui
870 1189 920 1230 neo
934 1173 1003 1230 clem
1018 1190 1068 1231 nec
1082 1175 1207 1247 precario

253 1259 382 1333 possedit.
427 1257 456 1315 2.
479 1257 513 1314 Ut
535 1251 731 1329 interdictum,³
753 1259 839 1313 itaet
861 1251 951 1314 ectio⁴
971 1259 1150 1331 proponitur,
1172 1273 1208 1314 ne

253 1344 314 1416 quis
338 1345 380 1398 uie
401 1341 507 1414 publico
526 1340 641 1414 aliquem
663 1340 814 1415 prohibent.
851 1343 928 1397 ouius
948 1343 987 1398 rei
1002 1341 1159 1398 sollicitudo
1174 1340 1208 1398 ad

253 1427 357 1482 uiarum
379 1433 518 1482 curatores
539 1424 677 1498 ’pertinen
726 1425 766 1482 Ab
795 1419 920 1482 uinrum⁶
947 1425 1097 1482 munitione
1126 1441 1207 1481 nemo

253 1517 381 1584 exceptus
396 1517 447 1564 cst.
485 1508 507 1563 si
524 1510 583 1582 quis
600 1517 687 1564 tomen
703 1510 730 1566 in
746 1525 775 1564 ea
791 1509 890 1582 aliquid
906 1511 997 1582 operis
1018 1509 1127 1580 iecerit,
1151 1524 1207 1582 quo

253 1601 432 1651 commeantes
448 1592 643 1666 impedientur,
666 1592 794 1649 demolito
818 1608 901 1666 opere
922 1587 1141 1649 condemnatur.⁰
1176 1589 1206 1651 8'.

252 1671 329 1734 τΝοιι
358 1683 462 1732 tentum
489 1676 511 1731 si
540 1677 597 1750 ipse
626 1676 750 1732 dominus
772 1677 945 1750 possessione
973 1670 1117 1748 'deiiciot,⁸
1140 1675 1207 1731 utile

251 1761 425 1818 interdictum
448 1768 507 1831 est,
528 1760 577 1816 seii
599 1761 680 1816 etium
703 1762 725 1816 si
748 1759 846 1816 familia
868 1761 935 1818 eius.
981 1760 1094 1816 familiae
1116 1769 1207 1816 eutem

251 1848 360 1903 nomine
381 1847 460 1901 etiam
480 1845 535 1901 duo
555 1845 628 1900 serui
648 1845 831 1900 continentur.
874 1841 904 1901 4.
928 1835 978 1900 9iii
1004 1844 1129 1901 deiicitur
1150 1860 1205 1901 non
1217 1861 1280 1912 [ιιι]

252 1938 373 2000 tentum,
395 1931 441 2002 qui
457 1944 591 2002 oppressu
613 1927 793 1984 multitudinis
815 1935 862 1984 aut
884 1928 997 1985 iustium
1020 1938 1066 1984 ant
1089 1927 1206 1984 telorum

252 2023 298 2072 aut
313 2027 447 2070 armorum
461 2021 535 2068 metu
551 2020 680 2080 terretur,
696 2012 743 2068 seti
759 2020 786 2068 et
802 2013 834 2082 is,
851 2013 899 2085 qui
914 2012 1061 2069 uiolentiae
1077 2011 1205 2086 opinione

251 2103 390 2172 comperte
403 2097 576 2172 possessione
591 2097 683 2168 cessit,
698 2096 721 2152 si
738 2104 827 2152 tomen
842 2095 1013 2166 aduersarius
1029 2112 1086 2152 eam
1101 2097 1205 2170 ingres·

326 2281 374 2332 iit.
394 2280 440 2330 VI.
480 2278 500 2346 ¹)
515 2281 663 2346 lepraque,
678 2283 722 2332 oui
734 2288 820 2332 statua
835 2283 862 2330 in
872 2281 979 2345 publiea
988 2282 1111 2345 ponenda
1121 2283 1207 2334 iocata

251 2360 297 2411 eet,
312 2355 368 2403 iooo
379 2351 485 2414 publico
496 2352 556 2414 frui
570 2353 679 2402 videtur.
736 2349 757 2415 ²)
773 2352 811 2416 Cf.
829 2351 885 2402 Gai.
900 2363 1053 2412 nite-tte.
1106 2348 1205 2416 ⁸)L.e.

251 2426 275 2486 5.
290 2431 324 2472 tt.
350 2421 381 2470 D.
398 2436 429 2469 ne
443 2421 506 2484 qaid
519 2423 547 2470 in
561 2424 618 2472 ioco
628 2421 699 2486 pubi,
715 2421 763 2487 (to,
777 2423 809 2488 8).
865 2419 886 2487 ⁴)
904 2421 1049 2482 Quaenam?
1072 2422 1126 2471 Via
1140 2425 1207 2472 enim

253 2492 410 2556 capitationis
424 2491 455 2540 de
470 2493 628 2541 iniuriarum
641 2494 742 2542 actione
756 2492 788 2542 t.
799 2503 832 2544 to.
848 2493 871 2554 §-
882 2504 901 2543 t.
921 2493 954 2542 t).
968 2493 1000 2542 de
1014 2491 1206 2558 ininr.(tt,1o),

253 2576 319 2628 qnae
333 2561 369 2610 ad
381 2561 430 2610 itae
440 2563 550 2624 proprie
560 2564 697 2625 proposita
711 2577 761 2612 non
776 2570 820 2612 ert.
844 2561 897 2612 Sed
910 2565 985 2612 etiam
999 2565 1130 2626 sequentia
1141 2579 1207 2626 pro·

254 2634 327 2690 dani,
342 2633 423 2682 locam
438 2646 484 2681 neo
499 2633 626 2696 integram
639 2648 686 2682 nec
700 2648 790 2682 ennom
803 2647 865 2684 ense.
895 2633 962 2684 Poto
976 2635 1066 2697 ipitur,
1081 2633 1158 2686 uerbo
1173 2635 1205 2682 ito

252 2710 277 2752 et
286 2702 348 2751 ectio
361 2702 475 2766 sapitina
484 2717 539 2752 esse
549 2709 574 2752 et
583 2709 644 2766 poti
652 2704 778 2765 prohibent
787 2704 939 2762 reiieienda,
950 2703 994 2753 nbi
1004 2704 1063 2767 sere
1072 2704 1136 2754 liaeo
1146 2706 1206 2754 oiim

251 2779 340 2824 secato
353 2773 420 2822 sint:
433 2773 455 2822 si
469 2773 531 2822 uiam
545 2773 664 2835 pubiicum
679 2782 733 2822 onte
748 2774 881 2824 aedificium
895 2788 964 2824 sunm
978 2789 1026 2824 non
1039 2774 1166 2824 muniuerit
1180 2781 1207 2824 ut

253 2850 370 2907 oportent.
398 2842 437 2891 De
451 2858 481 2892 re
495 2844 531 2905 cf.
546 2843 578 2892 t.
593 2843 643 2892 Iul,
658 2846 751 2895 munic.
764 2855 861 2896 tt-to.
885 2843 916 2894 L.
932 2861 974 2894 nn.
990 2847 1013 2906 5.
1027 2857 1047 2896 o.
1067 2844 1100 2893 Ι).
1115 2845 1148 2894 de
1162 2846 1206 2894 oia

249 2911 438 2979 pnbt.(tt,1o).
504 2910 526 2979 ⁶)
540 2915 656 2976 pertinet,
675 2929 800 2978 eqrrnrum
817 2915 878 2966 θεῖά.
894 2915 951 2966 edd.
977 2915 1071 2966 Postea
1089 2915 1125 2964 ad
1138 2916 1163 2964 in
1177 2929 1205 2964 eo

252 2985 367 3048 inteitipe
387 2983 524 3034 munitione.
585 2980 606 3048 ⁶)
621 2984 705 3034 Antea
720 2987 770 3044 ito,
789 2993 817 3035 nt
834 2987 919 3036 locato
938 2986 1100 3036 demolitione
1119 2987 1207 3049 operio

252 3053 438 3105 attribueretur
452 3055 620 3118 redemptori,
635 3058 725 3120 quanti
738 3059 848 3107 iocatum
861 3063 927 3106 esset
945 3072 1001 3106 cum
1019 3057 1125 3106 dimidio
1144 3069 1206 3106 eon·

252 3125 417 3174 domnondue
443 3125 537 3176 Postea
547 3127 601 3189 ipse
612 3128 692 3190 mone
702 3142 752 3190 per
761 3141 849 3177 servos
859 3127 972 3176 demoliti
982 3129 1068 3190 operis
1077 3140 1206 3191 expensae

252 3195 284 3246 ab
298 3211 328 3246 eo
342 3197 460 3261 coepisse
479 3197 588 3246 uidetur.
654 3194 674 3262 ⁷)
688 3197 720 3246 In
735 3197 774 3247 ed.
792 3196 876 3246 Haen.
895 3198 957 3247 nine
974 3213 1009 3247 ero
1029 3197 1089 3248 Ota.
1112 3198 1206 3260 incipit

253 3267 299 3317 tir.
314 3266 361 3316 ttl.
377 3267 406 3316 de
422 3267 547 3318 interdicto
562 3275 640 3318 utrum
654 3269 684 3316 ri.
712 3268 752 3318 De
765 3283 795 3318 re
809 3268 844 3330 cf.
855 3267 887 3318 L.
899 3281 910 3318 t
916 3283 960 3331 pr.
975 3269 1120 3330 §§.1t-tt.
1140 3267 1172 3316 L.
1183 3279 1203 3318 o.

251 3339 290 3400 ὅθ.
307 3350 340 3390 10.
356 3350 389 3389 ιι.
409 3338 441 3387 D.
457 3338 488 3387 de
502 3340 529 3388 ni
542 3337 586 3402 (to,
601 3337 645 3399 to).
666 3338 718 3388 Gie.
730 3353 782 3402 pro
798 3338 871 3410 Coeo.
886 3350 920 3390 to.
934 3350 968 3390 to.
1020 3335 1041 3400 ⁸)
1056 3337 1102 3387 Eo*
1117 3338 1205 3388 Cnioc.

251 3411 285 3472 ej.
301 3409 426 3460 deiicietur
442 3408 503 3458 Cdd.
519 3409 576 3458 edd.
591 3411 670 3463 molor
692 3424 749 3458 nam
764 3411 952 3472 interpretatur
967 3408 1076 3458 Paulino
1086 3409 1206 3472 familiae

251 3495 349 3538 nonren,
364 3480 396 3529 de
411 3494 462 3543 qno
476 3479 611 3530 deiiciente
625 3485 731 3538 tontum,
747 3495 797 3530 non
810 3480 911 3530 deiecto
924 3480 1035 3530 edictum
1049 3485 1162 3530 caverat.

252 3544 327 3613 9)0[.
346 3549 396 3598 Cic.
408 3563 460 3612 pro
477 3549 549 3598 Caec.
565 3560 597 3600 to.
623 3548 654 3598 L.
670 3563 690 3600 t.
710 3552 732 3612 ξ.
748 3562 781 3602 29.
802 3549 833 3599 L.
848 3561 868 3600 o.
883 3551 907 3612 ξ.
922 3561 942 3602 t.
965 3550 998 3598 Ι).
1014 3549 1045 3600 de
1060 3552 1086 3599 oi
1100 3548 1144 3614 (ts,
1159 3546 1205 3614 to).
