2680 4118
471 174 506 210 ax
523 175 605 211 nuno
624 173 745 211 venemo.
1026 155 1083 219 727

133 309 204 382 legis
220 309 297 364 istius
312 306 438 362 cautione
452 311 595 374 currente,
616 312 647 358 ut
662 304 764 359 etiamsi
786 297 961 360 'subsecina¹
984 303 1038 375 uel,
1061 311 1090 359 ut

138 393 224 465 uulgo
240 393 323 453 aiunt,
340 404 445 446 scamna
461 387 621 453 condantur,
638 387 735 443 borum
751 379 927 443 uendendae²
941 388 1090 460 proprieta-

136 479 172 532 tis
187 474 310 548 probatio
326 472 498 545 conpleatur.
523 466 572 545 (6.)
589 470 656 526 Hine
673 471 771 527 etenim
784 470 872 543 iurgia
884 471 967 526 multa
977 485 1089 527 naseun-

138 567 193 630 tur,
209 559 271 614 hine
286 557 459 630 proprietatis
474 556 533 610 iura
549 561 722 624 temerantur,
744 555 806 610 hinc
821 553 945 610 dominiis
962 555 1090 610 uetustis·

138 640 358 697 simis'molestia
380 645 552 712 conparatur,
576 651 640 694 cum*
652 639 778 693 caecitate
798 653 988 710 praepropera,
1011 646 1038 693 et
1052 639 1092 694 rei

139 725 317 796 inquisitione
331 721 466 796 neglecta,
488 721 548 778 lace
571 723 691 776 ueritatis
714 723 821 792 omissa,
843 737 893 778 nec
912 722 1091 794 perpetuitate

140 809 257 880 cogitata
269 806 388 876 dominii,
403 807 469 861 iuris
481 807 585 860 ratione
601 806 762 878 postposita,
779 804 811 860 ad
822 805 860 860 rei
873 807 1091 878 conparationem

139 890 282 962 accedunt,
298 891 404 946 omissis
419 883 508 962 'thisll
524 888 658 957 omnibus,
674 888 846 944 dissimulatis
858 897 938 962 atque
948 888 1091 962 neglectis,

139 974 166 1030 id
182 983 328 1048 properant
343 981 423 1047 atque
438 973 576 1038 festinant,
595 981 623 1027 ut
639 987 748 1046 quoquo
764 972 844 1028 modo
857 973 986 1028 cuniculis
1001 973 1091 1028 neseio

138 1057 237 1132 quibus
256 1060 328 1114 inter
348 1065 497 1130 emptorem
513 1065 540 1112 et
562 1055 730 1111 uenditorem
747 1056 886 1111 sollemnia
906 1055 1091 1112 celebrentur:

138 1158 202 1198 cum
217 1142 299 1214 louge
315 1143 350 1196 sit
366 1140 471 1212 melius,
488 1141 567 1196 sicuti
579 1139 703 1210 diximus,
720 1147 751 1195 ut
764 1134 848 1196 Ἰιιοθ4
865 1141 993 1202 ueritatis,
1007 1131 1093 1194 'fidei⁵

140 1227 314 1293 testimonio,
342 1223 448 1296 publica
471 1238 554 1296 noce,
583 1222 835 1279 succlamationibus
862 1223 955 1296 populi
979 1223 1093 1279 idoneus

140 1307 267 1363 uenditor
288 1306 461 1379 adprobatur,
485 1322 539 1380 qno
555 1308 600 1362 sie
621 1306 685 1362 toln
700 1316 861 1380 conparator
882 1315 962 1380 atque
981 1315 1093 1364 securus

140 1406 209 1446 aeuo
225 1389 353 1446 diuturno
369 1385 505 1462 persistat.
549 1385 620 1463 quod
642 1405 691 1464 pro
708 1393 798 1464 quiete
815 1393 899 1448 totius
915 1392 1093 1448 successionis

141 1473 305 1546 eloquimur,
328 1489 362 1529 ne
378 1473 459 1543 lorto,
481 1466 581 1548 (enm)⁶
595 1473 689 1546 aliquis
705 1474 831 1531 deraditur
845 1492 923 1530 suum
939 1492 998 1531 esse
1013 1476 1094 1544 dieat,

141 1557 215 1632 quod
232 1573 291 1614 esse
306 1565 413 1613 constat
432 1555 563 1630 alienum,
586 1551 644 1613 ’ita⁷
667 1567 835 1632 conparatur,
859 1559 928 1613 malo
952 1559 1094 1615 uenditore

140 1641 270 1714 deterior,
286 1643 409 1698 incautus
421 1650 448 1698 et
459 1642 595 1706 credulus,
611 1657 672 1697 eum
683 1640 888 1698 testificantibus
900 1643 994 1698 uicinis
1006 1643 1094 1697 omnia

141 1723 236 1780 debeat
263 1741 409 1799 quaerere,
438 1725 469 1781 ab
497 1728 686 1782 uniuersorum
713 1725 901 1797 disquisitione
930 1723 1092 1792 dissimulet,

140 1802 245 1881 'quem⁸
266 1811 306 1865 sic
321 1817 447 1882 oporteat
461 1825 554 1882 agere,
577 1815 608 1863 ut
627 1823 677 1862 nee
691 1807 757 1862 illud
773 1806 868 1862 debeat
883 1808 998 1880 requiri,
1021 1805 1095 1878 quod

141 1909 173 1948 ex
188 1895 247 1947 iure
263 1891 361 1948 dieitur
384 1890 418 1946 ‘si
434 1907 448 1946 a
463 1891 572 1946 domino
585 1905 629 1946 res
646 1889 754 1946 uendita
768 1884 849 1946 sit.'⁹
892 1881 952 1967 (t.)
975 1890 1012 1945 lta
1027 1905 1094 1962 ergo

142 1973 329 2029 conditionum
345 1975 463 2029 omnium
478 1982 521 2030 est
542 1971 679 2028 tractanda
702 1973 882 2043 sollemnitas,
906 1981 936 2028 ut
956 1972 1035 2028 sallat
1050 1972 1095 2028 illa

141 2064 170 2112 ct
184 2055 355 2112 fraudulenta
377 2047 498 2112 uenditio
521 2057 643 2130 paenitus
665 2055 771 2129 sepulta
790 2056 926 2130 depereat.
971 2055 1018 2112 Cui
1040 2055 1094 2129 legi
1123 2087 1131 2112 0

142 2136 270 2212 deinceps
286 2140 375 2196 cuncti
390 2155 484 2212 parere
500 2137 649 2210 debebunt,
671 2148 703 2195 ut
725 2140 813 2195 omnia
834 2139 958 2214 diligenti
981 2141 1094 2198 eircum-

143 2224 282 2296 spectione
297 2224 418 2296 quaesita
434 2239 483 2296 per
498 2224 638 2278 uniuersas
654 2224 840 2279 successiones
864 2231 923 2279 tuto
939 2223 1093 2294 decurrant,

143 2313 231 2379 neque
254 2306 371 2380 aliquem
393 2323 425 2362 ex
447 2297 654 2380 improuidentia
681 2317 772 2362 casum
793 2306 924 2380 malignae
949 2305 1093 2380 ’captionis

142 2383 344 2451 horrescant.¹⁰
386 2391 443 2446 bat.
459 2389 511 2444 llll.
527 2389 580 2446 kal.
597 2389 659 2462 Sep.
682 2390 706 2444 ’a
721 2389 769 2445 Pi.
785 2384 843 2447 P.¹¹
865 2390 897 2446 ad
914 2398 1094 2448 correctorem

142 2523 354 2532 ———.

217 2589 236 2656 ¹)
252 2593 268 2640 i.
284 2606 305 2644 e.
322 2588 435 2642 ‘steriles
448 2589 529 2656 upri'.
560 2593 598 2656 Os.
613 2592 655 2640 Du
667 2592 752 2658 Gange
765 2608 786 2642 s.
801 2609 823 2645 a.
839 2594 952 2643 subsellia
967 2593 1024 2643 Vct.
1036 2595 1093 2644 edd.

143 2660 196 2711 Sed
209 2668 306 2710 tantum
319 2662 351 2711 de
364 2664 415 2712 soli
428 2662 505 2711 rebus
520 2664 595 2727 impp.
611 2670 708 2712 covent.
761 2659 782 2723 ²)
796 2664 972 2714 hostendendae
992 2665 1019 2714 V
1020 2661 1039 2713 θ.
1055 2665 1094 2713 ed.

143 2731 258 2782 Mummi.
269 2747 320 2795 pro
334 2732 525 2782 hor'uendendae
536 2739 609 2796 puto.
638 2733 797 2782 ostendendae
812 2735 869 2782 edd.
885 2749 954 2784 nrene
968 2747 988 2786 1.
1003 2747 1024 2786 a.

145 2798 339 2868 ⁸)Geminando
357 2805 480 2867 supplevi.
513 2803 559 2852 sed
576 2810 600 2851 et
618 2805 703 2852 malim
721 2802 804 2870 c'(um)
824 2805 904 2854 missis
918 2820 971 2868 pro
990 2805 1094 2854 omissis.

144 2869 166 2937 ⁴)
181 2873 257 2921 luceru
277 2873 334 2922 Vct.
350 2874 389 2922 ed.
404 2873 498 2923 Helico.
550 2870 571 2937 ⁶)
586 2873 762 2923 Molimtideli.
817 2870 838 2939 ⁶)
855 2874 929 2924 Nunc
943 2877 1060 2939 supplevi
1074 2878 1094 2924 e'

139 2949 200 3005 poet
213 2944 294 2992 lort-e.
348 2940 368 3008 ⁷)
388 2943 446 2992 Vct.
461 2944 536 3008 idque
548 2943 660 2994 Mosarna.
676 2945 715 2992 ed.
727 2945 808 3008 itaque
823 2945 880 2994 edd.
890 2959 960 2995 meae
970 2959 990 2996 1.
1001 2958 1020 2996 e.
1037 2946 1095 2994 alie-

144 3027 207 3060 num.
236 3012 270 3060 lta
284 3015 540 3078 interpunpuntedd.
619 3011 640 3078 ⁸)
661 3013 688 3062 V
689 3014 707 3063 d.
723 3016 762 3064 ed.
778 3014 890 3065 Momms.
906 3017 1016 3078 quoniam
1036 3016 1094 3065 Vct.

144 3089 246 3131 ceterae
260 3083 317 3131 edd.
365 3079 385 3146 ⁹)
399 3082 454 3142 Qua
464 3085 618 3148 allegatione
628 3085 796 3135 adversarius
805 3087 881 3148 empti
890 3087 964 3135 titulo
975 3087 1095 3149 confisum
1164 3143 1169 3148 ,

143 3159 255 3202 actorem
266 3151 402 3201 dominium
412 3156 527 3203 auctoris
538 3154 653 3216 probare
663 3154 775 3219 cogebat.
821 3152 854 3219 ¹⁰)
865 3157 986 3218 captiones
996 3159 1095 3206 orieaut

149 3222 177 3272 V
177 3221 196 3270 ⁴.
216 3222 333 3285 captionis
353 3230 475 3280 orreseant
493 3224 532 3272 ed.
548 3224 661 3274 Memmi.
681 3226 802 3288 captiones
822 3225 922 3273 obruant
940 3226 980 3274 ed.
1000 3225 1093 3275 Holiw.

146 3289 179 3356 ¹¹)
193 3293 248 3354 apff.
269 3291 327 3342 Vat.
352 3291 430 3342 Recte
444 3295 630 3356 interpretatur
640 3293 743 3353 Hoilw,
757 3295 805 3344 boc
819 3296 952 3356 exemplar
966 3309 1020 3344 esse
1034 3309 1094 3344 eon·

144 3364 286 3412 stitutionis
305 3362 464 3412 uPraeFeeto
479 3363 601 3412 Praetorio
617 3363 732 3428 (Aquileia
751 3364 800 3412 llll.
820 3363 866 3412 lial.
887 3363 963 3427 Sept.)
983 3364 1019 3413 od
1037 3378 1094 3414 cor-

144 3440 269 3482 rectorem
285 3432 378 3482 Pr'eeni
391 3435 567 3484 transmissum
586 3433 621 3499 (et
634 3433 666 3483 ab
682 3449 711 3484 eo
726 3434 797 3482 llllll.
812 3433 858 3481 lial.
874 3433 925 3482 Oct.
940 3433 1011 3482 Albae
1025 3448 1095 3484 acee-

145 3501 228 3567 ptum).
257 3502 296 3551 De
309 3503 500 3567 subscriptione
514 3503 545 3552 L.
557 3514 577 3553 e.
598 3503 641 3552 Tit.
659 3503 683 3552 0.
700 3511 750 3554 not.
762 3515 773 3554 t
784 3518 811 3566 p.
823 3517 866 3566 pr.
882 3505 925 3554 cit.
936 3504 970 3567 cs.
988 3503 1094 3556 Wenelc.
