2672 4112
439 253 474 288 nn
492 253 603 288 naerens
621 253 701 288 mens
713 255 755 290 111.
1036 248 1076 306 67

119 380 263 453 scriptione
291 379 378 436 omnis
406 379 447 435 rei
474 377 596 451 publicae
618 378 769 436 moderatio
790 379 961 450 continetur3
989 398 1079 456 neque

119 462 201 520 selum
216 464 251 520 iis
267 460 493 536 praescribendus
515 468 558 518 est
572 462 729 535 imperandi,
752 462 799 520 scd
815 465 893 518 etiam
910 463 1014 520 ciuibus
1029 465 1076 521 eb-

120 545 401 620 tempcrandimodus:
417 561 478 600 nam
490 553 517 600 et
529 547 574 618 qui
586 544 655 602 bene
665 547 789 619 imperat,
800 549 922 620 paruerit
933 547 1077 621 aliquande

118 647 223 688 necesse
239 636 293 700 est,
308 637 336 687 et
351 630 399 702 qui
413 629 537 686 modeste
552 637 639 702 paret,
655 629 764 686 uidetur
778 633 824 702 qui
834 630 977 703 aliquande
993 634 1076 706 irnpe-

117 723 155 770 ret
169 714 270 788 dignus
287 729 357 770 esse.
394 713 487 784 itaqne
503 721 612 786 oportet
628 721 656 770 et
671 729 743 784 eum,
759 715 804 786 qui
819 722 907 789 paret,
922 731 1033 788 sperare
1047 733 1077 772 se

118 798 203 871 aliquo
220 803 344 870 tempere
359 797 569 869 imperaturum,
591 804 619 853 et
633 796 721 867 illum,
741 799 787 869 qui
802 799 924 870 imperat,
945 802 1076 872 cogitare,

118 881 190 936 breui
205 888 328 954 tempere
343 879 395 936 sibi
410 895 472 936 esse
486 879 639 952 parendum.
675 897 726 938 nec
741 897 808 936 uere
823 881 911 938 selum
928 891 958 938 ut
973 891 1077 956 eptem·

116 972 209 1038 perent
231 963 433 1036 ebeediantqne
454 963 667 1037 magistratibus,
689 963 737 1020 sed
760 966 840 1022 etiam
864 972 894 1020 ut
916 981 963 1022 ees
986 967 1077 1024 colant

116 1048 281 1122 diligantque
301 1047 522 1122 praescribimus,
544 1055 576 1104 ut
590 1047 743 1104 Charondae
764 1049 793 1104 in
808 1050 865 1106 suis
879 1047 945 1106 lacit
959 1049 1075 1124 legibus.

116 1141 209 1188 noster
230 1147 297 1187 uere
319 1131 397 1188 Plato
413 1131 537 1188 Titanum
559 1147 574 1186 e
597 1147 697 1202 genere
717 1135 814 1188 statuit
836 1148 894 1204 ees,
918 1134 964 1208 qui
985 1140 1017 1188 ut
1038 1133 1078 1188 illi

117 1214 288 1282 caelestibus,
313 1216 353 1270 sic
374 1215 403 1270 bi
426 1214 605 1292 aduersentur
626 1215 836 1287 magistratibus.
868 1232 937 1288 quae
960 1233 1021 1274 curn
1041 1217 1078 1275 ita

116 1301 178 1370 sint,
195 1299 228 1356 ad
244 1300 315 1370 ipsas
330 1299 382 1354 iam
397 1297 473 1372 leges
488 1299 640 1367 ueniamus,
654 1300 678 1354 si
692 1298 792 1372 placet.

179 1382 218 1437 A.
239 1381 304 1438 blihi
318 1398 385 1438 uere
401 1389 429 1438 et
444 1381 518 1438 istud
533 1390 561 1438 et
577 1381 645 1438 erde
660 1383 711 1437 iste
726 1398 816 1438 rernm
832 1383 929 1458 placet,

133 1489 137 1500 ·
182 1465 224 1520 lll.
245 1460 274 1521 θ.
294 1465 332 1524 M.
353 1465 450 1528 insta
471 1466 619 1540 imperia
638 1475 756 1538 sunto,
776 1468 877 1542 isque
897 1468 984 1523 ciuis
1008 1484 1075 1524 me·

113 1550 215 1606 deste
242 1565 281 1604 ac
306 1553 379 1604 sine
407 1551 633 1606 recusatione
658 1557 819 1624 parente:
847 1553 1074 1624 magistratus

111 1650 174 1690 nec
197 1631 441 1689 oboedientem
464 1640 497 1689 et
520 1625 628 1710 (ecc)in
655 1629 802 1689 nerinm¹
822 1637 932 1690 ciuem
954 1634 1073 1706 multa,

112 1709 320 1793 (ρι’ρηονε),2
345 1716 501 1774 uinculis
528 1715 781 1773 uerberibusue
811 1719 1013 1790 coherceto,
1042 1721 1074 1774 ni

111 1817 173 1875 par
194 1801 351 1856 maiorue
372 1807 537 1872 potestas
558 1800 755 1874 populusne
776 1801 1014 1874 prohibcssit,
1039 1803 1074 1856 ad

111 1901 197 1957 ques
217 1885 429 1958 prouocatio
457 1891 542 1939 este.
577 1899 650 1939 curn
671 1885 899 1957 magistratus
924 1886 1074 1940 indicas·

110 1968 422 2040 sitinregasitue,
442 1983 501 2040 per
520 1965 685 2042 populum
705 1968 835 2022 multae
854 1983 986 2039 pennae
1002 1983 1075 2022 cer·

21 2083 23 2102 ;
111 2053 203 2108 tatio
225 2058 310 2106 este.
355 2050 502 2106 militiae
532 2049 569 2106 ab
598 2066 654 2122 ee,
683 2052 742 2123 qui
769 2048 967 2122 imperabit,
996 2067 1075 2122 pro·

112 2136 254 2190 necatio
277 2149 340 2190 nee
362 2142 455 2206 esto,
478 2133 638 2206 qnodque
658 2135 703 2204 is,
727 2135 783 2206 qni
805 2132 935 2188 bellum
958 2141 1075 2206 geret,

109 2219 336 2292 imperassit,
358 2219 412 2274 ius
433 2225 612 2291 ratumque
634 2226 718 2274 este.

173 2302 323 2358 llineris
356 2303 583 2375 magistratus
615 2302 738 2375 partiti
768 2301 857 2356 iuris
888 2299 1008 2374 plures
1041 2300 1074 2355 in

108 2385 234 2460 pleera
255 2391 371 2441 sunto.
407 2385 576 2456 militiae,
605 2384 733 2458 quibus
754 2385 842 2440 iussi
866 2392 983 2454 erunt,
1014 2383 1074 2438 inr-

108 2477 264 2543 perante
287 2485 473 2542 corumque
496 2467 628 2524 tribuni
644 2478 761 2524 eunte:
784 2469 872 2524 domi
893 2467 1074 2540 pecuniam

21 2589 27 2610 .
108 2551 285 2626 publicam
303 2553 553 2624 custodiunte,
577 2549 726 2628 (uiarum
748 2569 868 2608 curem
882 2543 1075 2624 perunte),³

109 2636 253 2695 uincula
279 2633 624 2694 sontium'seruanto
653 2628 933 2710 capitalia(que)4
962 2634 1074 2690 uindi-

107 2730 229 2792 canto,
254 2737 327 2792 aes,
348 2728 532 2794 argentum
553 2736 714 2776 aurumne
729 2719 871 2793 publice
886 2720 1073 2792 signante,

106 2804 187 2861 litis
226 2811 428 2861 contractas
462 2803 651 2860 iudicante.
706 2797 948 2878 quaestores,⁶
986 2801 1076 2875 qued

106 2904 260 2961 cumque
287 2895 429 2944 senatus
459 2887 632 2958 creuerit,
660 2895 800 2961 agunto.
842 2881 869 2942 7.
899 2893 1075 2958 suntoque

106 2972 244 3028 aediles
281 2980 465 3029 curatores
499 2970 613 3043 urbis,
654 2987 809 3028 annonae
847 2970 1076 3043 ludorumque

104 3056 351 3128 sollemnium,
379 3055 536 3130 ollisque
563 3055 601 3112 ad
628 3055 771 3112 honeris
793 3053 975 3128 amplioris
998 3069 1075 3126 gra·

104 3139 186 3197 dum
209 3140 240 3196 is
261 3139 393 3214 primus
416 3155 582 3196 ascensus
605 3146 687 3196 este.

170 3223 344 3280 Censoris
371 3223 496 3298 pepuli
517 3224 705 3294 acuitates,
734 3221 892 3294 suboles,
921 3220 1076 3278 familias

103 3309 351 3383 pecuniasque
378 3314 562 3380 censente,
591 3306 688 3362 urbis
712 3300 825 3381 (certe
848 3299 969 3378 tec)ta6
991 3312 1074 3360 tem-

181 3497 205 3566 ¹)
220 3506 245 3548 et
259 3498 380 3548 innoxium
394 3495 450 3547 AB
460 3497 501 3547 ed.
521 3496 550 3546 V.
582 3491 604 3562 2)
618 3496 727 3546 Addidi.
752 3492 774 3561 ³)
788 3495 899 3545 Addidi.
930 3489 952 3556 ⁴)
967 3490 1075 3540 Addidi.

103 3567 125 3634 ⁶)
141 3571 212 3635 qnod
226 3568 284 3618 AB
296 3569 353 3618 edd.
383 3564 403 3632 θ)
418 3569 508 3618 urbista
522 3565 577 3616 AB
589 3568 654 3616 urbis
669 3575 731 3617 tecta
745 3581 779 3616 en
792 3565 873 3614 Belcii
887 3565 920 3627 cj.
935 3562 974 3611 ed.
987 3561 1017 3610 V.

830 3649 866 3702 5*
