2700 4118
257 256 319 322 632
558 273 695 311 ererum
714 273 907 312 caesarianus.

256 400 332 452 teres
350 399 547 467 cognationum
569 397 673 466 gradus
694 397 787 452 verbis
809 411 949 465 exponere
972 396 1019 450 vel
1038 395 1212 466 imaginibus

256 465 398 518 illustrare
417 481 539 532 uuquam
558 465 633 519 soliti
651 466 724 517 runt.
760 465 865 532 Legem
887 479 954 518 vero
976 463 1055 518 illam
1079 463 1210 519 eeclesia-

257 531 356 585 sticam
374 535 473 586 octavo
491 532 605 586 demum
622 531 715 584 seculo
732 532 761 585 in
779 546 865 599 regno
878 529 1047 584 Froneouieo
1058 530 1210 586 invaluisse

256 600 355 652 uotum
373 601 424 666 est,
441 599 515 653 unde
533 616 585 654 neo
597 602 715 652 stemma
725 599 812 666 priori
824 598 946 666 tempori
958 597 1094 666 assignari
1105 599 1211 674 potest.

258 664 313 718 Sed
331 667 355 720 ai
373 683 407 719 ea
424 667 459 720 de
478 681 563 721 eausa
580 667 660 720 nobis
678 665 708 718 id
726 664 912 718 omittendum
929 665 992 730 fuit,
1005 680 1062 718 nou
1074 667 1159 718 etiam
1173 666 1210 719 ab

256 732 290 785 iia
307 734 414 802 negligi
431 733 530 800 velim,
553 734 602 801 qui
625 733 659 785 de
682 733 818 801 graduum
842 732 1052 800 computatione
1074 732 1213 786 canonico.

256 801 426 922 {irsstffl’
453 800 483 854 in
508 817 593 868 quam
618 815 677 853 rem
699 799 730 852 id
751 799 847 868 magni
868 799 1004 853 momenti
1027 813 1097 865 esse,
1124 815 1213 853 nemo

627 991 838 998 ——-—-

271 1115 521 1174 annotationes
544 1116 693 1174 carricati
715 1117 758 1172 to
780 1115 916 1173 STEbibiA
939 1114 1188 1176 COGNA'HONVM.

331 1264 350 1333 ι)
364 1268 443 1317 fratris
458 1275 498 1316 aut
511 1268 601 1316 sororis
616 1267 678 1316 tilius
693 1274 733 1316 aut
747 1268 793 1316 filia
808 1267 872 1317 Isid.
887 1267 945 1316 edd.
1011 1262 1088 1332 ¹)Ita
1104 1267 1213 1318 Cautius

256 1345 281 1386 st
294 1337 393 1387 Isidori
406 1339 464 1388 edd.
474 1339 622 1402 pleraeque.
653 1336 710 1388 Otto
724 1345 806 1387 tamen
820 1353 854 1388 ea
864 1338 973 1386 Areoali
981 1337 1021 1386 ed.
1036 1345 1068 1397 et,
1084 1345 1112 1387 at
1124 1341 1212 1402 srispi·

257 1423 311 1464 eor,
327 1410 359 1470 ej.
375 1410 402 1456 in
415 1409 464 1457 boe
479 1410 562 1457 loonio
577 1409 661 1458 dedit:
675 1416 773 1472 patruus
788 1423 894 1470 magnus,
908 1409 980 1456 amita
994 1421 1086 1470 magua,
1101 1423 1210 1458 auuncu-

257 1477 293 1525 lus
308 1491 414 1539 maguus,
430 1485 555 1526 matertera
565 1493 659 1540 magna:
674 1494 739 1543 quae
753 1481 870 1544 vulparia
879 1479 1002 1528 estiuius
1009 1479 1111 1543 prodas
1120 1481 1211 1542 appel-

256 1549 327 1597 latio.
355 1546 520 1605 Sedetalia,
535 1551 641 1612 quaein
659 1557 812 1614 aquatorum
826 1551 961 1612 personis,
980 1564 1046 1612 quae
1059 1551 1212 1612 parentium

257 1619 314 1668 loeo
328 1626 395 1676 sunt,
410 1619 524 1677 eandem,
539 1621 583 1682 qui
597 1621 623 1668 ia
634 1620 787 1682 parentibus
801 1621 914 1670 traditus
928 1627 997 1679 erut,
1012 1634 1106 1670 morem
1119 1619 1209 1669 obser-

256 1688 340 1747 vabat,
355 1691 485 1739 exstitisse
495 1705 606 1754 eamque,
622 1697 649 1739 ut
657 1697 789 1754 sequentes
797 1690 874 1739 baius
881 1691 987 1754 perieris
998 1691 1100 1755 grados
1113 1695 1209 1740 testan-

256 1766 307 1816 tar,
321 1762 458 1809 stemmatis
471 1760 578 1810 buiasee
592 1768 684 1810 auctor
697 1768 799 1818 secutas
813 1775 867 1810 esse
880 1761 990 1810 videtur.
1038 1756 1060 1826 Β)
1074 1761 1153 1810 fratris
1168 1769 1210 1822 aut

256 1831 347 1879 sororis
362 1831 426 1880 Isid.
441 1831 498 1880 edd.
555 1827 576 1896 4)
590 1829 632 1880 Ita
648 1831 717 1880 Cant.
733 1830 840 1897 (tantam
854 1838 981 1880 matertera
996 1845 1042 1879 ma.
1053 1845 1105 1894 pro
1119 1837 1209 1879 mater·

255 1907 306 1949 tera
321 1899 420 1966 maior);
435 1908 591 1966 propatruus,
606 1903 734 1964 proamita,
748 1901 937 1964 proauuneulus,
955 1908 1127 1964 promatertera
1142 1900 1207 1950 Isia.

256 1971 313 2020 edd.
337 1970 445 2021 Scilicet
459 1974 509 2020 iam
523 1971 628 2020 librarii
641 1975 798 2034 scripturam
812 1973 915 2036 vulpari
929 1973 1099 2034 appellationi
1108 1987 1208 2021 areom-

256 2042 429 2092 raodaoeraut.
494 2039 515 2106 ⁶)
530 2043 667 2106 propriores
682 2042 745 2091 Isid.
761 2043 799 2091 ed.
818 2040 901 2092 Ottoa.
953 2038 974 2105 ⁶)
989 2042 1081 2090 sobrini
1096 2043 1209 2091 sobrinae

256 2111 320 2161 Isid.
336 2113 393 2163 edd.
408 2112 543 2174 manifesto
558 2115 629 2162 vitio.
677 2110 697 2177 ⁷)
712 2114 791 2161 fratris
807 2120 831 2160 st
844 2113 934 2161 sororis
949 2112 1013 2161 Isid.
1024 2113 1081 2161 edd.
1130 2107 1208 2176 ⁸)Ita

258 2181 328 2232 Coat.
344 2183 451 2248 (tantum
465 2189 585 2232 materter.
596 2198 647 2244 pro
661 2181 810 2247 matertera);
825 2183 962 2245 abpatruus,
976 2183 1088 2244 abamita,
1102 2182 1209 2231 abauun-

256 2253 332 2315 salue,
347 2255 503 2303 abmatertera
518 2253 557 2302 ed.
572 2252 635 2304 Isid.
655 2252 736 2302 Ottoa.
752 2268 786 2302 eat
800 2252 906 2302 Areoal.
921 2254 960 2302 ed.
965 2270 976 2309 ,·
991 2253 1082 2318 ubique
1097 2253 1140 2302 sd·
1154 2268 1208 2316 pro

256 2323 297 2373 ab·
313 2331 420 2372 ceterae.
485 2320 506 2387 9)
521 2331 663 2386 propatruus
678 2325 808 2386 proamitae
827 2322 878 2387 (vel
892 2321 1033 2388 proamitae)
1052 2323 1208 2386 proauuueuii

256 2393 297 2441 filii
312 2392 509 2457 (promaterterae
524 2394 584 2442 add.
595 2393 701 2442 Areoal.
716 2401 741 2443 et
753 2392 820 2458 Otto)
834 2394 896 2442 filiae
911 2394 974 2444 Isid.
986 2394 1043 2443 edd.
1093 2389 1125 2458 10)
1134 2392 1207 2442 Seri-

252 2465 297 2526 psi
302 2479 311 2516 ,-
326 2464 458 2524 Propatrui,
474 2463 612 2516 Proamitae.
636 2464 791 2514 Proauuuouli
805 2479 881 2527 nepos
895 2465 980 2527 neptis.
997 2464 1020 2513 id
1036 2470 1073 2512 est
1086 2463 1208 2525 sobrinus,

256 2533 351 2581 sobrina
365 2533 434 2582 Cant.
447 2533 577 2596 propatrui,
588 2535 726 2597 proamitae,
737 2535 890 2597 proauuuculi
900 2549 975 2598 nepos
985 2535 1063 2598 neptis
1073 2533 1137 2584 Isid.
1149 2534 1206 2582 edd.

259 2599 293 2666 ¹¹)
308 2603 458 2651 sobrioorum
474 2610 498 2652 et
512 2603 662 2654 sobrinarum
675 2605 718 2653 filii
734 2605 770 2653 uel
785 2605 846 2653 filiae
861 2604 924 2659 Isid.
940 2605 997 2654 edd.
1078 2600 1111 2669 η)
1127 2604 1208 2654 [ratris

256 2679 281 2721 et
294 2674 385 2722 sororis
400 2673 464 2724 Isid.
479 2673 536 2722 edd.
