2680 4112
533 267 557 304 n.
576 266 687 302 amorne,
1049 257 1089 316 85

189 388 219 448 4.
242 391 334 447 iunins
347 430 455 452 .....
468 399 498 447 nt
508 391 614 448 Cincius
626 391 780 464 arbitratur,
793 392 866 466 quod
878 393 1008 449 Iunonius
1020 395 1091 467 apud

127 474 238 531 Latinos
261 483 323 531 ante
344 477 481 532 uooitatns
502 475 601 548 dinque
623 476 691 549 apud
708 477 828 533 Aricinos
844 476 1089 550 Praenestinosqne

128 559 176 614 hac
192 559 421 632 appeliationem
437 559 522 615 iastos
537 559 639 617 relatus
654 562 753 616 sit.-
771 560 886 617 iiaorob.
903 560 939 617 ib.
956 561 984 632 S
1001 559 1050 618 30.

188 639 218 698 5.
249 637 372 716 Κίγκιος
400 636 434 698 ἕν
446 647 500 734 rpi
521 637 588 718 napi
640 641 789 701 Cincius'
777 663 807 700 ιο
831 644 904 702 libro
930 646 980 700 de
989 639 1089 716 [οοίὶοἱ

128 731 187 782 τῶν
199 721 311 802 ἕορτοον
327 722 413 802 λέγει,
426 743 477 782 τον
487 721 585 800 Νοέμ
638 731 687 797 ait,
710 729 896 785 Novembrem
916 730 997 800 apud
1017 737 1091 785 oete·

128 809 213 886 βριον
245 804 325 885 παρὰ
356 811 417 878 τοῖς
449 811 586 878 παλαιοῖς
637 811 1091 869 resMereedoniumnominatum

128 889 325 996 Μερνρδῐνον
380 886 587 968 ὀνομασθῆναι
635 895 739 966 foisse,
752 897 1091 968 oetutmereedesseren·

129 970 239 1034 ὡσανεὶ
254 973 454 1071 μισθοφόρον
485 970 1091 1043 ἐναύ-ίοπ;ι11οοαιπποοοοάοοιινιο

128 1066 168 1140 τῷ
202 1055 260 1137 γὰρ
289 1079 350 1161 ιρις
377 1051 533 1158 ιιιήτοροιν
558 1059 590 1118 oi
638 1065 830 1120 conductores
846 1067 1002 1134 pensiones
1015 1064 1090 1135 inse-

126 1139 314 1219 proniorem
284 1163 335 1214 τας
347 1137 520 1236 προσόδους
530 1143 585 1202 εἰσ·
637 1148 739 1203 rebant
751 1151 908 1218 praeteriti
923 1151 1010 1218 spatii
1025 1155 1092 1203 tem-

128 1223 237 1300 έφερον
284 1234 338 1284 τοῦ
381 1217 586 1330 παρελθόντος
632 1234 731 1302 port'‚s
748 1233 813 1287 aliis
825 1231 973 1302 fructibus
987 1247 1093 1288 rursus

125 1307 241 1369 κύκλον
262 1306 370 1388 ἑτέρων
390 1318 515 1410 καρπῶν
528 1333 584 1371 αο-
634 1317 874 1385 provenientibus.
933 1315 1091 1372 November

129 1398 184 1464 θις
192 1389 397 1471 ἐπερχομένων
414 1391 584 1474 Νοέμβριος
635 1405 729 1454 autem
745 1405 849 1469 postea
867 1403 1030 1456 nomenatus
1050 1401 1092 1456 est

76 1473 303 1555 01ὃεοστερον
315 1473 477 1556 ω’νομασθη
491 1477 522 1538 ἐν
532 1486 585 1538 του
636 1500 653 1538 ο
681 1498 814 1547 euroeam
844 1499 937 1540 nonus
970 1487 1043 1541 enim
1072 1501 1090 1538 α

126 1555 274 1640 ἀριθμοῦ·
315 1559 436 1634 ἔννατος
466 1561 584 1641 γαριι
552 1560 584 1622 ἐκ
636 1566 753 1624 Martio.

125 1652 185 1705 τον
202 1644 421 1722 Materiam-
447 1649 484 1706 io.
505 1649 585 1709 Laur.

124 1732 195 1806 Lyd.
212 1733 346 1792 demens
361 1732 392 1804 4,
409 1733 458 1790 92.

496 1893 538 1949 De
560 1895 727 1949 comitiis.

192 1997 221 2060 6.
240 2000 373 2058 Patricios
394 1999 500 2058 Cincius
522 2005 559 2058 ait
578 2005 607 2056 in
626 2001 695 2057 libro
717 1999 750 2056 de
772 2001 887 2056 comitiis
902 2015 948 2056 eos
964 1999 1091 2076 appellari

125 2085 237 2157 solitos,
250 2087 298 2158 qni
309 2101 382 2141 nnnc
393 2087 505 2160 ingenui
517 2083 789 2146 nocentur.·-i¹est.
801 2101 823 2140 v.
837 2083 967 2140 Patricios
976 2102 1004 2158 p.
1017 2083 1090 2142 241.

383 2251 425 2308 ne
448 2253 626 2310 oonsuinm
648 2258 834 2326 potestate.

190 2357 216 2420 7.
238 2361 351 2418 Praetor
372 2363 402 2418 ad
423 2371 528 2435 portam
544 2361 676 2418 salutatur
691 2362 728 2431 is,
750 2361 796 2434 qni
816 2361 843 2415 in
859 2361 1025 2433 prouinciam
1039 2377 1090 2434 pro

125 2455 256 2520 praetore
272 2453 317 2500 aut
332 2463 382 2519 pro
398 2445 510 2502 oonsnle
525 2447 594 2500 enit:
615 2447 691 2501 onius
706 2447 745 2500 rei
760 2459 862 2500 morem
879 2445 914 2500 ait
929 2443 1013 2500 inisse
1029 2443 1090 2500 Cin·

130 2531 191 2585 eius
206 2531 233 2583 in
246 2527 315 2584 libro
332 2529 365 2584 de
379 2529 522 2586 consulum
537 2537 673 2603 potestate
690 2528 783 2584 talem:
799 2527 916 2582 Albanos
932 2544 1022 2583 rerum
1038 2544 1090 2601 po·

130 2615 202 2668 titos
224 2629 307 2686 usqne
331 2614 363 2668 ad
386 2613 493 2670 'iulium
515 2629 616 2684 regem.
653 2611 718 2668 Alba
741 2610 836 2668 deinde
851 2611 940 2668 diruta
955 2627 1042 2684 usque
1057 2611 1089 2666 ad

126 2697 156 2754 P.
176 2697 284 2753 [tectum
300 2695 402 2753 liinrem
419 2714 476 2757 eos.
497 2695 613 2770 populos
629 2696 662 2752 ad
678 2704 758 2770 caput
773 2695 944 2766 Ferentinae,
958 2695 1033 2770 qnod
1049 2702 1093 2750 est

126 2779 180 2837 snb
203 2788 297 2836 monte
317 2780 437 2852 Albano,
459 2781 602 2837 consulere
624 2780 721 2837 solitos
743 2788 771 2835 et
792 2780 933 2852 imperinm
956 2780 1091 2834 communi

126 2863 244 2921 oonsilio
261 2863 456 2922 administrare.
487 2866 578 2937 itaquo
594 2880 648 2936 quo
664 2880 734 2920 enno
749 2861 882 2918 Romanos
898 2855 1091 2935 imperatores²

126 2949 159 3006 ad
178 2948 328 3004 exereitum
344 2941 451 3004 mittere
466 2955 606 3020 oporteret
626 2949 702 3002 iussn
717 2947 833 3002 nominis
849 2945 950 3016 Latini,
970 2946 1092 3020 complu·

126 3049 173 3088 res
197 3037 308 3087 nostros
328 3032 355 3086 in
371 3031 504 3106 Capitolio
525 3049 538 3086 a
559 3031 617 3087 sole
639 3031 743 3086 oriente
765 3030 889 3104 auspiciis
905 3045 1012 3102 operam
1028 3029 1092 3084 dare

125 3115 238 3172 solitos.
275 3113 318 3169 uhi
340 3131 402 3172 anes
424 3115 597 3185 addixissent,
620 3115 730 3170 militem
750 3114 834 3181 illum,
858 3114 903 3186 qui
922 3130 937 3168 a
957 3114 1092 3169 communi

124 3199 206 3255 Latio
222 3199 323 3255 missus
345 3207 426 3265 esset,
449 3197 537 3270 ilium,
561 3214 640 3271 quem
664 3215 727 3254 aues
751 3197 917 3264 addixerant,
940 3206 1091 3270 praetorem

125 3284 248 3340 salutare
269 3282 391 3355 solitum,
412 3285 458 3355 qui
479 3299 535 3340 eam
556 3283 722 3356 prouinciam
745 3283 881 3354 optineret
896 3283 1028 3354 praetoris
1044 3295 1092 3334 no·

123 3369 208 3424 mine.
227 3397 265 3406 -
282 3365 355 3424 nest.
372 3383 398 3422 v.
414 3367 525 3423 Praetor
540 3384 566 3439 p.
584 3365 653 3421 241.

200 3513 222 3580 ²)
233 3516 360 3578 proprias
376 3511 419 3562 ‘de
432 3510 535 3576 sestis’:
552 3514 600 3562 sed
613 3513 704 3577 Lydos
723 3515 760 3562 ita
774 3513 897 3575 defertis
912 3509 1004 3558 libram
1018 3509 1092 3558 intel·

122 3589 224 3637 texisse
240 3585 350 3635 videtur.
391 3580 411 3650 ⁹)
426 3585 496 3650 Lepe
510 3585 685 3646 imperatorem.
