2680 4112
245 187 286 246 73
588 194 616 228 u.
635 193 747 231 annuus
765 193 866 230 crosso.

244 339 305 379 cum
320 321 412 396 agitur
426 335 537 398 seuerea
552 317 648 376 deinde
659 319 686 376 ui
702 319 818 392 opprimi
830 318 858 374 in
868 318 941 376 bona
955 335 1037 376 cansa
1051 326 1095 376 est
1111 320 1208 378 melius

244 422 323 480 quam
338 403 422 460 malae
437 403 543 463 eedere.
574 403 636 475 quis
651 409 741 458 autem
755 419 810 458 non
825 403 918 473 sentit,
936 419 1044 462 omnem
1059 405 1206 462 auotorita-

244 499 297 546 tem
313 489 482 562 optimatium
498 485 662 544 tabellarium
683 486 771 559 legem
793 485 956 544 abstulisse?
985 503 1067 560 quam
1087 487 1207 562 populus

242 572 313 630 liber
332 588 478 646 numquam
500 569 678 640 desiderauit,
702 569 773 626 idem
794 586 943 644 oppressus
959 569 1101 628 dominatu
1113 588 1144 628 ac
1157 589 1207 645 po·

244 658 327 714 tentia
347 657 498 729 principum
519 652 661 726 flagitauit.
689 655 781 727 itaque
801 655 928 728 grauiora
943 653 1042 711 iudicia
1058 653 1093 710 de
1106 662 1206 728 poten·

215 744 224 760 '
242 739 355 796 tissimls
377 737 531 796 hominibus
549 744 642 794 extant
656 738 732 794 uocis
747 753 828 811 quam
844 737 970 794 tabellae.
1001 753 1082 810 quant
1098 738 1134 795 ob
1148 754 1206 816 repr

243 822 408 897 suffragandi
428 823 509 878 nimia
524 819 607 878 libido
623 821 651 876 in
665 837 721 878 non
736 820 816 878 bonis
831 823 921 878 causis
937 821 1074 895 eripienda
1090 821 1142 878 init
1156 837 1206 895 po·

242 905 372 977 tentibus,
388 922 444 962 non
455 903 557 962 latebra
572 903 658 960 danda
668 904 783 978 populo,
797 905 825 960 in
841 921 893 978 qna
908 904 987 962 bonis
1002 905 1205 978 ignorantibus,

243 991 308 1065 quid
329 992 444 1064 quisque
463 989 587 1058 sentiret,
609 986 709 1044 tabella
728 989 857 1044 uitiosum
873 988 1023 1046 occultaret
1037 987 1207 1063 suffragium.

241 1076 334 1148 itaque
348 1075 394 1130 isti
409 1073 508 1130 rationi
520 1087 607 1144 neque
619 1070 690 1128 letor
701 1073 843 1146 quisquam
856 1080 898 1130 est
909 1074 1037 1130 iuuentus
1047 1088 1099 1130 uec
1109 1081 1207 1129 auctor

241 1173 368 1232 nmquam
394 1155 492 1214 bonus.
533 1155 598 1210 llVl.
626 1151 674 1212 85.
696 1159 761 1210 sunl
781 1157 852 1212 enirn
872 1163 1004 1230 quattuor
1024 1155 1101 1228 leges
1121 1155 1205 1212 tabel-

241 1241 331 1312 lariae,
354 1257 467 1314 quarum
488 1241 573 1312 prima
593 1238 627 1294 de
641 1238 844 1312 magistratibus
859 1239 1028 1296 mandandis:
1049 1255 1081 1294 ea
1095 1248 1138 1296 est
1153 1237 1203 1296 Ga·

240 1325 321 1395 binia,
343 1324 397 1380 lata
420 1321 453 1380 ab
474 1323 582 1378 homine
604 1324 700 1396 ignoto
716 1330 744 1378 et
758 1322 879 1380 sordido.
910 1331 1004 1380 secuta
1018 1322 1125 1380 biennio
1140 1331 1206 1396 post

241 1407 333 1464 Cassia
353 1414 395 1462 est
417 1406 451 1462 de
471 1405 567 1480 populi
581 1406 699 1477 iudiciis,
720 1405 833 1462 auobili
848 1407 957 1464 homino
971 1405 1036 1477 lata,
1055 1405 1087 1463 i.
1102 1405 1204 1479 Cassio,

241 1490 305 1562 sed,
327 1506 393 1564 pace
407 1489 520 1546 familiae
535 1489 657 1560 dixerim,
673 1489 820 1548 dissidente
835 1506 850 1545 a
864 1490 943 1546 bonis
958 1497 1038 1562 alque
1052 1489 1141 1546 omnis
1156 1507 1204 1548 ru·

241 1574 379 1630 musculos
400 1572 525 1646 populari
544 1574 650 1628 ratione
669 1581 829 1646 aucupante.
859 1573 987 1632 Carbonis
1007 1581 1049 1630 est
1069 1575 1149 1630 tertia
1170 1573 1204 1631 de

241 1657 365 1714 iubendis
381 1657 487 1730 legibus
502 1673 533 1714 ac
547 1656 681 1733 uetandis,
701 1657 824 1714 seditiosi
840 1666 922 1736 atquo
940 1656 1047 1731 inprobi
1062 1659 1140 1728 einis,
1160 1660 1204 1714 oui
1291 1653 1296 1660 '

241 1758 276 1797 ne
297 1741 400 1797 reditus
421 1741 530 1814 quidern
549 1740 583 1796 ad
603 1739 690 1796 bonos
711 1741 825 1798 salntem
847 1757 862 1796 a
884 1741 963 1798 bonis
983 1743 1075 1814 potuit
1088 1741 1203 1798 adferre.

240 1820 288 1884 86.
310 1841 366 1884 uno
387 1825 416 1882 in
437 1840 538 1900 genere
555 1824 672 1898 relinqui
694 1823 836 1882 uidebatur
856 1827 931 1882 uocis
946 1824 1113 1898 suffragium,
1129 1825 1203 1897 quod

240 1911 300 1982 ipse
311 1907 417 1965 Cassius
430 1916 582 1984 exceperat,
593 1907 801 1982 perduellionis:
817 1908 892 1965 dedit
907 1909 971 1966 huie
983 1925 1093 1982 quoque
1104 1907 1204 1966 iudicio

241 1993 269 2050 G.
286 1992 391 2050 Caelius
408 1992 530 2049 tabellam
546 1991 698 2065 doluitque,
714 1991 804 2065 quoad
819 1993 901 2065 uiuit,
922 2009 969 2062 se,
991 2000 1022 2050 nt
1037 1995 1204 2066 opprimeret

241 2077 270 2132 C.
286 2076 428 2151 Popilium,
444 2079 571 2134 nocuisse
587 2077 626 2132 rei
640 2075 773 2149 publicae.
798 2084 826 2132 et
841 2092 908 2134 autes
925 2077 1033 2150 quidem
1041 2084 1136 2134 nostor
1148 2076 1204 2132 sin·

241 2159 331 2236 gulari
345 2163 449 2218 uirtute
463 2161 490 2216 in
505 2159 559 2216 hoe
572 2161 732 2232 municipio,
749 2159 839 2233 quoad
853 2161 937 2231 uixit,
952 2161 1055 2218 restitit
1070 2160 1104 2216 ll.
1117 2160 1204 2218 Grati·

241 2244 296 2314 dio,
317 2246 394 2299 onius
413 2245 441 2299 in
463 2237 635 2300 matrimonio
658 2259 792 2312 sororem,
815 2245 900 2302 auiam
922 2251 1053 2316 nostram,
1076 2243 1203 2316 babebat,

241 2327 340 2384 terenti
361 2326 449 2400 legem
471 2325 650 2382 tabellarium:
672 2325 806 2384 excitabat
827 2329 898 2386 enim
917 2326 1018 2384 flnctus
1032 2327 1060 2384 in
1075 2327 1203 2402 simpulo,

241 2417 274 2466 ut
293 2409 407 2480 dicitur,
429 2408 582 2480 Gratidius,
604 2425 674 2483 quos
695 2419 760 2482 post
779 2408 850 2466 lilius
866 2413 925 2468 eius
939 2410 1038 2468 blasius
1052 2412 1082 2468 in
1095 2413 1203 2485 Aegaeo

241 2493 369 2550 excitauit
388 2493 463 2548 mari.
494 2508 525 2549 ac
539 2500 636 2548 nostro
651 2493 760 2566 quidem
775 2510 827 2550 auo
844 2488 929 2567 ciui,¹
945 2511 1007 2553 curn
1022 2510 1067 2552 res
1082 2505 1156 2552 esset
1170 2495 1203 2551 ad

174 2585 176 2590 “
240 2593 271 2634 se
286 2576 384 2648 delata,
402 2575 436 2631 ll.
448 2574 565 2632 Scaurus
584 2576 680 2632 consul
692 2577 830 2648 ‘utinam’,
846 2579 944 2652 inquit,
962 2577 1009 2638 ‘lb
1024 2577 1126 2649 Cicero,
1148 2581 1202 2636 isto

241 2662 329 2718 animo
353 2667 436 2734 atque
458 2660 560 2716 uirtute
582 2660 610 2716 in
632 2676 734 2716 summa
755 2677 785 2717 re
807 2661 914 2736 publiea
936 2661 1078 2720 nobiscum
1097 2664 1203 2720 uersari

241 2759 321 2819 quam
344 2743 372 2800 iu
393 2743 545 2817 municipali
567 2744 731 2802 maluisses.'
761 2740 807 2802 3⁷.
829 2762 908 2820 quam
924 2745 959 2802 ob
980 2763 1037 2804 rem
1044 2788 1053 2822 ,
1074 2747 1203 2820 quoniam

240 2845 296 2884 nou
317 2829 538 2902 recognoscimus
559 2844 631 2885 nnnc
651 2828 727 2902 leges
741 2829 836 2904 populi
850 2828 978 2900 Romani,
1000 2829 1049 2886 sed
1063 2837 1111 2886 aut
1125 2845 1204 2903 repe-

240 2913 322 2968 timus
337 2918 444 2986 ereptas
459 2918 507 2968 aut
521 2927 606 2968 nouas
621 2913 776 2985 scribimus,
790 2929 845 2970 non
861 2914 927 2988 qnid
941 2914 994 2972 boc
1007 2913 1112 2988 populo
1129 2914 1202 2987 opti·

240 2997 299 3052 neri
314 2996 416 3070 possit,
436 2995 484 3052 sed
499 2995 564 3069 quid
579 2998 710 3069 optimum
724 2997 778 3069 sit,
800 2997 849 3054 tibi
869 2997 1011 3056 dicendum
1031 3006 1109 3071 pnto.
1140 3011 1203 3054 nam

241 3079 345 3136 Cassiae
356 3080 426 3153 legis
443 3079 549 3153 eulpam
561 3079 650 3154 Scipio
663 3088 726 3137 tuus
737 3082 864 3153 sustinet,
878 3098 934 3156 quo
945 3089 1057 3139 anctore
1071 3081 1127 3140 lata
1141 3098 1204 3138 esse

240 3164 349 3221 dicitur.
379 3171 426 3234 tn,
447 3164 470 3220 si
492 3162 657 3221 tabellariam
677 3165 786 3234 tuleris,
808 3166 867 3239 ipse
882 3164 1047 3240 praestabis3
1064 3180 1116 3222 nec
1130 3167 1203 3222 enim

240 3247 306 3304 mihi
320 3247 408 3322 placet
423 3263 473 3302 nec
487 3248 576 3305 Attico
591 3256 698 3325 nostro,
714 3257 844 3322 qnantum
859 3265 874 3305 e
891 3248 970 3306 uultu
985 3250 1043 3306 eius
1058 3249 1200 3322 intellego.

314 3443 334 3512 ¹)
349 3446 444 3511 quidem
455 3445 496 3509 qni
505 3449 616 3510 etpoulo
621 3454 683 3511 post
691 3447 828 3512 utinamque
838 3447 893 3498 AB
905 3449 1001 3513 quidem
1012 3444 1074 3499 ‘auo
1084 3461 1202 3514 maguam

240 3532 271 3567 ea
286 3531 328 3566 reo
342 3518 430 3566 attolit
443 3515 555 3568 laudem'
572 3521 604 3581 ej.
625 3518 656 3567 V.
671 3519 753 3569 deleto
768 3525 865 3568 tantum
875 3527 937 3582 post
951 3521 997 3570 illo
1011 3533 1065 3583 qua.
