2680 4112
467 245 528 280 enn
545 245 641 285 rnsmr.
660 229 681 281 Ι.
702 234 811 284 14-19.
1057 232 1119 296 175

145 404 247 445 noxam
276 389 400 461 quaestio
423 391 568 446 tormentis
590 388 680 444 habita
708 390 758 458 sit,
788 398 816 444 et
837 391 865 444 in
888 405 920 445 es
942 406 1013 446 noxa
1035 391 1119 448 inime

145 473 268 530 conuicti
283 477 349 544 sint,
366 472 457 546 ’quine
472 466 530 553 (nt)
546 467 611 529 aut¹
629 473 702 528 ierro
725 481 771 528 snt
786 489 846 530 cum
869 473 963 531 bestiis
979 475 1119 549 depugne-

144 565 222 629 rent,
240 557 331 613 traditi
346 559 411 627 sint,
433 560 496 614 inne
512 558 605 614 ludum
621 557 807 614 custodiamus
823 559 940 615 coniecti
955 559 1069 632 luerint,
1090 567 1119 616 et

144 650 245 716 postea
255 641 301 696 uel
313 643 346 698 sb
358 643 454 699 eudem
467 643 576 698 domino
589 641 633 698 uel
647 641 739 697 alralio
748 645 914 715 manumissi,
927 644 1047 699 eiusdem
1055 660 1119 700 con·

146 727 264 783 dicionis
277 725 355 781 liberi
371 724 452 798 dant,
471 729 547 784 euius
559 726 728 784 condicionis
743 735 808 782 snut
822 723 973 802 peregrini²
988 728 1118 785 dediticii.

213 811 243 868 V.
288 821 323 870 tte
351 823 485 886 peregrinis
513 822 644 874 dediticiis.
686 808 733 868 14.
758 812 895 868 Vocantur
922 821 1011 869 autem
1039 829 1119 887 pere·

146 897 220 971 grini
241 895 361 953 dediticii
387 898 429 968 hi,
454 899 501 970 qui
522 897 658 972 quondam
675 896 807 952 aduersus
822 896 953 969 populum
969 898 1118 954 Romanum

146 982 229 1036 armis
251 983 388 1054 susceptis
408 990 602 1055 pugnauerunt
617 981 654 1037 'et
677 981 774 1036 deindo
795 973 880 1037 ulcti³
900 997 929 1036 se
945 981 1116 1038 dediderunt.

145 1062 190 1122 lti.
207 1064 295 1120 Huius
312 1083 380 1139 ergo
396 1067 571 1140 turpitudinis
587 1082 684 1122 seruos
701 1082 874 1139 quocumque
886 1065 968 1121 modo
985 1074 1012 1122 et
1027 1068 1117 1122 cuius-

146 1166 265 1223 cumque
277 1152 374 1206 aetatis
386 1152 576 1222 manumissos,
592 1151 643 1206 etsi
655 1150 737 1224 pleno
750 1152 809 1205 iure
821 1151 993 1206 dominorum
1006 1149 1118 1223 inerint,

145 1251 294 1308 numquam
318 1243 365 1290 aut
387 1236 461 1291 eines
476 1236 611 1292 Romanos
635 1244 681 1291 aut
703 1235 813 1290 Latinos
836 1233 895 1291 lieri
917 1234 1049 1306 dicemus,
1070 1233 1118 1290 sed

148 1319 306 1376 omnimodo
322 1319 511 1376 dediticiorum
527 1335 640 1375 numero
658 1319 788 1376 constitui
803 1319 1004 1393 intellegemus.

82 1413 139 1469 [roci
213 1398 261 1459 tt.
283 1402 311 1458 Si
325 1420 392 1460 nero
409 1405 436 1459 in
451 1404 525 1461 nulle
541 1403 587 1460 tuli
604 1403 773 1478 turpitudine
788 1405 825 1459 sit
839 1420 947 1476 seruus,
969 1404 1118 1460 manumis-

149 1505 213 1544 sum
236 1487 316 1543 medo
337 1489 424 1544 ciuem
447 1488 612 1559 Romanum,
640 1489 721 1544 modo
744 1487 868 1545 latinum
896 1487 953 1544 lieri
976 1481 1117 1566 discimus.
1130 1496 1155 1544 4.

147 1568 195 1630 1⁷.
218 1572 281 1627 Nam
297 1574 323 1628 in
338 1574 415 1630 cuius
430 1590 549 1647 persona
571 1574 623 1629 trie
645 1573 712 1629 haec
734 1580 912 1645 concurrunt,
934 1581 965 1629 ut
980 1575 1066 1629 maior
1080 1573 1118 1628 sit

145 1673 281 1713 annornm
303 1658 426 1730 triginta,
449 1666 477 1714 et
500 1675 532 1713 en
554 1659 613 1722 inre
636 1657 779 1725 Qniritium
802 1658 921 1728 domini,
944 1666 971 1714 et
993 1660 1065 1714 iusta
1088 1673 1118 1712 ac

144 1742 270 1816 legitime
293 1744 506 1798 manumissione
521 1741 660 1812 liberetur,
678 1743 704 1798 id
721 1751 762 1798 est
778 1743 897 1798 uindicta
914 1750 960 1797 aut
971 1758 1054 1798 censu
1071 1749 1118 1797 ant

144 1834 325 1898 testamento,
345 1827 369 1882 is
389 1829 456 1884 cinis
470 1829 607 1884 Romanus
629 1825 675 1897 lit3
699 1828 739 1882 siu
755 1843 823 1883 uero
839 1825 940 1900 aliquid
957 1841 1051 1881 corum
1072 1825 1118 1880 de·

144 1913 217 1982 erit,
232 1911 345 1967 latinus
362 1913 423 1972 erit.

211 1995 242 2052 V·
277 2007 313 2056 Ile
346 2004 547 2056 manumissione⁴
579 2007 617 2056 uel
651 2021 738 2056 censue
771 2007 921 2069 probatione.
966 1992 1011 2052 18.
1041 1991 1117 2058 Quod

144 2088 237 2136 autem
267 2081 302 2136 de
330 2090 419 2138 aetate
441 2084 515 2138 serui
536 2079 702 2155 requiritur,
730 2081 792 2154 lege
815 2081 889 2136 Aelia
911 2079 1003 2136 Sentis
1032 2079 1118 2134 intro·

143 2164 259 2221 ductum
283 2173 334 2224 est.
370 2182 430 2221 uam
446 2183 476 2222 ca
498 2167 540 2222 lex
558 2168 677 2222 minores
698 2183 762 2224 xxx
790 2181 923 2220 annorum
945 2179 1041 2220 seruos
1062 2178 1117 2218 non

143 2249 225 2306 aliter
239 2249 330 2306 uoluit
345 2251 524 2307 manumissos
535 2252 607 2307 ciues
619 2249 754 2308 Romanos
770 2247 839 2319 lieri,
856 2266 935 2322 quam
952 2250 976 2304 si
989 2246 1117 2320 uindicta,

143 2333 218 2408 apud
234 2335 378 2391 consilium
399 2337 469 2391 iusta
486 2351 567 2391 causa
582 2336 801 2392 manumissionis
822 2333 987 2408 adprobata,
1010 2331 1117 2388 liberati

143 2419 261 2476 inerint.
304 2416 351 2478 19.
388 2428 448 2476 usta
468 2429 557 2476 autem
579 2436 657 2477 eausa
679 2419 898 2476 manumissionis
919 2426 962 2474 est
983 2417 1069 2474 ueluti
1095 2418 1119 2474 si

146 2505 210 2576 quis
235 2502 320 2560 lilium
375 2521 464 2561 ramue
490 2513 537 2561 aut
562 2505 672 2562 fratrem
699 2520 858 2561 seroremue
880 2503 1048 2574 naturalem,
1071 2508 1119 2556 aut

223 2668 244 2740 ¹)
259 2672 347 2736 quique
363 2679 403 2722 cut
419 2673 443 2724 0.
458 2675 546 2738 quique
561 2681 586 2723 ut
596 2674 652 2726 cdd.
663 2675 736 2740 quine
751 2681 779 2723 nt
788 2690 823 2724 ex
835 2673 941 2724 dcccci.
951 2675 983 2735 qj.
993 2671 1032 2720 ed.
1043 2669 1117 2718 Stud.

145 2738 168 2808 ²)
189 2742 280 2792 Erunt
293 2745 359 2792 enim
373 2745 450 2794 ctiam
470 2746 574 2810 quidam
589 2747 658 2795 ciues
677 2746 804 2806 dediticii,
824 2747 893 2794 velut
911 2745 976 2794 oiim.
988 2741 1118 2804 Campani.

145 2811 171 2880 ⁸)
181 2813 229 2864 Sic
240 2813 370 2865 Goesclien
381 2823 405 2864 et
420 2811 473 2876 W,
483 2832 633 2881 quamquam
644 2824 668 2864 et
677 2832 769 2866 errore
774 2817 911 2880 perducto.
928 2814 1014 2864 deinde
1024 2819 1051 2860 nt
1060 2811 1119 2860 uicti

143 2893 204 2934 sunt
218 2885 251 2934 dc
264 2885 370 2936 Lacim-
385 2889 417 2950 ej.
432 2888 470 2938 ed.
484 2887 531 2952 Bp.
551 2887 637 2936 deiude
654 2895 737 2936 antem
756 2889 819 2952 (pro
834 2894 858 2935 et
873 2884 970 2952 deinde)
984 2885 1024 2934 cd.
1039 2882 1088 2948 Bp.
1099 2891 1118 2931 5.

144 2953 170 3022 ⁴)
185 2955 263 3006 Haec
277 2958 416 3020 inscriptio
428 2959 544 3021 fortasse
554 2959 647 3022 prodit
657 2975 713 3008 cum
723 2960 860 3022 particulo
870 2964 948 3006 nutem
959 2956 994 3021 (ξ.
1006 2967 1031 3006 1s
1042 2950 1117 3017 init),

142 3029 196 3078 leoc
216 3029 275 3078 loco
294 3029 322 3077 in
339 3028 363 3079 0.
382 3029 521 3092 excidisse,
541 3045 607 3094 quae
626 3031 658 3078 de
672 3030 871 3080 manumissione
885 3028 1011 3087 uindicta,
1031 3039 1117 3082 censu,

143 3105 299 3149 testamento
322 3097 403 3149 Gaius
421 3107 449 3149 ni
472 3099 528 3164 Uip.
547 3103 570 3159 1,
591 3104 660 3149 7-9
677 3102 734 3150 sinc
753 3099 832 3150 dudio
851 3101 925 3150 circa
944 3099 1047 3148 initium
1065 3110 1119 3145 mu-

143 3172 234 3220 seriae
252 3171 382 3234 esposuit.
423 3171 460 3234 Cf.
478 3173 506 3230 1,
524 3174 580 3222 12⁶.

222 3333 246 3405 ξ.
262 3339 302 3388 14.
328 3337 365 3401 Cf.
380 3336 410 3387 Ε.
421 3337 544 3387 Huschke
557 3337 653 3388 Census
665 3355 689 3390 n.
700 3337 857 3402 Stencruerf.
863 3353 890 3401 p.
901 3349 999 3399 1unscq.
1036 3330 1118 3398 §.15¹

147 3409 187 3472 ΟΥ.
208 3410 247 3471 ἐξ,
262 3419 342 3460 1116.
379 3404 738 3476 §tenuissemus
760 3420 792 3460 11.
831 3405 854 3476 ξ
871 3411 912 3458 17.
935 3406 972 3469 Of.
999 3403 1053 3466 [ΗΡ.
1064 3414 1085 3460 1,
1099 3413 1118 3452 6.

145 3491 281 3531 1n.12.1e.
300 3479 331 3528 L.
348 3492 381 3532 11.
400 3478 465 3531 tide
480 3487 530 3530 act.
546 3483 623 3544 empti
638 3478 723 3546 (119).
762 3476 785 3548 §.
802 3481 842 3530 18.
859 3478 896 3541 Cf.
915 3476 969 3540 urp.
985 3487 1005 3533 1»
1020 3485 1053 3522 12.
1075 3471 1118 3522 Fi·

145 3549 295 3603 Dositi.1s.
312 3551 363 3601 Cic.
374 3566 426 3614 pro
437 3550 519 3601 Balbo
528 3563 549 3602 8.
564 3551 591 3602 L.
602 3565 627 3608 ra
637 3569 681 3615 pr.
693 3552 725 3600 D.
741 3552 772 3602 de
782 3565 890 3600 manum.
904 3548 973 3599 vind.
986 3541 1071 3612 (4111).
1085 3542 1117 3590 L.

147 3634 182 3674 it.
192 3623 226 3673 D.
236 3623 269 3672 de
277 3638 387 3674 manum.
399 3629 455 3672 test.
467 3621 512 3688 (40,
522 3619 553 3688 c).
577 3623 628 3686 lege
643 3624 707 3672 Aelia
721 3617 815 3688 Sentia]
830 3637 853 3671 a.
863 3632 883 3670 s.
913 3614 937 3687 ξ.
949 3621 989 3670 19.
1007 3615 1043 3679 Of.
1054 3617 1076 3676 ξ.
1087 3624 1120 3663 8⁹-
