2696 4120
412 269 473 305 uun
492 270 595 306 rueris.
613 252 660 306 IV.
678 259 787 310 29-31.
886 323 905 331 Δ,
1021 258 1084 323 355

120 414 208 488 captio
230 411 381 487 publicanis
404 411 580 486 uectigalium
601 412 771 486 publicorum
789 416 883 490 populi
904 413 1016 473 Romani
1037 417 1083 474 aal-

119 515 215 555 uersus
239 514 303 569 eos,
332 498 378 571 qui
407 496 498 570 aliqua
527 497 588 571 lege
616 499 760 572 uectigalia
788 500 926 560 deberent.
970 496 1018 562 29.
1046 501 1083 559 llx

121 582 243 640 omnibus
266 590 355 638 autem
378 583 437 637 istis
460 583 548 648 causis
570 584 652 638 certis
675 583 766 639 uerbis
794 586 894 658 pignus
917 585 1082 660 capiebatur,

120 677 147 724 et
162 666 196 724 ob
211 667 238 722 id
253 666 391 741 plerisque
407 664 538 740 placebat,
556 665 623 722 hauc
639 683 749 740 quoque
764 671 897 726 actionem
913 669 984 744 legis
999 674 1083 728 aetio·

119 767 181 808 uem
197 768 272 819 esser,
296 750 456 825 quibusdam
479 760 568 807 autem
590 750 728 825 placebat,
751 750 842 828 ’(lepis
862 758 1003 812 actionem
1023 775 1082 814 nou

30 857 35 866 ·
120 829 219 912 esse,)¹
235 838 350 910 primum
367 835 439 910 quod
459 835 581 909 pignoris
597 837 686 910 captio
702 845 777 893 extra
792 839 833 893 ius
849 839 1039 913 peragebatur,
1055 841 1082 896 id

121 929 163 977 est
178 937 232 976 uon
248 923 322 995 apud
335 928 499 994 praetorem,
515 920 677 995 plerumque
692 921 773 977 etiam
785 921 897 978 absente
912 923 1082 995 aduersario,
1128 957 1133 966 ν

119 1021 178 1062 cum
193 1005 312 1079 alioquin
333 1007 432 1061 ceteris
453 1003 604 1061 actionibus
620 1022 674 1061 nou
695 1005 774 1062 aliter
793 1009 832 1063 uti
851 1005 947 1082 'lpuisl
966 1002 1082 1081 posset²

120 1107 197 1163 quam
219 1093 294 1164 apud
312 1098 464 1163 praetorem
487 1099 630 1162 praesente
650 1090 820 1161 aduersarl03
847 1101 986 1166 praeterea
1008 1093 1082 1165 quocl

118 1175 223 1231 nefasto
239 1190 349 1248 quoque
364 1174 419 1244 die,
434 1173 460 1230 id
477 1182 528 1245 est,
545 1191 599 1248 quo
612 1191 667 1230 nou
683 1175 781 1232 licebat
795 1175 858 1250 lege
872 1193 965 1252 agere,
980 1179 1081 1252 pignus

120 1261 178 1332 capi
194 1267 310 1331 poterat.
777 1325 785 1342 ο

50 1349 55 1355 ’
180 1339 233 1399 80.
256 1342 304 1399 Set
331 1344 399 1398 istae
421 1358 517 1399 omues
546 1342 615 1418 legis
638 1343 758 1400 actiones
783 1343 912 1418 paulatim
934 1346 962 1404 io
985 1345 1077 1403 odium

118 1435 268 1482 uenerunt:
289 1443 406 1500 namque
421 1444 452 1483 ex
469 1428 549 1482 nimia
560 1426 710 1484 subtilitate
726 1436 860 1502 ueterum,
877 1432 923 1505 qui
941 1439 1005 1488 tuuc
1020 1433 1079 1488 iura

116 1511 306 1582 condiderunt,
322 1527 354 1567 eo
369 1528 412 1568 res
427 1511 557 1586 perducta
568 1520 620 1584 est,
636 1522 666 1568 ut
679 1513 724 1568 uel
736 1515 782 1586 qui
797 1515 936 1572 minimum
950 1525 1078 1588 errasset,

114 1597 190 1652 litem
206 1595 349 1670 perderet;
365 1598 457 1672 itaque
473 1613 522 1672 per
537 1597 625 1672 legem
637 1597 782 1655 Aebutiam
794 1607 822 1655 et
837 1598 902 1655 duas
918 1599 999 1656 lulias
1014 1599 1078 1656 sub·

115 1680 184 1736 latae
200 1689 265 1736 suut
279 1681 348 1737 istae
363 1681 433 1756 legis
449 1681 570 1738 actiones
583 1681 761 1756 effectumque
774 1691 824 1746 est,
840 1692 872 1740 ut
887 1701 935 1758 per
947 1694 1078 1758 concepta

45 1777 102 1831 [ert]
115 1765 208 1839 uerba,
230 1765 256 1821 id
272 1773 313 1821 est
329 1783 378 1840 per
394 1767 524 1823 formulas
539 1767 718 1841 litigaremus.
763 1763 808 1825 at.
832 1768 946 1824 lautum
962 1783 995 1824 ex
1010 1768 1076 1824 ‹lua-

114 1849 164 1905 bus
186 1853 275 1912 causis
298 1851 461 1924 permissum
483 1844 545 1907 est³
566 1851 628 1925 lege
651 1865 751 1925 agere,
777 1852 866 1908 damni
888 1853 980 1908 inlecti
1003 1861 1031 1908 et
1053 1853 1077 1908 si

114 1935 308 1991 centumuirale
331 1935 458 1991 iudicium
481 1935 603 1992 luturum
627 1943 632 1998 Ι
656 1943 937 2008 est3sauequecuu1
960 1937 993 1992 ad
1015 1952 1077 1993 ceu·

114 2021 248 2075 tumuiros
270 2020 340 2096 itur,
364 2027 426 2076 aute
449 2020 510 2094 lege
532 2021 623 2093 agitur
638 2027 808 2076 sacramento
830 2023 904 2094 apud
924 2030 1077 2094 praetorem

114 2101 245 2159 urbanum
261 2103 305 2160 uel
328 2105 504 2179 peregrinum
525 2103 587 2179 'pro
607 2097 673 2173 re34
694 2103 783 2160 damni
798 2119 865 2161 uero
886 2105 979 2162 iniecti
996 2121 1076 2162 nemo

114 2187 175 2244 uult
195 2188 257 2263 lege
279 2205 375 2264 agere,
400 2197 442 2245 set
461 2191 553 2262 potius
576 2189 763 2264 stipulatione,
784 2205 853 2264 quae
868 2191 896 2245 iu
910 2189 998 2246 edicto
1014 2207 1078 2264 pro·

111 2273 203 2348 posita
226 2281 282 2348 est,
312 2273 415 2348 obligat
440 2274 623 2330 aduersarium
650 2273 755 2344 buum,
783 2267 886 2348 idque⁵
909 2281 937 2331 et
958 2291 1076 2331 eommo-

112 2356 174 2413 diua
195 2359 237 2414 ius
260 2367 288 2415 et
309 2359 416 2432 plenius
439 2368 491 2416 est.
534 2375 583 2433 per
611 2360 734 2434 pignoris
752 2351 786 2436 )6

109 2471 263 2480 -———..—

191 2573 211 2641 ¹)
233 2576 390 2628 Giscbeaum
414 2579 474 2642 fere
500 2586 604 2629 secutus
629 2581 761 2643 supplevi:
789 2580 903 2642 fortasse
931 2579 1077 2628 addendum

112 2655 188 2698 erat:
216 2643 335 2713 ‘ideoque
357 2650 404 2700 loe
423 2647 566 2714 placebat’.
595 2649 667 2715 (aaa)
691 2652 731 2700 uel
750 2648 864 2716 (contra)
887 2649 995 2714 placebat
1018 2650 1076 2699 edd.

112 2717 136 2785 ²)
152 2726 255 2783 possent
263 2723 404 2786 pleraeque
419 2722 476 2771 edel.
492 2729 517 2770 et
530 2736 585 2771 mea
600 2734 619 2772 1.
648 2721 724 2770 Nunc
740 2723 768 2769 ia
783 2723 836 2784 fine
849 2736 940 2771 uersas
954 2715 987 2788 q's
1002 2722 1077 2770 orais-

110 2806 167 2841 sum
186 2806 242 2842 ease
259 2795 347 2841 statui.
422 2789 442 2856 ³)
464 2792 489 2842 0.
508 2793 615 2842 inserit:
633 2791 658 2841 id
677 2792 736 2854 legis
751 2792 869 2840 actionem
884 2793 976 2854 lacere,
995 2793 1077 2842 maai-

107 2863 205 2925 feetum
220 2865 349 2929 plossema
369 2861 404 2925 (id
423 2885 457 2906 =
477 2863 501 2911 id
523 2863 583 2929 est),
611 2863 680 2928 quod
703 2863 761 2926 quis
778 2865 1013 2927 superscripserat,
1033 2865 1078 2928 qui

110 2933 191 2983 uerba
204 2934 256 2996 lege
271 2948 341 2996 agere
356 2935 388 2982 ele
398 2936 456 2984 iare
466 2935 564 2984 iudicio
574 2933 755 2998 persequendo
765 2935 867 2983 omuino
882 2935 1077 3001 iutellipiposse

109 3004 255 3054 verebatur.
308 3001 330 3070 ⁴)
344 3019 373 3068 pr
389 3005 415 3056 0.
436 3002 596 3072 [praetorem]
615 3005 653 3054 ed.
671 3003 745 3052 Stud.
802 3001 823 3068 ὖ)
838 3003 884 3053 Eae
902 3002 958 3066 Vi,
977 3009 1004 3055 ia
1027 3022 1076 3070 quo

109 3082 195 3124 tamen
205 3091 257 3139 pro
272 3075 343 3140 idque
358 3083 396 3126 est
410 3077 467 3139 itae.
532 3073 554 3142 θ)
569 3075 601 3124 Ia
615 3076 665 3124 bae
674 3091 748 3140 pap„
763 3089 828 3138 qaae
843 3079 945 3127 omuino
960 3079 1012 3143 lepi
1025 3093 1076 3128 aaa

103 3149 201 3209 potuit,
219 3145 301 3196 Gaius
315 3148 416 3196 dixisse
430 3148 542 3206 uidetur,
551 3163 603 3211 per
612 3148 737 3212 pignoris
748 3161 847 3210 quoque
857 3150 990 3211 cepionem
1000 3147 1076 3212 (quae

108 3233 144 3266 aa
161 3220 226 3283 lepis
240 3219 309 3268 aetio
324 3225 399 3277 esset,
414 3218 582 3269 dubitabatur
597 3221 618 3280 §-
634 3216 670 3282 29)
686 3219 713 3266 ia
732 3217 774 3266 bis
788 3219 888 3282 causis,
907 3235 972 3282 qaae
986 3221 1021 3268 ad
1035 3221 1076 3268 ius

107 3302 214 3338 sacram
232 3291 396 3352 pertinerent
415 3289 450 3354 (ἓ.
470 3287 520 3355 aa),
538 3291 664 3340 actionem
682 3287 808 3337 sublatam
827 3289 928 3352 quidem
941 3291 1075 3352 plerisque

107 3374 160 3409 noa
180 3361 267 3416 uideri
285 3359 350 3428 <siae
369 3361 438 3426 quod
456 3362 484 3410 ia
503 3363 557 3426 lepe
572 3360 684 3410 Aebutia
698 3365 723 3408 et
736 3358 836 3408 duabus
850 3358 928 3408 Iuliis
941 3365 1075 3421 correptam

180 3482 204 3553 ξ.
223 3487 265 3537 29.
286 3484 325 3549 Cf.
345 3484 435 3535 Varro
450 3485 481 3534 de
495 3485 528 3534 L.
538 3484 571 3533 L.
582 3497 602 3548 a,
617 3497 638 3548 a,
654 3495 674 3536 r.
694 3485 730 3546 ἐξ.
741 3495 775 3536 ao.
786 3495 818 3536 sa.
840 3480 912 3532 Ouid.
930 3481 1028 3544 Fasti,
1039 3491 1073 3532 ar.

105 3555 227 3606 Macrob.
242 3555 297 3606 Sat.
311 3569 332 3618 1,
348 3567 381 3607 ιθ,
434 3552 458 3624 ξ.
474 3557 516 3606 30.
539 3555 577 3618 Os.
593 3568 613 3618 a,
627 3567 675 3606 ast.
689 3567 711 3618 a,
722 3567 755 3605 11.
778 3554 841 3605 Gett.
856 3565 890 3616 ιε,
906 3566 938 3605 uo.
990 3548 1015 3620 ξ.
1031 3553 1073 3603 31.

107 3626 147 3690 Cf.
165 3629 188 3690 ἕ,
203 3637 238 3680 at.
261 3627 324 3677 Geli.
340 3639 424 3690 16,1u.
446 3627 498 3678 Cia.
509 3642 561 3690 pro
577 3627 650 3680 Caes.
665 3639 698 3678 tt.
714 3627 738 3687 §-
752 3637 787 3678 at.

818 3708 870 3762 23*
