2672 4112
430 225 457 259 n.
477 223 567 260 rvrrrvs
587 223 766 262 unucfflmvs.
1061 219 1079 276 9

116 351 199 406 sinios
214 367 244 423 p.
261 348 329 404 Vllll
349 349 409 406 sinc
431 349 487 405 ullo
503 350 624 423 peditum
639 350 793 407 adiumento
809 353 945 424 cepissent
959 352 1017 408 elus
1032 367 1081 408 uo·

117 433 216 501 cabuli3
232 431 318 507 idque
333 433 441 489 durauit
456 432 527 490 ultra
542 433 570 490 C.
587 433 744 492 Gracchum.
774 434 865 491 lunius
881 443 964 506 certe,
987 437 1033 509 qul
1048 435 1080 492 ab

117 519 229 573 amicitia
245 519 305 572 eius
321 517 490 573 Gracchanus
506 517 655 591 appellatus
679 526 731 590 est,
755 519 885 592 scriptum
908 517 1018 592 reliquit
1039 521 1081 576 hls

118 600 219 656 uerbis:
243 599 335 667 ‘Quod
356 601 389 656 ad
410 609 563 674 equestrem
585 601 703 658 ordinem
726 603 830 666 attinet,
853 609 931 660 antea
944 603 1081 659 trossulos

117 682 264 746 uocabant,
292 701 366 740 nunc
393 686 498 757 equites
525 693 625 742 uocant
645 685 723 756 ideo,
755 687 815 758 quia
836 703 893 743 non
913 686 1081 760 intelligunt,

83 767 253 826 rrrtrossutos
275 784 374 824 nomen
395 767 460 841 quid
475 768 572 841 ualeat,
588 769 744 842 multosque
763 771 846 842 pudet
865 786 898 826 co
913 771 1021 827 nomine
1036 787 1082 844 ap·

117 849 235 926 pellari,'
252 859 280 907 et
295 868 415 926 causam,
432 868 500 926 quae
514 869 595 926 supra
610 852 727 909 indicata
738 861 789 922 est,
805 855 915 926 exponit
926 855 1082 928 inuitosque

118 937 263 992 etiamnum
279 944 371 992 tamen
386 935 520 992 trossulos
536 938 637 993 uocari.
653 964 694 976 -
710 936 779 994 Plin.
799 936 830 994 tt.
850 936 882 992 H.
901 936 951 1007 33,
970 937 998 992 2.
1011 938 1039 1009 S.
1052 938 1081 995 9.

179 1014 207 1075 2.
229 1021 378 1092 Antiquom
405 1019 534 1092 oppidum
559 1022 587 1076 in
615 1019 668 1076 hoo
695 1020 778 1076 luisse
801 1020 925 1076 Saturnia
946 1020 1081 1078 scribitur.

118 1101 181 1158 Eius
197 1105 311 1176 uestigia
327 1105 407 1159 etiam
428 1119 500 1160 nunc
521 1111 630 1159 manent
650 1105 715 1160 tria:
739 1104 812 1178 quod
827 1103 935 1159 Saturni
950 1104 1041 1160 lanum
1056 1107 1083 1160 in

22 1229 25 1261 ,
119 1183 254 1249 iauoibus;
276 1186 350 1260 quod
365 1185 490 1243 Saturnia
505 1195 600 1262 porta,
616 1203 696 1260 quam
710 1187 802 1243 lunius
818 1186 912 1244 scribit
930 1187 982 1259 ibi,
1004 1203 1083 1261 quam

120 1285 193 1326 nunc
208 1279 308 1328 uocant
321 1270 487 1340 Pandanam3
510 1271 584 1344 qnod
601 1279 663 1346 post
678 1271 769 1326 aedem
785 1271 892 1327 Saturni
906 1272 934 1326 in
950 1269 1084 1328 aedificio·

120 1369 182 1408 rum
197 1351 304 1427 legibus
315 1354 427 1427 priuatis
439 1355 556 1428 parietes
567 1355 665 1429 postici
677 1356 746 1410 muri
757 1363 821 1411 sunt
832 1355 933 1428 scripti.
949 1385 985 1396 -
1000 1355 1083 1412 Varro

124 1435 158 1492 de
172 1434 204 1490 L.
221 1435 253 1494 L.
269 1435 297 1504 5,
314 1437 341 1494 7.
357 1437 383 1509 3.
400 1437 453 1495 42.

22 1529 24 1534 '
184 1515 215 1576 3.
239 1519 341 1576 Subura
362 1521 454 1578 lunius
475 1521 569 1578 scribit
590 1523 621 1578 ab
643 1539 687 1593 eo,
710 1521 783 1596 quod
803 1521 888 1578 luerit
902 1521 953 1578 sub
974 1525 1083 1597 antiqua

23 1647 26 1652 .
119 1602 255 1659 urbe.—
273 1604 357 1660 Varro
371 1605 405 1660 de
419 1604 450 1662 L.
466 1604 495 1660 L.
512 1604 542 1677 5,
559 1607 585 1662 7.
603 1607 630 1678 S.
647 1605 697 1663 48.

181 1686 211 1746 4.
234 1689 363 1762 Luceres,
382 1695 414 1745 ut
428 1689 530 1760 lunius,
551 1688 744 1746 aLucumonc.
760 1717 802 1731 -
817 1689 899 1746 Varro
915 1689 948 1746 de
963 1689 993 1746 L.
1008 1687 1039 1748 L.
1054 1689 1083 1757 t,

180 1853 208 1916 5.
230 1855 362 1912 tlensium
377 1857 486 1912 nomina
501 1857 557 1912 lere
571 1865 663 1930 aperta
679 1866 759 1926 sunt,
774 1858 797 1912 si
815 1873 829 1911 a
844 1855 956 1930 llartio,
972 1864 1003 1911 ut
1018 1857 1084 1912 anti-

119 1941 166 2014 qui
181 1939 403 2011 constituerunt,
419 1956 554 1996 numeres.
584 1941 649 1994 Nam
669 1941 771 2012 primus
786 1955 801 1994 a
816 1938 907 1993 blarte.
935 1939 1084 2011 Secundus,

121 2031 153 2078 nt
166 2023 276 2080 lluluius
292 2023 386 2080 scribit
401 2031 428 2080 et
442 2023 547 2094 lunius,
570 2023 718 2096 avocere,
741 2022 814 2095 quod
830 2037 860 2077 ea
875 2022 911 2077 sit
926 2021 1084 2096 Aphrodite,

123 2109 222 2180 quoius
235 2123 331 2163 nomen
347 2123 399 2178 ego
416 2109 533 2182 antiquis
551 2108 637 2164 literis
655 2106 727 2180 quod
738 2121 870 2179 nusquam
881 2106 983 2176 inueni,
1000 2107 1085 2178 magis

120 2199 190 2264 puto
205 2191 314 2260 dictum,
332 2190 406 2264 quod
421 2206 471 2247 uer
485 2193 573 2247 omnia
588 2191 685 2265 aperit,
697 2189 826 2264 Aprilem.
856 2189 963 2244 Tertius
976 2191 1085 2246 amalo·

120 2275 196 2330 ribus
212 2275 310 2346 llaius,
335 2282 448 2348 quartus
464 2293 478 2331 a
493 2274 643 2330 iunioribus
659 2273 747 2330 dictus
762 2273 863 2330 lunius.
893 2273 993 2330 Dehinc
1008 2273 1085 2348 quin·

122 2367 167 2414 tus
183 2357 308 2425 Quintilis
323 2366 352 2415 et
366 2360 406 2414 sic
427 2357 553 2432 deinceps
575 2374 662 2432 usque
685 2358 717 2413 ad
732 2357 901 2414 Decembrem
925 2375 939 2412 a
960 2373 1084 2415 numeru.

121 2441 165 2496 Ad
180 2442 229 2498 lros
244 2444 290 2516 qui
311 2442 409 2512 additi,
436 2444 511 2514 prior
531 2458 546 2496 a
566 2443 687 2514 principe
702 2441 752 2497 deo
768 2441 904 2497 lanuarius
919 2441 1084 2515 appellatus;

120 2528 269 2598 posterior,
286 2534 317 2582 ut
331 2525 410 2581 iidem
426 2526 518 2581 dicunt
533 2527 690 2599 scriptores,
707 2524 739 2580 ab
756 2523 806 2580 diis
818 2525 911 2582 inieris
924 2523 1086 2580 Februarius

119 2609 289 2682 appellatus,
312 2609 385 2684 quod
401 2617 458 2665 tum
472 2609 515 2665 his
530 2616 698 2684 parentetur.
713 2637 755 2649 -·
769 2608 852 2665 Varro
868 2609 901 2664 de
916 2607 946 2664 t.
962 2605 993 2664 L.
1010 2609 1040 2680 6,
1055 2607 1085 2670 4.

184 2773 214 2834 6.
237 2775 351 2832 Nomina
366 2777 457 2832 decem
473 2761 608 2832 mensibus
625 2777 742 2850 antiquis
757 2775 900 2832 Romulum
912 2775 1009 2831 iecisse
1023 2773 1086 2830 nul-

118 2861 183 2916 uius
198 2867 228 2915 et
242 2859 335 2915 lunius
350 2867 476 2916 auctores
491 2868 568 2915 sunt:
591 2867 619 2915 et
639 2859 745 2932 quidem
762 2859 947 2932 duos—primos
963 2876 978 2914 a
993 2875 1087 2932 paren·

118 2943 194 2999 tibus
211 2946 269 2998 suis
285 2945 438 3000 nominasse
450 2943 573 2999 blartium
588 2943 696 2999 allartc
711 2951 798 3017 patre,
810 2943 928 3016 Aprilem
940 2942 972 2998 ab
982 2943 1087 3016 Aphro·

118 3027 176 3084 dite
191 3027 220 3082 id
237 3035 280 3082 est
295 3027 409 3098 Venere,
422 3027 493 3084 unde
509 3029 623 3083 maiores
639 3029 697 3082 eius
715 3027 822 3082 oriundi
838 3025 1009 3084 dicebantur:
1024 3043 1088 3100 pro·

117 3113 209 3167 rimus
231 3110 302 3168 duos
317 3127 332 3166 a
346 3111 466 3184 populo,
488 3111 615 3168 Maioma
631 3109 776 3168 maioribus
796 3118 878 3180 natu,
899 3110 1004 3166 lunium
1019 3123 1034 3165 a
1047 3111 1088 3166 iu·

55 3207 59 3218 ’
116 3195 263 3263 nioribus3
280 3203 386 3251 ceteros
399 3195 431 3250 ab
444 3193 548 3266 ordine,
565 3212 618 3269 quo
630 3194 732 3268 singuli
742 3202 828 3266 erant,
844 3194 988 3264 Quintilem
1001 3209 1088 3266 usque

117 3278 152 3334 sd
168 3277 344 3336 Decembrem
359 3279 471 3352 perinde
486 3295 501 3333 a
515 3295 639 3337 numero.
658 3309 694 3320 —
711 3277 850 3337 Censorio.
867 3277 917 3334 22.

184 3357 211 3422 7.
235 3363 343 3418 Annum
372 3347 523 3419 uertentem
551 3361 650 3420 Romae
677 3361 795 3418 Licinius
824 3363 932 3435 quidem
953 3359 1040 3416 blacer
1061 3365 1089 3414 et

118 3456 220 3520 postea
243 3443 396 3504 Fenestella
418 3448 510 3502 statim
532 3445 564 3502 ab
586 3447 662 3502 initio
686 3445 826 3502 duodecim
850 3444 983 3501 mensium
1004 3439 1089 3496 luisse

119 3533 303 3604 scripserunt.
333 3530 382 3587 sed
404 3532 491 3604 magis
509 3529 584 3591 lunio
601 3530 753 3586 Gracchano
774 3538 802 3586 et
817 3528 913 3584 Fuluio
934 3533 963 3582 et
978 3525 1088 3581 Varroni
