2700 4118
256 182 319 246 612
453 199 681 236 nomannorum
699 200 798 237 recum
817 184 915 238 XXVI.
934 189 1012 237 4-8.

318 325 349 383 4.
373 321 552 401 ¹hgnatorum
568 329 733 386 hereditates
751 330 910 388 diuiduntur
923 332 951 387 iu
967 333 1069 404 capita;
1093 331 1171 388 uelut
1188 333 1213 389 si

148 412 245 464 eutha
255 411 291 467 sit
306 409 403 467 fratris
424 409 494 466 filius
510 421 537 468 et
552 412 663 469 alterius
679 413 768 469 fratris
783 413 837 470 duo
853 414 980 488 pluresue
997 407 1000 492 l
1018 415 1111 486 liberi,
1127 424 1211 489 quot·

253 503 322 569 quot
336 503 400 550 sunt
415 493 447 550 ah
463 503 577 570 utraque
592 505 669 572 parte
683 514 830 571 personae,
853 506 895 554 tot
915 497 983 554 fiunt
997 499 1155 572 portiones,
1178 507 1212 554 ut

253 579 354 654 singuli
376 578 497 652 singulas
513 581 627 653 capiant.
670 577 699 638 ὅ.
722 574 769 636 ²Si
790 581 881 654 plures
898 581 993 638 eodem
1015 581 1101 656 gradu
1121 576 1211 638 ’sint3

253 663 353 736 agnati,
369 661 514 736 etquidem
527 680 620 720 eorum
635 663 810 720 hereditatem
822 665 853 720 ad
866 667 1044 740 sepertinere
1056 664 1207 736 noluerint,

252 745 297 802 uel
312 754 454 820 antequam
469 746 598 819 adierint,
621 747 801 820 decesserint,
817 763 911 804 eorum
927 765 990 822 pars
1005 749 1136 806 adcrescit
1152 750 1208 822 his,

252 829 298 904 qui
319 829 447 900 adierint3
471 832 543 905 quod
566 833 588 888 si
610 835 688 888 nemo
711 848 804 888 eorum
827 832 938 904 adierit,
960 833 993 889 ad
1016 835 1206 908 insequentem

252 913 365 988 gradum
381 930 412 970 er
428 915 488 988 lege
503 915 637 971 hereditas
652 932 708 972 non
723 917 930 986 transmittitur,
953 917 1079 989 quoniam
1094 919 1122 974 in
1137 917 1208 990 legi·

251 999 323 1054 timis
338 997 531 1055 hereditatibus
546 1000 681 1054 successio
702 1016 757 1055 non
772 1007 825 1056 est.
868 995 897 1056 6.
922 993 975 1054 ⁴Ad
998 1001 1111 1056 feminas
1133 1000 1207 1057 ultra

251 1083 514 1156 consanguineorum
542 1083 655 1156 gradum
682 1081 801 1156 legitima
828 1083 963 1140 hereditas
992 1099 1047 1140 non
1070 1085 1205 1157 pertinet3

250 1166 341 1238 itaque
362 1183 441 1222 soror
462 1165 537 1223 fratri
553 1168 677 1222 sororiue
691 1165 810 1240 legitima
831 1167 911 1223 heres
934 1165 980 1240 fit,
1002 1163 1112 1241 lamala
1133 1183 1205 1226 uero

251 1251 296 1306 uel
310 1249 418 1320 fratris
431 1251 493 1320 filie
505 1255 532 1306 et
546 1252 683 1322 deinceps
693 1253 816 1323 lepitima
831 1252 985 1308 hereseon
999 1245 1069 1325 ἠέ).ὖ
1103 1247 1130 1309 i.
1151 1245 1205 1308 ⁶Ad

251 1331 352 1388 liberos
375 1335 468 1389 matris
490 1335 636 1389 intestatae
658 1334 793 1390 hereditas
815 1334 882 1390 ‘sine
903 1335 932 1389 in
953 1350 1060 1392 manum
1083 1351 1205 1392 conuen-

251 1408 338 1470 tione⁷
355 1415 463 1488 exlege
478 1417 618 1474 duodecim
635 1417 783 1474 tabularum
799 1434 854 1474 non
869 1418 1033 1490 pertinebat,
1051 1421 1113 1492 quia
1128 1419 1205 1475 lemi-

250 1514 300 1554 nae
314 1515 380 1554 suos
396 1499 507 1556 heredes
523 1516 577 1556 non
592 1499 706 1568 habent3
729 1501 775 1557 sed
792 1510 887 1574 postea
907 1505 1102 1576 imperatorum
1117 1504 1202 1559 Anto·
1214 1515 1270 1564 [⁵1⁷]

250 1582 309 1637 nini
327 1590 355 1638 et
370 1581 506 1640 Commodi
529 1586 651 1641 oratione
673 1587 701 1639 in
723 1593 818 1641 senatu
839 1579 969 1640 recitata⁸
991 1585 1018 1641 id
1039 1594 1127 1642 actum
1150 1595 1203 1659 est,

251 1659 309 1721 'uti
332 1675 447 1723 matrum
469 1667 604 1741 legitimae
626 1669 787 1724 hereditates
810 1668 841 1722 ad
865 1665 936 1724 lilios
958 1671 1130 1743 pertineant,
1159 1685 1203 1724 er·

251 1749 332 1806 clusis
355 1753 563 1825 consanguineis
586 1759 614 1808 et
635 1752 746 1824 reliquis
769 1753 883 1824 agnatis.
922 1750 950 1811 8.
977 1746 1131 1812 ¹⁰lntestati
1154 1752 1202 1809 filii

250 1833 384 1890 hereditas
408 1833 440 1890 ad
463 1844 574 1892 matrem
596 1853 628 1891 ex
650 1836 710 1908 lege
731 1835 873 1892 duodecim
895 1835 1047 1893 tabularum
1070 1854 1126 1894 non
1141 1854 1202 1911 per·

250 1917 333 1987 tinet;
355 1917 403 1974 sed
418 1919 441 1974 si
456 1920 497 1975 ius
518 1919 663 1976 liherorum
684 1917 794 1990 habeat,
817 1919 934 1992 ingenua
955 1920 1055 1992 trium,
1078 1920 1202 1978 libertina

249 2009 390 2074 quattuor,
403 2003 524 2076 legitima
539 2005 616 2060 heres
632 2001 663 2058 fit
678 2019 710 2058 ex
725 2010 834 2058 senatus
851 2002 978 2060 consulto
992 1998 1202 2074 'l'ertullianc;¹¹

249 2085 272 2140 si
287 2093 376 2142 tamen
391 2088 416 2142 ei
431 2083 486 2142 lilio
501 2103 590 2160 neque
604 2103 669 2144 suus
685 2087 764 2142 heres
778 2088 814 2142 sit
826 2088 907 2160 quiue
922 2088 993 2143 inter
1007 2104 1074 2144 suos
1089 2089 1202 2146 heredes

250 2167 283 2224 ad
306 2169 439 2226 honorum
460 2173 661 2244 possessionem
683 2187 697 2226 a
719 2178 844 2244 praetore
861 2179 982 2237 uocatur,
1004 2187 1093 2246 neque
1116 2181 1201 2246 pater,

250 2252 283 2308 ad
295 2270 374 2328 quem
389 2254 452 2327 lega
466 2255 601 2310 hereditas
617 2254 784 2311 honorumue
799 2256 937 2328 possessio
951 2271 1011 2310 cum
1026 2271 1056 2312 re
1073 2257 1202 2331 pertinet,

250 2353 338 2410 neque
353 2339 436 2393 irater
452 2340 683 2412 consanguineus:
705 2337 778 2410 quod
796 2340 819 2393 si
840 2354 920 2395 soror
939 2341 1142 2414 consanguinea
1156 2341 1201 2412 sit,

250 2419 283 2475 ad
298 2429 426 2492 utrasque
442 2423 577 2492 pertinere
591 2421 700 2476 iubetur
715 2421 858 2478 hereditas.

323 2549 344 2617 1)
360 2552 399 2615 Cf.
416 2552 473 2602 Gai.
488 2565 509 2612 e,
524 2565 557 2605 re.
579 2553 668 2602 Cottae.
684 2566 751 2612 1c,e.
766 2557 834 2616 §.aa
886 2550 908 2621 ²)
924 2555 962 2619 Cf.
979 2556 1055 2606 Paul.
1065 2568 1117 2619 ea.
1133 2558 1156 2618 ς.
1167 2567 1199 2608 aa.

252 2622 308 2672 Get.
323 2634 344 2680 e,
359 2634 392 2673 1e.
407 2633 441 2672 ee.
503 2619 552 2688 ⁸)s·
574 2623 632 2672 Vae.
647 2625 668 2672 si
683 2632 737 2673 sont
750 2624 790 2674 ed.
804 2623 852 2690 Bp.
917 2622 938 2690 ⁴)
955 2625 1067 2688 officiat.
1082 2639 1103 2686 a,
1118 2639 1152 2678 14.
1167 2639 1200 2678 aa.

252 2693 340 2743 Cellae.
355 2704 390 2750 le,
403 2705 424 2744 e.
444 2693 484 2754 ἐξ.
500 2705 532 2745 17.
548 2705 581 2745 eo.
631 2692 668 2760 ·⁶)
682 2694 757 2744 Haec
774 2695 833 2757 sere
851 2693 882 2745 ob
903 2686 1116 2761 dpotoee'ieotov
1129 2699 1199 2746 eacei·

250 2764 331 2822 disse,
350 2765 408 2827 ipsa
421 2765 547 2814 sententie
566 2772 592 2814 et
607 2764 663 2814 Gai.
678 2777 699 2822 e,
714 2777 747 2816 14.
766 2771 914 2830 urpumento
933 2773 1000 2815 sunt.
1028 2766 1076 2832 Bp.
1091 2767 1115 2816 le.
1130 2769 1146 2816 i.
1161 2782 1199 2826 ea,

251 2849 316 2896 quae
330 2848 376 2884 noe
390 2835 412 2896 ἕ.
428 2836 462 2886 1⁸.
477 2837 618 2898 retulimus,
629 2837 741 2898 periisse
751 2850 847 2898 purum
860 2837 1036 2886 verisimiliter
1051 2839 1163 2888 coniicit.

251 2901 273 2969 ⁶)
293 2903 331 2967 Cf.
351 2905 390 2953 tit.
409 2904 432 2954 I.
451 2905 482 2954 de
500 2904 547 2955 SC.
569 2905 667 2968 Orphit.
688 2905 723 2971 (a,
742 2904 775 2970 4).
841 2903 948 2971 ⁷)Haec
967 2907 1045 2956 verbu
1064 2909 1137 2971 infra
1154 2905 1199 2973 (cl.

250 2980 302 3024 not.
317 2971 350 3038 e.)
367 2977 450 3025 minos
468 2984 526 3039 apte
540 2979 629 3040 posita
647 2977 689 3026 hie
708 2977 849 3034 excidisse,
864 2977 953 3040 palum
971 2985 1023 3034 est‚·
1044 2994 1102 3027 nam
1120 2985 1146 3028 et
1162 2980 1200 3028 sic

250 3045 347 3094 demum
360 3053 433 3096 recta
451 3048 565 3110 efficitur
582 3048 709 3096 sententia
727 3053 751 3095 et
766 3061 814 3095 cur
832 3047 856 3095 h.
871 3049 888 3095 l.
904 3053 965 3110 poet
978 3049 1001 3109 ς.
1016 3060 1036 3100 e.
1056 3057 1152 3114 apator
1170 3049 1201 3098 de

250 3115 400 3174 hereditate,
415 3132 480 3180 quae
494 3133 510 3168 a
526 3117 614 3166 liberis
628 3117 663 3166 cd
675 3123 780 3166 matrem
794 3118 833 3166 uel
847 3133 863 3165 a
881 3124 962 3166 preire
976 3119 1012 3168 ud
1030 3118 1125 3169 liberos
1139 3133 1200 3182 per·

250 3186 327 3245 venit,
341 3188 503 3252 intellipitur.
568 3185 589 3252 8)
604 3202 628 3236 α.
643 3198 689 3237 178.
754 3183 776 3252 ⁰)
791 3194 817 3236 ut
831 3188 882 3235 sine
897 3189 920 3236 in
935 3203 1029 3238 manum
1043 3191 1200 3238 conuentione

255 3256 312 3306 Vct.
329 3257 385 3307 edd.
419 3257 471 3307 Sed
488 3259 536 3308 hoe
554 3273 644 3306 novum
663 3259 704 3306 ius
721 3271 801 3321 ecque
820 3257 920 3307 calebat
940 3260 967 3306 in
981 3267 1075 3318 matre,
1094 3275 1160 3324 quac
1174 3261 1200 3308 in

250 3344 349 3377 aetenum
368 3335 534 3385 convenerat,
558 3327 649 3377 deinde
668 3329 844 3392 remancipatio
863 3336 938 3392 atque
957 3331 984 3378 in
1003 3345 1048 3388 ea,
1067 3345 1132 3394 quae
1152 3345 1200 3380 aon

251 3405 411 3448 convenerat.
437 3398 746 3460 Vid.not.tudhune§.
800 3395 831 3464 ¹⁰)
849 3399 886 3462 Cf.
900 3398 957 3449 Gai.
968 3412 989 3458 a,
999 3409 1032 3451 at.
1045 3415 1088 3464 pr.
1099 3402 1139 3462 ἓξ.
1150 3413 1170 3452 e.
1180 3412 1200 3451 a.

250 3467 272 3516 I.
292 3469 323 3519 de
341 3468 388 3519 SC.
407 3468 511 3518 Tertuli.
531 3467 566 3535 (u,
586 3467 616 3534 u).
642 3468 716 3519 Paul.
735 3482 761 3526 4,
781 3481 801 3520 9.
821 3470 860 3530 ἐξ.
876 3482 887 3519 1
902 3484 952 3533 seq.
1021 3467 1053 3537 ¹¹)
1067 3471 1201 3520 Hadriani

251 3539 404 3602 temporibus
415 3540 496 3602 facto.
