2692 4114
272 222 336 288 500
558 241 625 278 1ch
642 240 737 278 ravani
755 241 826 278 anna.
845 224 892 279 lii.
911 230 935 278 d.

269 373 333 428 dum
349 379 438 428 totum
453 365 599 427 debetur:¹
615 371 764 441 dimidium,
778 373 802 428 si
816 387 866 446 per
880 371 1087 428 uindicationem
1102 372 1224 447 legatum

270 448 341 524 sit3²
357 463 454 524 totum,
470 457 493 510 si
508 469 557 528 per
571 455 778 512 damnationem.

587 533 627 616 [3.
652 539 778 596 Canenti.
795 539 824 612 6,
841 531 902 616 9.]³

332 619 363 679 4.
385 615 543 678 ⁴(iammoni
558 639 640 680 seruo
656 639 717 679 cum
732 621 857 679 libertate
877 633 905 682 et
925 625 984 680 sine
998 622 1123 680 libertate
1137 623 1226 698 legari

270 715 372 782 potest,
389 714 532 780 totumque
547 707 666 781 legatum
678 708 753 763 socio
764 709 902 765 testatoris
913 709 1069 781 acquiritur.
1098 705 1127 766 d.
1143 702 1226 764 ⁶Post

270 799 385 846 mortem
401 789 508 847 heredis
524 789 610 865 legari
626 807 680 846 non
691 799 792 863 potest,
808 793 869 864 quia
881 791 946 848 nihii
960 792 992 847 ab
1005 791 1105 848 herede
1116 791 1225 848 heredis

270 875 387 949 relinqui
409 883 510 948 potest.
559 870 588 932 θ,
619 867 666 929 ⁶1n
690 876 784 930 mortis
807 884 914 949 tempus
936 875 1036 932 'tamen
1058 877 1118 932 siue
1140 891 1224 949 quum

271 959 351 1016 heres
367 952 500 1026 decedat,⁷
516 957 606 1032 legata
617 957 735 1016 conferri
750 967 875 1032 possunt,
888 960 941 1016 hoc
955 958 1052 1014 modo:
1067 973 1161 1017 aveto
1177 975 1225 1016 rr·

271 1059 334 1107 rto,
358 1057 420 1101 ovu
443 1037 592 1115 ’(neaas)⁸
614 1055 785 1113 nomenve,
807 1058 850 1101 no
865 1058 948 1102 nano
964 1052 1010 1099 aut
1024 1057 1125 1100 uanas
1141 1057 1224 1101 nave

270 1143 354 1185 nana
375 1142 500 1184 arunas
522 1142 611 1184 asro.
661 1121 686 1181 7.
710 1117 780 1182 ⁹Per
802 1126 1007 1183 uindicationem
1030 1127 1149 1200 legatum
1172 1128 1225 1183 etsi

270 1211 391 1267 nondum
407 1211 577 1266 constituerit
592 1211 739 1283 legatarius
754 1209 787 1264 ad
802 1226 831 1265 se
846 1212 997 1283 pertinere,
1012 1218 1094 1283 atque
1108 1212 1145 1266 ita
1161 1219 1225 1284 post

270 1303 376 1367 apertas
393 1286 528 1349 tabulas¹⁰
542 1302 604 1350 ante
619 1293 716 1349 aditam
731 1293 906 1351 hereditatem
921 1294 1079 1366 decesserit,
1094 1293 1127 1350 ad
1142 1294 1220 1350 here·
1235 1310 1293 1359 [toa]

271 1377 331 1434 dem
347 1393 426 1433 suum
441 1379 606 1434 transmittit.
1110 1383 1115 1392 ·

466 1454 509 1537 [L.
528 1461 576 1520 19.
600 1461 636 1517 Ι).
652 1462 687 1516 de
702 1468 760 1532 opt.
773 1464 871 1535 tapeta
887 1456 951 1535 (33,
967 1454 1023 1538 5).]

335 1541 364 1600 ἃ
391 1535 451 1600 ¹¹Si
466 1560 510 1601 res
526 1543 644 1617 obligata
659 1545 803 1616 creditori,
825 1547 902 1601 cuius
918 1561 1024 1601 causam
1038 1552 1155 1602 testator
1168 1561 1225 1602 non

270 1629 417 1702 ignorauit,
433 1643 482 1702 per
497 1627 692 1684 damnationem
706 1629 795 1702 legata
810 1629 862 1699 sit,
886 1628 962 1684 tuitio
978 1629 1011 1685 ad
1026 1629 1133 1685 heredis
1147 1629 1224 1686 solii·

345 1813 365 1882 ¹)
380 1814 476 1865 Deberi
489 1815 565 1864 etiam
579 1814 611 1863 de
621 1813 653 1864 do
664 1815 720 1878 iepo
730 1816 814 1878 tepata
829 1821 898 1864 recte
907 1815 1013 1864 dicitur.
1052 1811 1073 1880 ¹)
1089 1814 1142 1864 Nec
1156 1813 1223 1866 soro

274 1886 423 1938 Neroniana
437 1888 521 1935 altera
531 1899 599 1948 para
614 1886 788 1948 confirmatur,
799 1886 868 1950 quod
876 1887 958 1935 lacum
967 1885 1050 1943 itabat,
1061 1885 1104 1934 ubi
1113 1887 1224 1950 tepatum

272 1957 303 2008 ab
318 1957 396 2007 cerba
409 1958 492 2006 minus
505 1962 566 2006 rata
580 1970 631 2005 non
645 1957 729 2010 calet:
742 1955 791 2006 iac
804 1970 865 2006 cera
875 1957 949 2008 vaiet.
1002 1952 1022 2020 8)
1039 1955 1103 2006 Part
1112 1955 1178 2008 diem
1187 1959 1223 2006 ie·

269 2031 327 2094 pati
340 2028 468 2078 cedentem
482 2028 542 2076 iicet
556 2027 666 2090 tapetum
679 2025 715 2074 ad
723 2025 840 2076 heredem
849 2027 1047 2084 transmittatur,
1062 2033 1144 2074 tamen
1154 2029 1224 2077 actia

271 2097 306 2164 (si
319 2106 344 2148 et
358 2099 413 2147 dica
427 2095 548 2162 venerit),
563 2111 628 2160 quae
643 2096 764 2146 inchoata
778 2111 829 2146 non
846 2103 896 2155 est,
916 2110 966 2145 non
981 2097 1177 2155 transmittitur,
1197 2104 1226 2147 ut

269 2170 374 2233 fructus
392 2183 490 2232 quoqne
508 2167 599 2216 heredi
616 2166 770 2226 debeantur,
789 2167 850 2230 quia
869 2166 989 2216 inchoata
1007 2167 1104 2216 demum
1122 2169 1224 2217 actione

272 2247 356 2288 utrum
365 2239 500 2287 vindicare
510 2238 653 2302 lepatariur
662 2253 696 2285 an
707 2237 843 2286 condicere
851 2239 968 2298 uoluerit,
976 2236 1121 2286 diiudicari
1131 2245 1224 2300 potest.

272 2310 304 2359 L.
319 2321 353 2361 tt.
372 2311 395 2370 ἓ.
411 2319 431 2359 a.
450 2309 482 2356 D.
497 2308 529 2356 de
543 2309 591 2371 lep.
607 2319 627 2357 a.
665 2307 710 2356 Ad
728 2309 837 2372 lepatnm
851 2321 902 2370 per
920 2307 1118 2372 vindicationem
1142 2309 1225 2372 ipitur

273 2379 338 2428 itaec
351 2379 477 2428 sententia
491 2379 600 2426 manime
614 2378 755 2440 reserenda
768 2384 815 2436 eat,
829 2377 897 2440 qnod
909 2392 944 2426 erc
954 2379 1166 2440 interpretatione
1174 2377 1223 2428 SO.

273 2447 418 2498 Neroniani
435 2449 511 2497 etiarn
527 2462 576 2509 per
595 2448 782 2498 condictionem
796 2449 853 2510 peti
866 2454 978 2510 poterat.
1008 2447 1124 2496 Ceterum
1142 2450 1225 2512 mrum

272 2521 383 2582 Iapetum
392 2519 432 2566 cel
442 2532 492 2580 per
502 2517 689 2566 damnationem
701 2519 769 2567 sicut
775 2519 996 2581 fideicommissum
1005 2519 1081 2567 etiam
1090 2519 1225 2583 ipnoranti

272 2589 376 2651 acquiri
389 2588 495 2651 ideoque
506 2594 566 2650 post
576 2587 641 2636 diem
652 2588 779 2637 cedentem
789 2589 825 2637 ad
834 2588 951 2638 heredem
960 2589 1100 2637 manamitti
1109 2588 1224 2638 dubitari

273 2673 324 2707 nan
338 2656 419 2709 debet.
439 2655 470 2706 L.
486 2668 519 2708 tt.
539 2658 562 2718 θ.
577 2669 596 2708 t.
617 2657 649 2705 D.
670 2659 715 2720 qni
732 2665 827 2707 testam.
848 2656 897 2723 (28,
915 2655 945 2724 t).
969 2657 1002 2707 L.
1017 2659 1063 2707 ult.
1081 2657 1105 2707 0.
1121 2659 1223 2722 quando

272 2727 329 2778 dies
343 2729 391 2792 lep.
407 2726 438 2791 (e,
453 2725 497 2791 aa).
562 2723 583 2790 ⁴)
600 2726 638 2790 Of.
657 2727 712 2790 Uip.
728 2741 752 2785 1,
767 2740 800 2779 ιε.
820 2739 854 2786 m,
869 2740 902 2779 ao.
922 2728 953 2776 L.
969 2740 1002 2780 ιε.
1024 2729 1056 2777 D.
1071 2729 1103 2779 de
1116 2736 1184 2779 auct.
1199 2736 1224 2778 et

272 2813 342 2848 cons.
358 2798 402 2861 (ie,
417 2797 448 2861 8).
467 2797 499 2848 L.
515 2809 548 2847 11.
567 2796 599 2845 D.
615 2797 647 2846 de
661 2799 763 2861 optione
777 2801 824 2863 lep.
840 2796 885 2862 (tt,
899 2795 930 2862 t).
950 2798 982 2848 L.
998 2809 1031 2850 et.
1046 2800 1069 2860 ξ.
1084 2809 1103 2848 a.
1127 2797 1159 2846 D.
1170 2813 1223 2862 pro

270 2883 324 2920 soc.
339 2865 384 2933 (tt,
398 2865 430 2933 a).
450 2867 481 2916 L.
496 2879 523 2918 te
533 2883 577 2931 pr.
592 2867 624 2916 D.
639 2868 675 2917 ad
688 2871 735 2933 lep.
748 2868 818 2918 hieto.
830 2867 874 2933 (aa,
884 2867 915 2932 a).
930 2895 965 2905 —
981 2868 1050 2918 Oica.
1062 2868 1190 2931 different.
1203 2882 1223 2929 1,

273 2949 293 2989 t.
308 2949 328 2988 8.
380 2935 402 3003 ὁ)
419 2937 456 2999 Os.
475 2937 531 2986 Gai.
547 2948 567 2994 a,
582 2947 628 2988 aaa.
653 2937 708 3002 Uip.
723 2949 757 2996 tt,
772 2951 804 2990 te.
865 2935 941 3003 θ)0[.
959 2937 1223 3002 autoretatem.

271 3011 330 3058 item
344 3007 457 3071 Interpr.
473 3008 496 3056 i.
512 3009 528 3056 l.
563 3005 604 3056 ‘Si
618 3010 675 3072 quis
687 3009 789 3072 faciens
807 3015 979 3058 testamentum
993 3010 1114 3074 ininnpat
1126 3009 1224 3068 heredi,

272 3085 428 3142 attempore,
443 3093 493 3142 qna
507 3079 561 3142 ipse
571 3079 646 3128 lieres
655 3081 772 3138 moritur,
787 3081 897 3143 tapetum
907 3081 1034 3144 tepoterio
1044 3080 1141 3138 tradat,
1156 3082 1226 3130 ualet

272 3146 402 3214 tapetum!
469 3145 489 3212 ⁷)
503 3147 613 3212 Scripsi.
637 3157 685 3199 tam
699 3165 755 3198 suae
770 3163 840 3214 quam
854 3149 950 3198 heredis
965 3150 1016 3198 eins
1030 3149 1088 3199 edd.
1103 3157 1151 3199 tam
1165 3150 1225 3214 (tam

271 3221 296 3269 in
312 3219 373 3269 aad.
389 3218 482 3285 aliqui)
492 3235 534 3268 sua
545 3217 595 3285 (cel
608 3219 686 3286 snam)
696 3234 765 3284 quem
780 3219 875 3268 heredis
886 3220 937 3268 eius
949 3219 1010 3269 Odd.
1063 3217 1225 3285 ⁸)Suppievi,

271 3297 300 3340 ut
312 3292 455 3355 suppletum
469 3297 507 3340 eat
521 3290 552 3339 L.
566 3303 634 3353 apr.
654 3291 686 3339 Ι).
702 3291 805 3354 quanda
819 3290 875 3339 diee
888 3287 937 3354 (et,
952 3290 983 3352 a).
1011 3290 1112 3340 Deinde
1125 3291 1226 3340 moritur

270 3362 311 3411 ed.
326 3361 359 3410 A.
374 3368 492 3426 typorum
506 3362 602 3411 nanda.
689 3358 711 3424 ⁰)
724 3359 858 3425 Intetiipe:
875 3361 952 3409 etiam
961 3375 1013 3423 per
1026 3361 1225 3411 vindicationem

270 3434 319 3496 lep.
350 3431 388 3495 Os.
405 3431 669 3493 danamarcam.
691 3433 713 3492 §.
724 3441 757 3482 ta.
777 3429 846 3480 I.de
859 3432 907 3495 lep.
923 3428 998 3496 (mo)
1017 3437 1131 3495 etrupra
1142 3439 1192 3483 not.
1204 3443 1224 3483 t.

274 3498 307 3564 ¹⁰)
323 3502 361 3564 Of.
376 3500 408 3551 L.
424 3517 467 3552 nn.
481 3503 504 3563 ξ.
520 3513 540 3552 ι.
562 3501 587 3550 0.
602 3501 634 3550 de
649 3502 739 3550 cadnc.
755 3502 808 3551 tait.
824 3501 855 3567 (e,
869 3499 913 3566 tl).
973 3497 1007 3565 ¹¹)
1023 3500 1062 3565 Of.
1077 3503 1101 3564 ἓ.
1115 3511 1136 3554 t.
1155 3500 1178 3551 I.
1193 3502 1225 3552 de

271 3572 319 3634 tea.
335 3570 366 3636 (e,
381 3571 425 3636 eo).
