2680 4112
562 244 590 280 tl.
608 241 746 278 Aur1sr1vs
764 242 856 280 miro.

478 415 526 481 Me
544 411 774 480 ANTISTIVS
796 411 942 478 LABEO

577 519 644 587 (vixit
658 521 702 570 sub
715 520 839 584 Augusto).

529 621 570 676 lle
591 622 667 676 inre
688 618 887 693 pontificio.

290 731 314 791 1.
338 729 521 787 ‘Procurrunt’
535 731 699 803 promittunt
714 729 751 784 ait
765 725 916 800 siguificare
931 727 1067 782 Antistius
1082 725 1115 782 de
1130 727 1191 782 iure

127 856 129 860 ,
228 813 376 891 pontificali
391 813 410 870 l.
428 813 503 870 Vllll.
517 843 560 853 -
574 811 646 869 Fest.
664 829 688 869 v.
703 811 862 867 Prooullunt
877 827 904 884 p.
922 807 995 868 253.

291 897 320 956 2.
343 899 488 972 ‘Spurcum
510 897 603 952 uinum
624 905 675 966 est,
696 895 769 968 quod
790 897 873 950 saeris
895 893 1015 950 adhiberi
1031 909 1086 949 uon
1100 892 1189 963 lieet'‚

230 992 259 1040 ut
281 984 318 1040 ait
332 981 420 1038 Labeo
436 982 568 1036 Antistius
589 980 607 1036 l.
624 979 653 1034 X.
675 979 860 1036 commentarii
880 978 946 1034 iuris
966 974 1113 1052 pontificii,
1133 971 1190 1032 ‘oui

232 1083 300 1140 aqua
315 1067 431 1122 admixtu
446 1073 499 1136 est,
514 1064 687 1120 defrutumue
702 1071 748 1118 eut
761 1064 826 1136 igue
840 1069 941 1118 tectum
956 1069 1009 1132 est,
1023 1069 1246 1131 mustumue‚[4n]

228 1160 369 1224 antequam
385 1147 577 1208 deleruesoat'.
593 1178 634 1188 —
649 1145 721 1202 Fest.
737 1163 761 1201 v.
777 1145 909 1220 Spurcum
925 1163 953 1218 p.
970 1145 1041 1202 348.

291 1231 321 1292 3.
344 1233 426 1289 ‘Pron
451 1231 520 1288 bona
547 1248 612 1302 uox,
639 1231 694 1286 'uel
713 1237 743 1286 ut
764 1229 886 1304 quidam,
912 1228 997 1302 probe
1017 1221 1189 1302 significor&

229 1315 362 1387 uidetur’‚
387 1324 419 1372 ut
443 1317 481 1374 eit
493 1314 583 1372 Labeo
609 1315 642 1370 de
667 1316 726 1370 iure
746 1311 886 1387 pontificio
907 1313 926 1368 l.
949 1312 991 1370 lli.
1006 1339 1050 1352 -·
1064 1311 1137 1372 Fosi.
1160 1327 1185 1366 v.

228 1401 300 1457 Pron
314 1419 342 1474 p.
358 1397 430 1456 253.

291 1483 320 1542 4.
344 1481 446 1538 Sistere
466 1482 525 1537 lene
545 1498 607 1538 oum
626 1484 655 1536 in
675 1480 742 1536 urbe
765 1479 904 1536 condendo
919 1479 1034 1550 dieitur,
1055 1476 1192 1552 signifieat

228 1567 286 1624 looa
301 1567 329 1621 in
345 1565 445 1639 oppido
461 1564 615 1621 futurorum
635 1564 760 1620 fenorum
776 1565 951 1626 constituere.
983 1554 1191 1637 quemiquaml²

229 1651 360 1706 Antistius
380 1647 469 1704 Labeo
490 1650 527 1705 eit
546 1649 574 1704 in
595 1649 788 1704 commentario
809 1647 863 1703 XV.
885 1647 950 1702 iuris
966 1643 1109 1720 pontificii,
1130 1645 1191 1700 lanu

228 1735 326 1790 sistere
346 1750 406 1788 esse
428 1733 593 1789 lectisternio
608 1734 689 1788 certis
704 1731 772 1788 locis
787 1739 815 1786 et
830 1731 881 1788 diis
896 1730 1004 1788 hebere.
1019 1759 1061 1770 -
1075 1729 1150 1786 Fest.
1163 1746 1189 1784 v.

228 1817 329 1874 Sisiere
343 1835 370 1888 p.
384 1814 456 1876 351.

290 1897 318 1957 b.
343 1892 493 1972 ³Subigere
519 1901 629 1968 arietem
655 1901 684 1954 in
706 1898 800 1954 eodem
822 1896 892 1953 libro
915 1896 1048 1952 Antistius
1070 1911 1131 1952 esse
1152 1897 1190 1950 ait

228 1983 292 2040 dare
313 1986 439 2052 arietem,
461 1984 506 2058 qui
527 2000 579 2056 pro
594 1999 623 2038 se
638 1989 748 2057 agetur,
769 1981 906 2038 caedatur.
926 2009 961 2020 -
979 1979 1052 2035 Fest.
1070 1997 1095 2039 v.
1111 1977 1190 2034 Subi-

227 2084 292 2142 gere
307 2086 335 2142 p.
352 2065 424 2124 351.
1055 2122 1058 2126 .

289 2147 318 2208 6.
342 2145 429 2207 Labeo
440 2152 607 2224 sexagesimo
620 2158 647 2206 et
659 2157 756 2206 octauo
769 2143 858 2203 libro⁴
873 2145 974 2219 intulit,
987 2148 1038 2202 uisi
1050 2145 1189 2220 Neptuno,

227 2235 344 2308 Apollini
366 2242 393 2288 et
413 2233 490 2289 Morti
511 2241 617 2289 taurum
638 2247 694 2288 non
713 2231 856 2287 immolari.
876 2260 917 2271 —
941 2229 1057 2286 linorob.
1078 2230 1136 2286 Sat.
1158 2229 1188 2305 3,

228 2318 277 2376 1o.
295 2313 324 2390 ς.
339 2315 369 2372 1.

420 2429 463 2486 lix
484 2429 607 2486 iisdem
629 2431 750 2507 librisj
772 2439 809 2486 ut
831 2425 1001 2488 videtur.⁵

289 2535 317 2595 7.
340 2534 559 2612 Plelosimerium
582 2555 642 2594 esse
660 2541 697 2594 eit
712 2541 843 2595 Antistius
859 2540 955 2596 Labeo
969 2544 999 2596 iu
1019 2542 1094 2598 l...
1117 2541 1192 2597 iuris

226 2622 393 2706 pontificalis
407 2623 568 2696 pomerium,
588 2623 615 2678 id
631 2631 672 2678 est
686 2623 781 2680 loeum
793 2641 850 2694 pro
864 2641 957 2696 muro,
976 2627 1027 2696 qut
1040 2628 1190 2694 auspicato

301 2781 321 2850 ¹)
335 2783 452 2849 Seripri;
466 2785 531 2834 uelut
540 2785 635 2848 quidem
645 2786 837 2848 praesignliloere
847 2787 905 2836 edd.
931 2786 970 2850 Of.
984 2787 1061 2836 Paul.
1076 2803 1100 2836 a.
1107 2801 1190 2850 prou.

229 2853 251 2920 ²)
265 2853 395 2918 Suppleui.
431 2851 451 2918 ³)
468 2855 506 2918 Cf.
520 2870 601 2919 supra
615 2855 647 2904 L.
664 2855 778 2905 Cincium
793 2868 826 2906 10.
866 2853 888 2921 ⁴)
903 2856 947 2905 An
961 2858 1029 2906 turis
1041 2859 1193 2921 pontificii?

227 2941 262 2974 ou
277 2924 391 2974 omnibus
404 2928 460 2974 eius
474 2924 549 2974 libris
563 2927 711 2984 numeratis,
729 2941 793 2990 quos
806 2927 1011 2990 quadringentos
1021 2927 1107 2990 fuisse
1121 2927 1154 2976 J..
1170 2940 1190 2978 2.

228 2997 251 3056 5.
266 3005 300 3044 tt.
320 2994 352 3043 D.
367 2996 399 3044 de
413 2997 479 3060 erip.
495 2997 545 3044 iur.
561 3007 581 3056 1,
596 3007 616 3046 2.
636 3002 745 3044 testatur
759 3002 784 3044 et
797 2998 824 3044 in
839 2995 931 3060 qulbus
949 2999 1026 3046 etiam
1040 2997 1104 3046 libri
1122 2999 1193 3046 iuris

223 3065 354 3129 pontificii
367 3067 423 3114 siue
436 3063 514 3114 dubio
528 3064 622 3129 digesti
639 3067 731 3114 aaut?
744 3065 792 3130 (Os
812 3065 844 3114 L.
859 3078 879 3116 2.
895 3068 918 3128 5.
932 3078 967 3116 14.
982 3065 1039 3132 ib),
1055 3067 1194 3117 Posterius

227 3135 313 3183 malim
327 3136 486 3184 eoeistimare.
520 3132 540 3199 ⁶)
554 3135 586 3183 Iu
594 3135 635 3184 bie
642 3135 785 3184 Labeonem
796 3143 910 3184 nostrum
919 3138 996 3185 etiam
1006 3137 1037 3185 de
1047 3137 1193 3202 dtiseyisse

227 3209 253 3253 et
262 3218 313 3266 per
326 3218 354 3252 se
368 3206 506 3253 uerisimile
520 3211 558 3253 est
571 3211 596 3254 et
610 3212 712 3254 constat
727 3221 761 3254 eoo
772 3205 899 3268 fr.15.2o.
923 3205 960 3255 At
968 3207 1046 3255 etiam
1055 3206 1194 3257 Cornelius

227 3273 814 3340 quidamLabeobouarpumeutumtbeoloqiea
819 3277 916 3338 potius,
924 3277 1071 3335 arridetur,
1079 3280 1193 3336 ratione,

227 3343 401 3406 compluribus
411 3343 485 3394 tibris
494 3352 618 3394 eaeeoutue
632 3353 697 3406 erat,
711 3345 743 3394 de
757 3344 848 3410 quibus
862 3345 913 3394 uid.
929 3345 1047 3396 Maerob.
1057 3345 1113 3396 Sat.
1125 3359 1147 3409 1,
1158 3360 1193 3398 12.

228 3425 261 3464 16.
274 3425 307 3465 18.
321 3426 342 3476 e,
356 3426 377 3464 4.
406 3413 442 3463 Et
454 3415 497 3465 bie
511 3417 612 3479 quidem
625 3415 693 3464 buno
703 3414 847 3465 Labeonem
860 3415 950 3465 addito
961 3415 1077 3466 Cornelii
1090 3419 1194 3468 nomine

227 3483 320 3547 ubique
334 3501 351 3533 a
365 3492 453 3534 nostro
467 3493 590 3536 aeeurate
603 3486 737 3534 disceruit.
769 3485 839 3534 Aliis
853 3500 913 3534 uero
928 3487 987 3534 item
997 3488 1195 3550 posterioribus

226 3555 331 3615 saepius
344 3553 431 3606 Labeo
445 3557 596 3619 simpliciter
611 3555 734 3604 laudatur
746 3556 930 3604 sententiarum
944 3563 1047 3616 auctor,
1057 3571 1124 3620 quae
1134 3561 1193 3622 ple-
