2680 4112
494 274 496 279 ’
557 289 644 327 amre.
1019 279 1080 343 151

82 411 228 494 [ffiubique
246 411 445 488 proconsulem
462 412 574 466 tantum
591 413 737 480 nominare
754 415 800 468 vel
817 418 986 484 praetorem,
1004 421 1082 473 cuius

121 479 261 555 pleraque
272 477 366 556 edrcta
377 479 527 548 proconsul
538 484 685 548 receperat
697 481 763 547 (Cic.
774 482 810 536 ad
818 483 905 538 Attio.
917 492 941 550 6,
952 493 975 540 1.
985 490 1008 550 6.
1020 491 1081 554 la),

122 547 221 598 mirari
239 561 296 598 non
314 544 388 601 licet.
424 545 466 600 De
484 545 670 614 Bithynorum
692 565 759 603 vcro
783 550 813 602 61
834 549 999 605 Galatarum
1021 553 1082 608 iure

123 615 155 666 ut
173 610 261 664 Gaius
279 611 340 688 ipse
358 612 445 666 rerba
461 613 560 672 fecerit
576 616 765 680 nec-tantum,
783 619 816 670 ut
832 618 901 671 milri
939 635 1082 674 ersuasum

123 678 341 745 est,Hadr1ani
359 679 500 745 retulerit,
522 697 590 734 num
612 681 685 735 forte
708 683 794 736 etiam
812 683 842 742 Ἦ
861 687 921 738 Aris
953 703 1018 740 nem
1040 688 1082 740 id-

123 748 209 812 circo,
228 747 306 814 quod
322 747 527 824 Aegyptiorum
544 749 588 801 ius
606 749 733 827 posit-et
751 753 980 830 commemoravit
998 753 1081 817 (Gell.

122 813 1082 960 16111361161116161616,ῗῇ661161

123 951 214 1003 etiam
236 948 316 1003 Ictos
339 965 383 1001 rus
405 950 585 1018 peregrinum
608 951 715 1004 curiose
738 951 916 1019 inquisivisse
938 953 1081 1020 (1161126,

124 1023 149 1081 1,
166 1022 192 1072 4.
211 1013 257 1069 Fr.
274 1014 383 1070 Dosith.
403 1019 454 1080 12).
490 1015 591 1070 Cetera
608 1017 775 1072 Mommseni
793 1021 959 1088 argumenta
976 1025 1026 1074 aut
1042 1023 1083 1076 le·

123 1086 205 1138 viora
224 1083 291 1138 sunt
301 1084 353 1136 aut
364 1082 509 1150 eiusmodi,
526 1085 559 1137 ut
577 1085 663 1137 etiam
676 1085 738 1138 aliis
750 1085 928 1154 opinionibus
939 1087 1083 1142 firmandis

122 1150 260 1204 inservire
278 1149 396 1218 possint,
415 1166 501 1217 quare
520 1167 554 1204 ea
570 1151 685 1205 interim
696 1152 886 1206 missafacere
902 1153 994 1208 liceat.
1023 1155 1083 1209 Hoc

123 1233 193 1272 vero
217 1232 334 1285 quaero:
361 1217 543 1285 quamobrem
570 1219 600 1272 in
620 1218 677 1284 his,
700 1219 801 1288 quibus
830 1220 921 1286 locus,
950 1222 1000 1274 ubi
1022 1223 1084 1290 quie

123 1285 233 1350 scribit,
251 1284 357 1352 optime
376 1285 506 1352 cognosci
524 1285 609 1350 solet,
628 1286 698 1339 nihil
715 1287 873 1356 reperiatur
889 1288 918 1341 in
936 1287 1000 1342 Gaii
1018 1289 1083 1342 seri-

123 1353 195 1423 ptis,
215 1351 290 1420 quod
307 1351 402 1404 Asiam
419 1352 538 1420 prodat?
573 1353 662 1406 Immo
680 1354 750 1407 haec
767 1353 804 1408 ad
823 1353 934 1408 Italiam
952 1356 1083 1410 Romam-

125 1436 187 1488 que
209 1435 259 1472 nos
280 1418 420 1488 delegant.
458 1419 492 1472 In
514 1420 650 1488 exemplis
677 1421 872 1474 condicionum
894 1422 967 1476 hanc
988 1425 1082 1492 ponit:

76 1538 82 1546 ,
128 1487 170 1540 ‘si
186 1487 266 1539 navis
283 1501 315 1539 ex
325 1487 393 1539 Asia
409 1487 528 1540 venerit’
542 1485 583 1551 (L.
596 1494 637 1542 33.
651 1487 683 1545 D.
697 1488 732 1541 de
744 1489 839 1542 hercd.
853 1489 916 1546 inst.
936 1494 988 1556 (28,
1002 1491 1030 1556 6)
1048 1507 1083 1544 ex

126 1554 180 1608 lib.
202 1551 238 1605 ΙΙ.
261 1553 295 1607 16
315 1555 426 1608 testam.
449 1553 486 1607 61
513 1553 556 1608 61.
583 1557 671 1622 praet.
694 1555 755 1609 urb.
777 1555 807 1608 L.
830 1562 870 1609 72.
894 1556 926 1608 D.
950 1558 986 1611 de
1007 1558 1082 1612 fidei.

125 1627 185 1690 (46,
204 1625 233 1685 l)
252 1637 285 1674 ex
302 1621 349 1674 lib.
368 1621 418 1674 ΙΙΙ.
436 1621 471 1674 16
489 1621 522 1677 V.
538 1621 581 1683 O.)
600 1657 631 1666 -
650 1623 720 1676 miro
738 1623 831 1688 modo,
851 1624 874 1675 si
886 1623 995 1678 Troade
1013 1625 1083 1680 haec

124 1689 253 1756 scripsit:
271 1689 340 1742 item
357 1689 392 1740 ‘si
409 1689 489 1742 navis
508 1704 542 1742 ex
560 1687 657 1742 Africa
673 1691 793 1743 venerit’
813 1691 843 1743 et
858 1690 960 1744 hanes
982 1693 1083 1746 eciem:

125 1756 165 1810 ‘si
180 1757 321 1810 intereos
339 1756 388 1823 qui
406 1757 510 1809 Romae
529 1758 595 1824 (non
612 1755 731 1821 Troade)
750 1759 824 1824 sunt,
842 1757 907 1811 talis
926 1709 1083 1828 16161166-

123 1824 209 1878 latio:
229 1828 316 1878 Hodie
336 1827 489 1892 0611169166
507 1829 571 1877 dare
588 1829 734 1891 spondcs’?
752 1823 792 1890 (L.
809 1831 865 1878 141.
883 1829 923 1888 §5-
937 1831 961 1882 7.
978 1831 1002 1878 4.
1021 1826 1082 1882 coll.

123 1892 157 1946 L.
170 1897 203 1946 ⁷3
215 1907 257 1968 pr.
276 1890 311 1944 de
329 1889 363 1943 V.
383 1892 415 1944 Ο.
434 1895 485 1956 (46,
505 1891 540 1957 1.)
558 1906 593 1943 ex
609 1890 658 1944 lib.
677 1890 712 1948 ΙΙ,
731 1890 766 1944 de
780 1889 813 1944 V.
829 1889 871 1957 0,)
890 1893 920 1944 61
938 1891 973 1943 ‘si
989 1892 1021 1956 is,
1034 1894 1084 1958 qui

123 1959 169 2013 ita
195 1957 344 2026 stipulatus
369 1957 467 2011 fuerit:
495 1960 522 2010 X
547 1963 616 2012 milia
637 1962 736 2024 Ephesi
760 1964 825 2010 dare
846 1963 976 2024 spondes?
999 2001 1005 2014 .
1025 1998 1031 2010 .
1049 2001 1055 2012 .
1076 2000 1082 2013 .

124 2025 234 2080 Romae
255 2040 326 2094 pure
349 2024 388 2078 sic
411 2024 575 2078 intenderit’
599 2027 636 2091 (4,
654 2027 706 2090 63).
741 2023 875 2078 Similiter
896 2025 926 2077 in
949 2026 1085 2104 exemplis

125 2094 155 2147 ei
177 2093 243 2147 sunt
266 2095 295 2145 et
317 2093 346 2144 in
368 2092 436 2160 ipsis
457 2091 572 2160 quidem
594 2093 681 2145 etiam
704 2091 740 2144 ad
767 2091 890 2144 edictum
911 2093 1084 2160 provinciale

124 2159 207 2215 libris
225 2159 329 2212 fundus
345 2159 528 2224 Tusculanus,
546 2159 645 2212 vinum
664 2159 850 2236 Campanum,
867 2159 992 2212 triticum
1010 2160 1084 2213 Afri-

125 2245 206 2292 cum,
230 2227 253 2279 T
289 2227 316 2279 'a
337 2242 462 2295 purpura
484 2231 581 2294 (quam
603 2243 655 2279 usu
677 2227 770 2295 potrus
791 2226 948 2279 Romanam
969 2225 1084 2293 dixeris)

127 2295 170 2360 (L.
183 2301 225 2349 74.
271 2335 277 2346 .
296 2293 330 2347 de
348 2292 381 2347 V.
397 2292 428 2349 O.
448 2292 598 2358 (45,1).L.
618 2300 657 2348 17.
675 2311 717 2362 pr.
736 2293 769 2346 D.
788 2293 823 2347 16
842 2293 944 2346 condit.
964 2295 994 2346 et
1011 2293 1084 2348 dem.

126 2369 169 2426 35,
184 2369 208 2416 1.
221 2361 288 2415 Inst.
300 2367 326 2426 4,
339 2364 392 2424 53.)
414 2361 521 2428 etipse
539 2376 557 2412 a
567 2362 696 2428 praetore
709 2363 776 2426 (non
794 2375 812 2412 6
828 2359 1006 2427 proconsule)
1020 2378 1084 2414 cau·

125 2431 237 2484 tionem
258 2429 358 2496 petens
379 2427 411 2480 11.
428 2433 468 2480 11.
485 2427 517 2480 D.
542 2430 575 2480 ut
590 2427 645 2496 leg.
665 2431 723 2495 (36,
740 2431 779 2494 3).
816 2427 921 2492 Quibus
943 2429 1083 2494 convenit,

127 2497 220 2565 quod,
241 2511 297 2564 quo
319 2495 365 2548 die
382 2495 488 2548 Romae
513 2497 580 2560 (non
602 2495 632 2547 in
654 2494 817 2562 provinciis)
841 2496 908 2548 vota
924 2511 975 2563 pro
994 2495 1084 2550 salute

127 2564 308 2632 imperatoris
320 2561 516 2639 suscipiantur,
530 2563 648 2629 exponit
660 2560 703 2630 (D.
717 2567 776 2616 233.
789 2567 813 2626 §-
828 2569 850 2618 1.
862 2561 895 2619 D.
908 2563 943 2615 de
956 2562 989 2616 V.
1003 2561 1029 2616 S.
1042 2570 1084 2628 50,

125 2627 881 2765 111111111111111111116111111
895 2629 1084 2764 clusae

127 2773 152 2822 1.
170 2783 217 2835 pr.
237 2764 270 2822 D.
288 2737 364 2832 qriod
382 2735 488 2830 cuiirsq.
507 2762 583 2820 univ.
602 2770 625 2826 3,
638 2769 664 2816 4.
683 2762 712 2815 L.
727 2769 752 2816 5.
766 2763 799 2815 D.
818 2762 852 2816 (16
871 2737 957 2817 iurat.
975 2763 1027 2818 fur.
1042 2769 1084 2828 21,

127 2836 173 2900 10)
193 2833 225 2886 61
240 2832 331 2884 multa
348 2829 459 2884 similia.
496 2827 573 2894 Quae
592 2829 706 2896 quidem
724 2829 843 2907 singula,
861 2829 965 2896 fateor,
984 2846 1085 2898 parum

145 2899 259 2964 rabant,
277 2899 425 2952 coniuncta
442 2912 509 2950 vero
527 2911 608 2950 sturm
625 2897 732 2950 habent
754 2913 874 2950 maxrme
897 2898 933 2950 ad
954 2897 1085 2951 refellen-

125 2918 196 3021 dum
222 2967 405 3019 momentum.
445 2964 572 3029 Denique
599 2979 671 3032 quae
697 2966 765 3016 tunc
791 2965 853 3017 6161
878 2964 955 3017 urbis
978 2964 1085 3019 Romae

125 3034 290 3098 auctoritas,
308 3033 405 3106 legum
422 3032 541 3101 patriae,
558 3030 671 3151 imperii
687 3032 829 3107 totiusque
847 3031 1084 3099 iurisprudentiae

127 3102 218 3164 sedis,
255 3099 299 3153 uis
316 3099 425 3164 credat,
443 3099 597 3153 iurisconsu
609 3100 682 3162 tum,
705 3115 755 3166 qur
771 3099 816 3151 tot
832 3098 988 3167 insignibus
1005 3098 1086 3152 libris

125 3169 170 3222 ius
188 3168 216 3222 ci
238 3169 273 3221 'e
295 3166 459 3232 illustravit,
482 3167 586 3234 quique
609 3167 639 3220 61
657 3165 817 3220 Cassianum
841 3181 871 3218 se
888 3165 1039 3233 profitetur
1057 3167 1086 3220 61

125 3235 196 3290 11661
213 3251 271 3288 non
288 3251 307 3288 6
323 3234 350 3287 S.
367 3233 522 3301 Pomponio
547 3233 677 3287 Cassiano
699 3232 769 3286 item
792 3231 889 3286 ‘Gaius
910 3235 1016 3286 noster‘
1036 3249 1085 3300 ap·

125 3303 273 3372 peilatus,1
291 3303 388 3356 tamen
405 3299 600 3354 controversiis
618 3299 783 3365 scholarum,
802 3315 875 3367 quae
893 3298 999 3352 Romae
1016 3301 1085 3352 tunc

201 3476 221 3545 ¹)
236 3479 263 3528 L.
278 3490 312 3530 66.
333 3479 360 3528 D.
381 3479 411 3526 de
431 3478 509 3541 stipul.
531 3493 592 3527 serv.
613 3478 661 3544 (45,
676 3476 712 3542 a),
732 3478 772 3540 qui
791 3477 858 3526 locus
877 3489 932 3524 num
951 3474 981 3522 ad
1001 3473 1085 3522 Gaium

126 3557 237 3600 nostrum
256 3556 361 3612 spectet,
376 3563 421 3598 nec
435 3549 514 3612 potius
530 3549 559 3597 61
574 3549 599 3598 C.
615 3546 722 3596 Cassium
737 3548 880 3609 Longinum,
895 3552 950 3608 post
965 3545 1084 3608 disputata

127 3621 156 3669 de
170 3623 217 3670 hac
232 3635 259 3669 re
274 3620 329 3670 aG.
344 3621 375 3670 ll.
390 3621 480 3668 Ashero
495 3619 519 3666 in
529 3619 644 3668 zeitschr.
661 3620 675 3666 l.
687 3618 855 3680 Rechtsgesch.
871 3617 896 3664 V.
912 3630 936 3678 p.
950 3626 976 3667 86
986 3630 1036 3679 seq.
1051 3617 1084 3664 116
