2694 4110
283 131 340 196 784
492 147 590 186 aarum
609 149 661 186 tva.
681 149 742 186 non.
760 149 846 186 varro.
865 135 1014 186 ibo-253.

281 288 328 338 aut
343 278 442 335 iundos
458 285 504 334 aut
520 277 585 352 quid
600 279 720 336 eiusdem
736 281 844 353 generis
856 280 915 349 erit,
932 277 1024 335 sedem
1040 293 1113 335 nouo
1125 278 1238 336 domino

280 362 447 438 patefecerit.
479 357 530 436 (6.)
546 361 620 431 Quae
636 365 724 420 omnia
739 364 900 436 consignare
911 361 978 419 actis
993 361 1090 418 iudicis
1106 370 1238 437 praestat,

280 455 312 504 ut
333 462 376 502 res
398 445 544 502 multorum
567 446 716 519 mentibus,
740 446 840 522 oculis,
863 445 972 502 auribus
993 453 1106 516 testata,
1129 445 1238 503 nullum

281 529 400 604 eilupiat,
415 531 492 586 culus
507 538 555 586 aut
569 530 707 586 scientiam
721 531 819 603 capiat,
834 539 880 586 aut
894 528 1133 586 dissimulationem
1149 538 1237 604 tegat.

280 612 382 682 Quodsi
396 612 584 685 tedenderit,
601 615 644 670 oui
659 629 761 670 summa
776 614 932 687 prouinciae
944 613 1086 669 commissa
1098 621 1149 685 est,
1161 629 1238 670 mart·

281 697 361 755 detur
375 697 447 754 istud
463 699 666 770 magistratuum
682 698 762 770 actis,
783 704 865 771 atque
882 706 911 752 ut
926 695 1017 752 nullus
1033 697 1069 752 sit
1086 695 1237 754 subiciendi

281 787 327 838 aut
341 780 503 854 surripiendi
522 780 614 852 locus,
636 797 696 837 oum
717 781 840 836 alterutri
856 779 1027 836 commodum
1043 779 1094 852 sit,
1115 773 1236 837 'eorum¹

281 864 409 938 exemplis
428 863 509 920 iidem
530 865 703 939 magistratus
724 863 882 923 adscribant.
925 866 965 920 sic
983 863 1054 919 coint
1069 865 1237 922 conscientia

281 948 428 1004 multorum
443 950 624 1005 monumentis
638 947 801 1005 iudiciorum
812 964 843 1004 ac
857 947 1021 1022 populorum
1038 941 1236 1020 'perscriptis‚²

280 1031 356 1088 ’daut
369 1031 456 1087 litium
472 1024 565 1089 causa³
585 1031 767 1106 peruulgatis,
789 1029 912 1088 omnibus
928 1029 994 1086 iides
1009 1029 1165 1088 abstrusior
1179 1047 1236 1088 non

281 1116 341 1172 erit.
379 1111 430 1190 (7.)
452 1115 530 1172 'lelio
546 1117 615 1172 enim
631 1131 690 1172 esse
705 1123 815 1190 oportet
834 1107 1039 1172 ’dominiorum4
1053 1115 1144 1186 initia,
1167 1131 1236 1190 quo·

280 1215 339 1255 rum
355 1198 480 1255 diuturna
496 1199 634 1273 possessio
649 1215 730 1273 saepe
745 1199 864 1272 legitima
886 1199 1081 1272 proprietatum
1099 1199 1157 1255 iura
1172 1216 1235 1273 per-

280 1283 389 1355 iringlt:
408 1283 468 1338 talis
483 1277 572 1357 ’(επίί)6
586 1282 774 1340 liberalitatem
790 1283 929 1353 honestas,
946 1297 1025 1355 quae,
1041 1281 1111 1339 iocis
1121 1283 1234 1339 clamata

280 1363 418 1436 omnibus,
433 1368 619 1439 accipientium
635 1367 845 1439 donandumque
860 1359 1006 1422 'inutilia-⁴5⁶
1021 1365 1189 1422 liberalitatis
1205 1374 1236 1423 et

280 1448 381 1522 gratiae
396 1448 594 1523 praedicatione
614 1451 754 1523 conpleat,
777 1449 866 1506 ’simul
888 1441 943 1520 ιη,7
966 1465 1026 1506 oum
1049 1451 1084 1506 sit
1107 1452 1307 1518 eximiumrooo]

279 1532 411 1605 cuiusque
433 1531 534 1589 donum
556 1533 734 1608 promerendo
757 1533 876 1606 cepisse,
904 1534 963 1588 eius
985 1533 1137 1590 iucunditas
1158 1533 1235 1590 nulla

279 1615 367 1672 litium
390 1617 555 1674 tristitudine
577 1619 720 1673 minuatur.
767 1611 826 1694 (8.)
848 1615 950 1683 Quodsi
978 1611 1041 1671 ’ln⁸
1068 1618 1235 1690 expectanda

280 1713 358 1756 causa
373 1699 538 1774 dicendaque
553 1702 686 1758 sententia
701 1700 767 1757 orba
782 1699 889 1774 publico
907 1701 1068 1756 testimonio
1087 1699 1233 1757 liberalitas

279 1798 384 1840 caecam
400 1787 513 1858 gratiam
529 1783 716 1858 obscurasque
729 1792 824 1841 coetus
844 1783 1007 1857 prodiderit:
1031 1785 1158 1858 quoniam
1173 1784 1235 1842 sola

280 1867 352 1922 iraus
375 1871 483 1942 cognita
498 1875 553 1939 cet,
574 1884 679 1941 eorum,
702 1883 771 1943 queo
790 1867 886 1924 donata
901 1867 1037 1938 dicuntur,
1060 1876 1161 1924 temere
1176 1884 1235 1925 uon

174 1951 333 2021 [salesberii
347 1949 413 2009 fides
428 1944 597 2029 acciipienda,
617 1952 664 2008 sod
679 1969 709 2008 ea
725 1945 879 2008 'alienattob
891 1957 959 2007 rata
974 1951 1135 2024 habebitur,
1156 1969 1236 2026 quae

190 2027 261 2093 litt·
274 2035 391 2107 publice
403 2036 488 2108 sacta
505 2043 562 2108 cst,
587 2039 757 2109 reliquorum
778 2036 875 2091 reiecta
890 2035 933 2090 uel
949 2042 1083 2106 suspecta
1098 2036 1234 2094 habenda

279 2121 461 2194 elimatione,
480 2121 549 2176 licet
564 2122 737 2177 contendant
757 2120 894 2176 uniuersis
905 2118 1012 2190 studiis,
1030 2127 1103 2176 recte
1117 2127 1235 2193 recepto

277 2208 342 2261 iure
357 2205 409 2260 sibi
423 2205 559 2261 donatum
573 2217 650 2270 esse,
673 2207 821 2277 sopitoque
836 2205 907 2276 lepis
923 2201 1038 2259 Cinciae
1060 2204 1135 2275 iure,
1158 2205 1235 2278 quod

278 2287 428 2360 quibusque
439 2286 520 2343 rebus
530 2287 642 2344 donatis
656 2303 737 2344 suam
749 2286 959 2359 perfectionem
969 2283 1236 2358 praescribebat¹⁰

286 2370 388 2428 Verum
414 2377 511 2442 postea
539 2371 704 2444 perfectione
732 2370 854 2428 iacienda
884 2371 965 2426 nulia
991 2373 1049 2427 uisi
1077 2374 1236 2432 secundum

277 2460 395 2512 nostrae
415 2455 488 2524 lepis
506 2462 684 2525 praecepta,
707 2458 791 2510 etiam
806 2453 954 2511 uerborum
971 2452 1067 2510 deinde
1081 2470 1141 2512 esse
1157 2458 1235 2529 quic·

277 2552 356 2610 quam
370 2543 512 2606 aetarnae,
528 2539 604 2609 quod
617 2539 784 2595 donationes
799 2542 897 2596 ualeat
908 2540 1065 2609 perficere,
1087 2555 1151 2596 conr
1166 2544 1234 2612 ipsa

276 2621 338 2695 lege
360 2627 522 2676 commutata
543 2621 629 2678 uerba
650 2638 763 2695 quoque
783 2623 939 2680 secundum
954 2636 1016 2678 eam
1032 2630 1173 2694 concepta
1189 2629 1233 2681 ai-

275 2706 431 2761 testantia
447 2704 648 2761 donationibus
660 2712 727 2778 port
745 2705 889 2776 iaciendis,
910 2721 999 2778 neque
1019 2694 1101 2762 ullam
1117 2714 1233 2766 contro·

276 2790 401 2844 aternam
416 2788 615 2846 donationibus
625 2793 681 2846 iant
694 2788 786 2860 sactis
798 2792 928 2846 uolumus
938 2787 1067 2858 conflare,
1084 2806 1144 2846 cum
1157 2791 1233 2848 iutu-

350 2918 371 2986 1)
386 2919 431 2969 Eae
450 2921 477 2970 V
478 2921 498 2972 i.
514 2922 553 2971 ed.
569 2922 682 2973 Marones.
697 2937 778 2971 uerum
795 2922 852 2972 Vat.
864 2924 903 2973 ed.
914 2922 1007 2972 Hallw.
1060 2919 1141 2988 ¹)Sie
1154 2926 1234 2974 etiarn

277 2990 390 3042 Momrns.
405 2993 444 3042 ed.
465 2993 619 3055 praescriptis
639 2993 668 3041 V
685 2992 742 3042 edd.
817 2989 837 3056 ⁸)
853 3001 908 3042 ante
926 2993 1003 3042 litium
1022 2996 1233 3044 contestationem

275 3075 310 3111 eu
323 3064 356 3125 ej.
371 3063 411 3112 ed.
427 3062 542 3114 Mamme.
558 3069 598 3112 aut
616 3063 692 3112 litium
707 3077 778 3112 causa
798 3063 857 3112 Vat.
872 3065 929 3113 edd.
945 3069 1053 3114 ceterae.
1084 3064 1121 3127 Cf.
1137 3063 1171 3130 (t)
1182 3066 1232 3127 fin.

276 3130 297 3197 ⁴)
312 3133 461 3182 dominorum
480 3133 510 3182 V.
525 3131 565 3182 ed.
581 3133 694 3183 Monimo,
767 3131 789 3199 ⁶)
803 3133 910 3184 Addidi.
984 3129 1174 3197 ⁶)ItoBualtit.
1189 3136 1232 3184 ed.

276 3203 389 3254 iliomme.
405 3203 515 3254 familie*
534 3202 564 3252 V.
588 3204 686 3253 iamiiit'c
704 3205 743 3253 ed.
758 3203 851 3254 Hallw.
918 3201 1005 3271 ¹)Vi.
1020 3204 1059 3253 ed.
1076 3205 1189 3255 Momms.
1204 3214 1234 3256 ut

274 3289 321 3323 om.
342 3275 400 3324 Vat.
461 3271 483 3339 ⁸)
503 3271 608 3322 Vter.
624 3274 737 3324 Monate.
753 3276 776 3324 in
791 3290 837 3324 ora.
862 3274 920 3324 Vot.
994 3271 1016 3340 ⁰)
1031 3275 1176 3325 alienatione
1190 3276 1232 3328 ed.

274 3343 368 3394 Hallw.
396 3342 535 3407 Sequentia
549 3346 659 3394 restitui.
713 3341 745 3412 ¹⁰)
759 3344 806 3394 Ius
816 3346 951 3410 perfectae
966 3352 991 3395 et
1004 3346 1170 3409 imperfectae
1184 3346 1233 3397 do·

274 3415 388 3464 nationis
402 3416 457 3478 leye
474 3413 565 3464 Cirrata
579 3417 706 3464 sancitum
720 3415 797 3480 idque
811 3417 952 3480 aliquando
971 3429 1094 3482 expresse
1108 3415 1233 3467 abolitum

273 3495 328 3530 esse
351 3490 463 3546 apparet
477 3498 512 3533 erc
528 3483 591 3534 Nou.
606 3496 653 3536 tta.
668 3500 690 3535 e.
705 3497 725 3536 t.
736 3501 780 3549 pr.
795 3487 818 3547 ξ.
834 3499 853 3537 1.
