2680 4112
260 236 322 294 118
605 221 639 278 'c.
658 243 753 278 Aunws
771 241 873 278 onemo.

258 373 384 440 sanciret,
407 370 520 444 deorum
543 369 643 424 formas
665 367 781 442 insculpi
799 367 916 439 annulis,
939 372 1221 442 eousqueprocessit,

258 463 290 510 ut
308 462 346 526 et,
368 470 417 511 cur
436 455 464 508 in
484 453 537 509 boc
557 451 645 526 digito
660 452 705 507 uel
719 454 747 507 in
762 453 812 508 bac
827 469 907 507 manu
922 460 1077 526 gestaretur
1092 454 1220 526 annulus,

258 555 314 594 non
325 546 437 594 taceret.
461 536 601 606 ‘Veteres',
617 537 715 608 inquit,
728 533 794 591 ‘non
806 544 928 607 ornatus,
945 537 992 592 sed
1003 537 1128 610 signandi
1140 540 1270 593 causatori]

259 621 387 678 annulum
409 635 502 678 secum
524 619 754 677 circumferebant.
788 619 862 674 Unde
885 636 936 676 nec
956 620 1018 693 plus
1042 637 1121 694 quarn
1135 637 1220 677 unum

260 706 357 762 babere
372 704 480 776 licebat,
495 721 546 760 nce
561 705 685 776 cuiquam
701 705 751 758 nisi
766 702 861 764 libero.
896 702 982 776 'quod
998 720 1045 760 eos
1061 705 1136 760 solos
1151 703 1220 760 fides

260 783 399 861 deceret,¹
423 803 491 862 quae
514 787 655 861 signaculo
677 787 842 858 continetur,
864 787 926 842 ideo
946 789 989 842 ius
1004 788 1165 843 annulorum
1178 789 1220 844 ‹la-

260 873 325 928 muli
348 889 403 928 uon
423 870 567 929 hebebant.
604 869 807 944 lmprimebatur
829 878 918 926 autem
938 871 1078 944 sculptura
1094 874 1221 928 materiae

263 956 364 1024 annuli,
386 957 445 1011 siue
466 971 500 1011 ex
522 955 594 1010 lerro
616 955 675 1009 siue
697 969 730 1009 en
752 969 817 1010 auro
841 953 927 1022 ioret3
950 963 978 1010 et
1000 955 1167 1027 gestabatur,
1189 963 1222 1010 ut

260 1042 376 1114 quisque
391 1040 484 1108 uellet,
501 1055 661 1112 quacunque
676 1053 764 1107 manu,
782 1037 903 1110 quolibet
918 1038 1015 1112 digito.
1043 1038 1165 1110 Postea’,
1180 1043 1222 1094 in-

261 1125 330 1198 quit,
346 1123 423 1178 ‘usus
438 1123 597 1178 luxuriantis
612 1123 706 1176 aetatis
722 1123 874 1195 signaturas
889 1124 1016 1196 pretiosis
1031 1125 1143 1194 gemmis
1158 1139 1222 1179 coe-

260 1209 301 1282 pit
321 1207 485 1280 insculpere,
508 1214 535 1260 et
556 1207 677 1262 certatim
699 1206 763 1261 baec
783 1209 869 1260 omnis
891 1207 1003 1262 imitatio
1019 1206 1164 1276 lacessiuit,
1190 1215 1222 1262 ut

261 1291 295 1346 de
310 1297 455 1363 augmento
471 1290 561 1362 pretii,
584 1305 638 1362 quo
654 1287 815 1362 sculpendos
831 1289 934 1362 lapides
949 1299 1098 1362 parassent,
1122 1290 1221 1362 gloria·

261 1382 366 1430 rentur.
389 1373 459 1437 lline
473 1373 573 1428 lactum
588 1380 641 1444 est,
655 1380 687 1428 ut
698 1389 764 1428 usus
776 1373 936 1428 annulorum
949 1381 1070 1429 exemtus
1082 1373 1225 1451 dexterae,

261 1472 330 1530 quae
350 1456 464 1512 multum
484 1457 657 1529 negotiorum
677 1457 756 1529 gerit,
778 1457 806 1510 in
827 1456 928 1512 laeuam
950 1457 1129 1530 relegaretur,
1153 1474 1222 1532 quae

262 1540 378 1596 otiosior
398 1546 449 1610 est,
471 1555 505 1596 ue
520 1538 615 1596 crebro
630 1548 706 1595 motu
722 1547 750 1594 et
764 1537 855 1596 officio
871 1557 965 1596 manus
980 1540 1091 1598 dextrae
1105 1543 1221 1614 pretiosi

260 1623 363 1696 lapides
383 1623 581 1696 frangerentur.
620 1622 726 1678 Electus
749 1623 863 1694 autem’,
885 1625 982 1697 inquit,
1006 1623 1046 1680 ‘in
1066 1627 1124 1698 ipsa
1144 1626 1223 1681 laeua

260 1723 341 1763 manu
360 1707 460 1780 digitus
480 1708 589 1762 minimo
607 1709 746 1780 proximus
762 1709 838 1779 quasi
853 1709 942 1779 aptior
956 1710 1064 1784 ceteris,
1086 1710 1129 1787 cui
1143 1725 1222 1764 eom-

261 1790 435 1848 mendaretur
450 1790 541 1846 annuli
556 1792 721 1864 pretiositas.
754 1789 818 1846 Nam
833 1791 933 1863 pollex,
955 1793 1000 1864 qui
1016 1807 1113 1849 nornen
1128 1791 1160 1848 ab
1175 1809 1221 1862 eo,

261 1875 335 1949 quod
356 1874 452 1948 pollet,
472 1877 584 1948 accepit,
605 1891 655 1930 nec
675 1876 701 1930 in
722 1876 831 1930 sinistra
855 1883 952 1946 cessat,
972 1891 1023 1930 nec
1037 1877 1125 1932 minus
1140 1891 1221 1948 quam

260 1967 318 2016 tota
334 1975 429 2014 manus
445 1974 552 2033 semper
565 1960 594 2014 in
606 1956 695 2014 cilicio
707 1965 757 2014 est.
780 1958 851 2013 unde
861 1958 930 2030 apud
942 1963 1056 2014 Graecos
1068 1951 1223 2034 duatgaap',

260 2044 358 2116 inquit,
383 2044 520 2113 ‘uocatum
543 2045 619 2116 quasi
633 2059 728 2098 manus
744 2041 836 2101 altera.
860 2041 952 2098 Polllei
968 2059 1034 2099 uero
1051 2044 1156 2098 uicinus
1172 2059 1223 2100 nu·
1257 2081 1261 2088 -

260 2125 311 2182 dus
326 2135 354 2184 et
369 2128 427 2182 sine
442 2127 559 2182 tuitione
573 2126 686 2182 alterius
702 2127 818 2198 appositi
833 2124 987 2190 uidebatur;
1003 2142 1063 2181 nam
1078 2127 1170 2200 pollet
1183 2128 1222 2182 ita

259 2210 373 2266 inlerior
387 2217 439 2280 est,
455 2219 486 2264 ut
501 2211 546 2266 uix
561 2209 676 2264 radicem
691 2211 749 2264 eius
765 2208 886 2266 excedat.
908 2208 1025 2266 lledium
1040 2217 1069 2265 et
1082 2211 1222 2266 minimum

259 2294 440 2364 citauerunt’,
456 2294 551 2364 inquit,
568 2290 610 2346 ‘ut
621 2293 739 2364 ineptos,
755 2292 871 2348 alterum
879 2293 1072 2365 magnitudine,
1087 2293 1222 2350 breuitate

260 2375 386 2447 alterum,
400 2384 429 2432 et
443 2375 546 2432 electus
561 2381 613 2446 est,
629 2377 675 2447 qui
689 2375 721 2431 ab
737 2383 854 2448 utroque
869 2375 1002 2432 clauditur
1017 2385 1045 2432 et
1060 2380 1149 2434 minus
1160 2375 1221 2433 offi-

260 2461 294 2516 cii
315 2461 387 2533 gerit
408 2467 435 2514 ct
454 2458 517 2516 ideo
540 2457 674 2514 seruando
696 2459 795 2516 annulo
818 2461 904 2531 magis
926 2461 1143 2516 accommodatus
1155 2459 1223 2518 est'.

260 2541 331 2598 Haec
351 2549 426 2611 sunt,
448 2557 516 2614 quae
535 2540 616 2596 lectio
636 2541 798 2614 pontificalis
821 2541 969 2598 babet-
988 2543 1103 2600 llacrob.
1119 2543 1176 2602 Sat.
1192 2544 1224 2616 7,

262 2625 310 2682 13.
326 2625 353 2696 g,
372 2625 422 2682 11.

323 2722 364 2785 11.
387 2724 527 2780 Praeterea
542 2724 633 2798 Capito
649 2726 742 2781 Ateius
762 2727 892 2799 scriptum
911 2726 1030 2800 reliquit,
1052 2743 1140 2800 neque
1162 2729 1223 2784 eius

259 2809 400 2881 legendam
423 2807 503 2863 filiam
526 2811 574 2877 (sc.
598 2811 728 2882 virginem
751 2808 910 2880 Vestalem),
939 2812 985 2883 qui
1008 2809 1179 2867 domicilium
1195 2813 1223 2867 in

259 2891 335 2948 ltalia
355 2908 410 2948 non
426 2891 548 2964 baberet,
567 2901 595 2950 et
611 2892 788 2949 excusandam
803 2893 872 2964 eius,
894 2894 940 2966 qui
955 2893 1056 2950 liberos
1071 2903 1126 2951 tres
1142 2894 1215 2952 babe·

260 2983 312 3032 ret.
328 3005 369 3018 -
385 2975 452 3034 Gell.
472 2978 497 3043 1,
517 2976 564 3034 12.
582 2977 611 3048 S.
628 2977 658 3034 8.

322 3073 363 3134 le.
389 3070 448 3131 Διὰ
471 3073 501 3132 τί
519 3068 535 3133 ὅ
552 3071 647 3152 ἱερεὺς
662 3081 715 3130 τοῦ
767 3075 825 3132 Cur
849 3079 957 3150 flamen
984 3078 1090 3148 Dialia,
1126 3097 1224 3137 uxore

262 3153 335 3228 Διὸς
346 3151 558 3234 ἀποθανούσης
570 3152 651 3237 αὐτῷ
662 3163 714 3232 τῆς
766 3166 892 3230 mortua,
928 3163 1057 3232 flaminio
1090 3163 1226 3220 decedit?

258 3239 413 3320 γυναικός,
425 3238 584 3300 ἀπετίθετο
596 3238 652 3316 τὴν
662 3235 712 3318 dp·
765 3247 808 3298 sic
831 3247 903 3298 enim
925 3245 1026 3300 Ateius
1048 3247 1176 3302 tradidit.

333 3489 353 3555 ¹)
367 3506 427 3555 quos
446 3488 509 3553 (pro
524 3504 539 3552 p
554 3503 604 3550 eos,
619 3489 733 3554 utputo)
752 3489 816 3538 solos
835 3490 894 3538 fides
909 3489 1005 3540 deceret
1019 3490 1174 3556 (decerneret
1188 3499 1224 3545 al.

259 3561 407 3610 discerneret
421 3559 466 3624 ol.)
481 3558 519 3607 ed.
536 3558 593 3610 Ione.
