2700 4118
240 191 313 256 648.
430 211 488 248 aros.
507 213 546 250 sn.
566 215 626 250 sorr.
645 213 736 250 cneus
754 213 859 251 concur.
877 195 899 249 Ι.
917 201 995 250 2-5.

303 339 368 414 Kap.
385 340 416 397 ll.
438 341 563 400 Paulus
579 357 718 418 quoque
740 341 832 400 libro
855 345 976 417 quinto
997 347 1279 406 sententia-[⁵5⁰]

239 440 311 482 runa
333 423 394 480 sub
420 425 527 482 titulo
549 427 586 482 ad
608 425 979 501 legemCorneliamde
1001 429 1194 487 sicariiset

240 507 411 564 ueneiicis
433 504 556 566 dicit:¹
592 507 616 568 1.
639 509 693 568 Lex
712 509 835 567 Cornelia
857 527 971 585 poenam
992 511 1192 586 deportationis

239 590 337 665 infligit
352 593 391 662 ei,
415 595 461 668 qui
476 593 611 651 hominem
626 594 762 656 occiderit.
784 589 902 651 'eiusne²
921 596 960 652 rei
975 611 1064 668 causa,
1086 595 1191 654 lurtiue

239 674 352 732 faciendi
374 692 435 734 cum
457 676 513 734 telo
535 677 625 748 luerit,
650 670 755 751 'quinci
778 693 913 734 uenenum
935 679 1051 736 hominis
1073 681 1190 738 necandi

239 775 317 817 causa
339 759 473 832 habuerit,
496 761 657 834 uendiderit‚
679 763 824 836 pararent,
848 761 981 818 falsumne
1002 763 1191 820 testimonium

238 842 349 916 dixerit,
373 860 426 917 quo
450 846 509 918 quis
532 847 648 918 periret,
671 846 801 901 mortisue
816 861 921 901 causam
944 848 1119 920 praestiterit.
1161 843 1191 908 2.

239 926 310 994 Quae
332 931 421 985 omnia
443 928 560 985 facinora
580 931 609 986 in
631 929 802 986 honestiores
830 945 917 1002 poena
939 931 1032 1002 capitis
1061 931 1190 988 uindicari

238 1010 354 1084 placuit;
377 1012 534 1070 humiliores
550 1028 617 1069 uero
634 1019 680 1068 aut
694 1014 722 1068 in
737 1028 844 1068 crucem
866 1012 1011 1086 tolluntur,
1035 1022 1082 1070 aut
1095 1013 1191 1071 bestiis

237 1090 426 1153 obiciuntur!

300 1178 365 1252 llap.
388 1178 430 1236 lll.
468 1179 633 1256 Ulpianus
662 1179 752 1237 libro
773 1197 831 1239 vn.
881 1179 922 1237 de
953 1179 1078 1238 oiiioio
1109 1199 1190 1256 pro·

237 1262 395 1318 consulis
431 1262 491 1320 sub
529 1264 637 1320 titulo
675 1264 714 1320 de
749 1263 888 1321 sicariis
925 1273 960 1320 et
998 1265 1189 1322 ueneficis:

236 1342 260 1404 1.
277 1343 368 1418 Capite
380 1348 467 1418 primo
482 1347 551 1421 legis
566 1347 706 1404 Corneliae
721 1347 754 1404 de
769 1349 871 1405 sicariis
887 1355 1008 1420 cauetur,
1026 1350 1094 1404 ntis
1110 1365 1189 1422 prae·

238 1437 281 1484 tor
295 1427 411 1484 iudexue
428 1433 604 1502 quaestionis,
626 1434 670 1488 oui
684 1441 759 1488 sorte
780 1431 920 1487 obuenerit
935 1433 1057 1505 quaestio
1073 1433 1106 1488 de
1121 1435 1189 1490 sica·

237 1513 283 1567 rlis
299 1513 366 1583 eius,
390 1513 463 1586 quod
478 1516 504 1570 iu
521 1513 586 1571 urbe
600 1516 683 1572 Roma
698 1512 866 1590 propiuslue)
883 1515 955 1571 mille
977 1533 1072 1589 passus
1087 1516 1189 1573 lactum

237 1597 282 1665 sit,
299 1597 337 1651 uti
354 1605 466 1670 quaerat
480 1615 541 1656 cum
557 1599 700 1669 iudicibus,
716 1601 762 1674 qui
774 1601 797 1656 ei
809 1599 912 1672 exlege
927 1608 1003 1655 sorte
1015 1599 1187 1672 obuenerint,

237 1679 269 1734 de
291 1681 377 1754 capite
400 1683 472 1754 eius,
500 1685 546 1758 qui
568 1699 628 1738 curn
650 1683 706 1738 telo
728 1682 905 1738 ambulauerit
927 1684 1042 1739 hominis
1064 1684 1186 1754 necandi,

236 1763 336 1821 furtiue
357 1764 470 1822 faciendi
492 1783 581 1836 causa,
604 1767 775 1823 hominemne
792 1766 929 1838 occiderit,
953 1769 1064 1823 cuiusue
1079 1767 1106 1823 id
1122 1767 1187 1823 dolo

236 1850 305 1907 malo
332 1849 432 1908 iactum
459 1854 511 1907 erit
539 1859 572 1908 et
599 1851 743 1922 reliqna.
787 1849 920 1906 Relatis
948 1849 1066 1908 uerbis
1095 1851 1187 1924 legis

236 1935 333 1990 modo
369 1937 443 2009 ipse
479 1934 639 2008 loquitur
675 1935 853 2008 Ulpianus:
907 1929 936 1996 2.
964 1934 1035 1991 Haec
1061 1935 1104 1992 lex
1131 1949 1187 1990 non

236 2034 358 2091 omnem,
382 2019 428 2091 qui
448 2035 509 2076 curn
532 2019 587 2075 telo
609 2017 794 2089 ambulauerit,
817 2019 908 2091 punit:
931 2019 979 2074 sed
995 2034 1055 2074 eum
1073 2027 1187 2090 tautum,

236 2105 281 2176 qui
298 2103 413 2158 hominis
429 2103 556 2170 necandi,
579 2102 679 2158 lurtiue
701 2102 814 2158 lacieudi
836 2118 915 2159 causa
937 2101 1020 2158 telum
1036 2099 1185 2175 gelsselrit,

235 2185 362 2244 ’coercet
406 2180 573 2261 Compesoit⁵
594 2188 659 2244 item
675 2203 745 2257 eum,
769 2186 814 2260 qui
837 2186 971 2242 hominem
991 2178 1115 2256 occidit,⁶
1135 2201 1187 2242 neo

235 2263 358 2342 ’adiicit,⁷
381 2272 457 2327 cuius
472 2270 634 2327 conditionis
649 2271 793 2341 hominem,
810 2271 882 2326 utet
897 2268 930 2326 ad
943 2284 1052 2325 seruum
1067 2278 1094 2325 et
1109 2285 1186 2343 pere·

236 2357 342 2426 grinum
357 2356 492 2426 pertinere
507 2355 573 2409 haec
588 2354 631 2410 lex
646 2355 779 2410 uideatur.

297 2434 362 2508 liap.
385 2437 427 2492 lV.
466 2437 546 2492 item
568 2436 695 2492 Paulus
717 2436 827 2508 libro,
857 2453 922 2510 quo
945 2453 1064 2511 supra,
1089 2444 1122 2492 et
1143 2439 1186 2492 ti·

234 2517 309 2574 tulo
332 2519 431 2574 dicit:
454 2516 477 2575 1.
494 2519 632 2575 Homicida
643 2529 695 2591 est,
711 2522 757 2592 qui
769 2520 858 2594 aliquo
875 2537 973 2594 genere
990 2521 1037 2576 teli
1050 2521 1185 2576 hominem

235 2601 344 2672 occidit,
360 2604 491 2658 mortisue
506 2619 612 2658 causam
628 2599 771 2677 praestitit.

297 2684 361 2758 llap.
376 2686 407 2743 V.
444 2685 525 2742 item
548 2685 586 2742 de
608 2686 811 2743 casualibus
834 2687 1183 2761 homicidiislloyses

233 2769 402 2840 legaliter
424 2763 542 2826 dicitz⁸
578 2767 602 2828 1.
619 2771 646 2827 Si
661 2779 751 2827 autem
766 2770 866 2844 subito,
889 2788 944 2828 non
959 2789 1008 2846 per
1022 2773 1182 2840 inimicitias,
1345 2837 1346 2844 ἵ

233 2854 363 2910 inmiserit
383 2870 466 2928 super
488 2870 550 2910 eum
572 2855 681 2929 aliquod
702 2872 767 2926 uas,
795 2871 850 2911 nou
872 2851 1040 2928 'insidians,⁹
1082 2851 1111 2917 2.
1139 2852 1255 2918 uelrssrr

306 3054 325 3123 ²)
339 3057 411 3107 Idem
424 3065 574 3122 eucerptum
588 3061 713 3123 repetitur
727 3060 764 3108 tit.
780 3071 799 3110 8.
816 3075 837 3109 c.
853 3072 874 3110 4.
889 3081 923 3102 =-
939 3060 1013 3109 Paul.
1029 3069 1056 3122 a,
1072 3069 1105 3111 ra.
1124 3061 1147 3122 ξ.
1163 3071 1183 3110 1.

234 3124 255 3194 2)
271 3129 368 3193 eiusque
385 3128 445 3178 odd.
461 3130 518 3179 edd.
584 3125 605 3195 ³)
620 3136 644 3178 et
661 3130 701 3193 qui
722 3129 783 3178 Cdd.
799 3130 857 3178 edd.
921 3128 943 3195 ⁴)
959 3131 1035 3180 Paul.
1055 3129 1110 3178 Vis.
1126 3130 1183 3178 snb-

231 3199 334 3249 icluntur
350 3199 411 3252 Odd.
427 3200 484 3249 edd.
550 3197 665 3264 ⁵)coerci
679 3201 799 3263 compesci
812 3199 844 3248 B.
868 3201 963 3250 coherei
977 3201 1108 3263 compescit
1127 3199 1183 3254 Vi.,·

230 3285 277 3321 om.
288 3275 344 3321 cum
353 3285 404 3335 seq.
420 3271 476 3320 item
491 3305 533 3320 ...
549 3271 637 3319 occidit
656 3269 701 3319 Ve.
717 3272 847 3334 compescit
857 3269 959 3335 (omisso
970 3272 1075 3336 coercet)
1090 3270 1130 3319 ed.
1140 3268 1182 3318 Bl.

232 3336 252 3404 6)
267 3341 375 3390 Addunt
383 3339 430 3389 B.:
440 3341 538 3399 coercit,
558 3339 615 3388 Vc:
625 3341 731 3402 coerciti,
747 3340 807 3390 Ve:
822 3356 942 3402 coercere,
957 3339 998 3390 Bl.
1010 3341 1064 3389 ed..·
1078 3346 1182 3390 coercet.

234 3410 345 3460 Verbum
359 3413 423 3460 male
433 3412 566 3474 repetitum
577 3411 687 3472 uidetur,
697 3419 832 3475 postquam
843 3413 974 3474 compescit
983 3412 1074 3474 priori
1082 3417 1182 3460 senteu-

229 3482 280 3529 tiae
290 3497 342 3543 per
352 3496 466 3531 errorem
476 3482 626 3543 applicitum
635 3488 699 3530 erui.
739 3479 759 3547 7)
770 3481 857 3531 adiecit
871 3482 932 3530 cdd.
943 3482 1000 3530 edd.
1044 3478 1065 3545 8)
1079 3480 1180 3530 Numer.

229 3559 263 3611 ao,
278 3561 373 3602 22-25.
425 3547 447 3615 ⁹)
462 3551 576 3599 insidiam
589 3549 630 3610 B,
645 3552 712 3601 unde
724 3552 838 3615 fortasse
853 3553 901 3617 lep.
916 3551 1064 3600 insidianter.
