2684 4112
258 257 362 292 aarum
378 256 520 292 eamuiaiu
537 257 702 293 roaounura
720 257 926 294 auuomunusu.
1013 241 1076 306 437

113 403 204 474 potuit
225 401 413 456 hereditatem
435 401 574 456 adeundo.
613 398 694 472 idque
716 401 810 473 optimi
826 401 986 474 maximique
1001 401 1076 474 prin-

114 486 188 558 cipes
203 489 296 542 nostri
316 487 531 555 rescripserunt
552 491 578 540 et
600 488 741 540 sententia
763 484 817 540 diui
835 485 958 540 Hadriani
973 487 1000 541 in
1015 500 1077 559 por·

113 585 180 626 sona
195 568 320 626 Cornelii
335 568 479 624 Prisciani
495 567 718 646 demonstrauit..
836 568 839 575 '

179 651 209 710 ⁸.
235 649 280 726 [L.
300 657 344 708 22.
369 653 404 708 D.
425 655 461 709 aie
477 654 540 709 hon.
559 668 637 723 poss.
653 669 679 711 c.
695 661 712 708 t.
730 657 776 722 37,
795 647 829 729 4]
859 653 994 710 Bonorum
1014 669 1078 728 pos-

116 739 237 793 sessione
253 745 348 794 ooutra
370 736 475 793 tabulas
491 730 678 810 emancipato¹
697 739 843 811 praeterito
865 737 921 794 filio
937 738 998 794 data
1012 741 1078 795 sori·

115 831 179 896 ptus
194 822 273 878 heres
289 821 358 877 aiter
373 819 455 892 fliius,
476 823 523 895 qui
538 823 739 895 possessionem
755 823 857 896 accepis
873 823 918 878 uel
933 825 991 878 iore
1006 823 1078 879 ciuili

117 913 261 964 contentus
277 922 333 961 non
348 908 461 980 accepit,
476 905 566 980 legata
581 908 726 980 praecipua
742 923 797 963 non
812 906 930 966 habebit.

180 990 316 1046 PAVLVS.
352 989 422 1064 Ergo
444 992 471 1045 in
493 989 566 1060 filio,
588 992 633 1064 qui
653 992 773 1048 coheres
794 995 921 1063 scriptus
941 993 1079 1048 bonorum

114 1079 322 1147 possessionem
334 1077 424 1148 potuit
433 1083 540 1146 petere,
554 1084 648 1131 contra
660 1074 827 1146 seruabitur,
839 1068 920 1132 ²siue
931 1077 1079 1132 hereditas
1110 1071 1113 1078 '

116 1161 156 1216 ad
170 1176 231 1216 eum
247 1163 390 1234 pertineat
405 1167 515 1216 tantum
531 1163 596 1216 iure
611 1163 699 1231 ciuili,
715 1164 775 1217 siue
785 1159 919 1228 honorum
934 1163 1078 1233 possessio

116 1260 237 1317 quoque.

180 1325 209 1385 9.
232 1328 403 1401 Papinianus.
436 1327 512 1385 Filia
533 1332 563 1383 in
584 1345 663 1384 causa
685 1321 910 1409 (cons)erendae
930 1332 1003 1387 dotis
1029 1343 1078 1384 ac-

117 1421 199 1486 cepta
215 1411 346 1467 honorum
362 1414 536 1486 possessione
552 1421 646 1470 contra
667 1414 772 1470 tabulas
788 1422 833 1468 aut
849 1415 970 1470 intestati
986 1414 1078 1470 dotem

112 1495 255 1572 fratribus
272 1488 426 1574 (con)ierre
443 1515 496 1554 non
512 1499 631 1571 cogitur.

177 1662 224 1723 10.
250 1658 297 1745 [In
323 1668 503 1738 adoptionem
528 1669 614 1723 datiis
644 1669 723 1739 filius
748 1669 835 1724 neres
864 1671 1024 1735 institutus,
1055 1670 1081 1723 si

117 1754 247 1809 condicio
262 1755 446 1808 institutionis
461 1754 618 1821 extitisset,
641 1755 788 1808 commisso
803 1767 859 1823 per
875 1755 961 1808 atium
977 1752 1078 1820 edicto,

117 1839 235 1894 eandem
252 1830 351 1912 quam]
370 1838 570 1908 emancipatus
585 1836 721 1894 bonorum
742 1836 943 1909 possessionem
958 1833 1079 1905 haberet,

116 1921 233 1993 ideoque
255 1921 355 1976 liberis
370 1926 398 1976 et
411 1919 575 1992 parentibus
591 1921 678 1994 primo
695 1921 757 1976 loco
777 1923 874 1994 iepata
890 1919 988 1976 relicta
1003 1935 1079 1992 prae-

117 2012 214 2080 staret,
230 2020 298 2078 quae
320 2020 375 2060 non
396 2005 552 2078 praestabit,
573 2008 599 2061 si
619 2005 744 2062 condicio
760 2005 940 2060 institutionis
957 2002 1078 2075 defecit:

117 2098 144 2147 et
160 2097 228 2145 tunc
242 2093 292 2162 qui
306 2090 494 2145 nereditatem
509 2088 648 2159 adierunt,
671 2089 769 2144 tabulis
789 2105 899 2162 quoque
915 2104 970 2143 non
986 2089 1079 2164 sipna·

118 2179 164 2244 tis,
188 2180 322 2236 tuentur,·
343 2172 464 2233 deiectus
480 2174 549 2228 enini
565 2191 599 2230 ne
615 2176 783 2246 nutiaupatis
804 2175 915 2248 quidem
931 2176 1029 2242 aliter,
1053 2181 1079 2230 et

116 2259 254 2334 possessio
266 2259 324 2312 eius
337 2257 422 2313 ualuit
434 2274 489 2312 non
501 2261 587 2332 mapis
597 2276 682 2331 quom
696 2260 814 2330 ualeret,
830 2260 852 2313 si
865 2259 967 2332 primus
979 2257 1080 2332 gradus

117 2351 220 2415 raptus
235 2334 336 2399 esset³

179 2425 219 2484 11.
241 2427 278 2483 In
300 2442 332 2483 eo
352 2427 456 2500 prada,
480 2445 499 2482 a
520 2444 574 2500 quo
597 2427 777 2484 exheredatus
794 2443 847 2482 uon
869 2425 929 2497 suit,
952 2435 1079 2500 postumo

118 2518 222 2569 contra
243 2512 358 2568 tabulas
378 2515 425 2568 nel
440 2514 674 2584 nuncupationem
696 2512 752 2585 peti
771 2528 851 2585 posse
867 2510 1000 2567 bonorum
1017 2529 1079 2585 pos-

118 2596 268 2651 sessionem
286 2597 397 2666 placuit
404 2620 413 2660 ;
432 2599 489 2669 lapi
517 2597 645 2653 Vellocae
666 2597 735 2652 euim
757 2612 812 2652 non
835 2595 998 2666 offenditur,
1015 2613 1080 2653 cunr

118 2683 237 2750 nonsit,
253 2687 283 2735 nt
299 2683 356 2736 eius
372 2680 489 2752 heredis,
506 2682 552 2753 qui
567 2681 654 2754 legem
671 2680 800 2753 excludit,
816 2681 1036 2737 testamentaria.

179 2759 223 2820 12.
247 2764 297 2820 Ex
310 2767 369 2838 (iiio
385 2766 492 2821 nercule
500 2763 577 2836 facto
590 2782 676 2838 nepos
688 2765 768 2820 alium
780 2771 946 2822 extraneum
959 2781 1079 2838 sequens

117 2849 281 2906 substitutus
292 2857 387 2905 contra
398 2849 514 2906 tabulas
526 2851 663 2907 bonorum
673 2851 883 2921 possessionem
895 2867 952 2906 non
963 2851 1080 2923 accipit,

116 2935 244 3009 quoniam
256 2925 311 3012 (c)i
327 2950 383 2990 non
398 2935 522 3007 prodest,
540 2936 616 3007 quod
628 2938 722 3006 primo
733 2933 769 2990 ab
781 2951 837 2991 auo
851 2950 902 2990 suo
915 2934 1079 3008 praeteritus

115 3028 168 3090 est,
184 3035 264 3091 quiem
279 3024 367 3090 pater
377 3020 532 3092 praecedit
543 3025 611 3091 post
626 3035 823 3078 successurum.

179 3098 232 3168 13„
247 3103 318 3160 Iure
334 3106 414 3160 ciuili
428 3107 514 3174 tucri,
531 3106 577 3176 qui
594 3120 649 3159 non
665 3104 725 3158 iure
740 3103 903 3175 honorario,
920 3111 1028 3177 potest,
1050 3109 1080 3158 ut

116 3191 165 3261 qui
179 3191 271 3244 anari
284 3189 331 3243 uei
348 3205 425 3245 aecor
439 3188 464 3242 ei
479 3188 651 3244 matrimonio
667 3189 820 3244 successit.-

190 3335 210 3402 1)
224 3339 303 3388 Hanc
318 3354 403 3390 vocem
417 3335 535 3390 omissam
549 3340 717 3403 supplendam
731 3353 798 3398 esse,
817 3345 899 3388 nzonet
913 3339 939 3386 in
947 3338 1004 3458 ἔθπε
1019 3344 1080 3386 nota

119 3409 222 3459 Graeca
240 3413 401 3460 correctoris
424 3411 617 3460 interlinearis:
644 3411 708 3472 Pinp.
729 3408 773 3475 (=
794 3407 919 3474 Πίμπλη)
962 3401 1080 3464 inducas

118 3481 267 3544 emancipato
288 3487 392 3544 praeter.
475 3478 495 3545 2)
510 3481 645 3531 Hactenus
666 3481 792 3530 librarius
815 3479 894 3528 Pauli
915 3486 1000 3528 notam
1017 3492 1080 3541 per·

114 3567 205 3614 peram
220 3551 259 3600 bis
272 3554 388 3616 scripsit.
462 3548 483 3617 ³)
499 3552 531 3601 Iu
546 3554 663 3617 marpine
674 3554 777 3616 plassae
791 3551 858 3600 duae
869 3551 967 3614 partini
982 3548 1080 3598 Graece

117 3624 232 3686 scriptae
248 3625 299 3689 tepi
314 3639 364 3673 non
375 3630 525 3686 potnerunt.
