2692 4114
141 1347 238 1396 lituu

148 1425 170 1452 v.
184 1414 238 1452 23-

175 1469 215 1516 fin.

308 1002 333 1063 1.
357 1001 506 1077 (Perfecta
527 1003 578 1058 teas
601 1008 658 1071 est,
687 1016 761 1074 quae
789 1007 869 1058 uetat
891 1003 1001 1074 aliquid
1019 1003 1101 1073 pieri,
1125 1009 1152 1057 et
1174 977 1274 1062 situs]

243 1090 357 1163 suetum
379 1091 426 1158 sit,
442 1086 593 1156 rescindit,
610 1087 704 1156 pirolis
719 1092 761 1141 est
774 1087 826 1142 tec
843 1125 935 1144 .....
951 1083 1132 1156 Imperfecto
1147 1086 1198 1142 tec

247 1181 298 1245 est,
314 1187 389 1246 quoe
404 1177 483 1226 uetat
498 1169 607 1242 aliquid
619 1171 695 1241 pieri,
712 1176 739 1225 et
753 1172 779 1225 si
789 1168 903 1241 factum
919 1173 964 1238 sit,
980 1183 1034 1225 nee
1049 1171 1197 1242 rescindit,

245 1273 300 1313 nee
314 1272 441 1328 paenam
455 1255 575 1327 iniunpit
591 1255 630 1322 ei,
653 1256 704 1325 qui
718 1260 820 1309 contro
835 1256 924 1326 tepem
936 1252 1023 1324 fecit,
1045 1255 1139 1324 quatis
1155 1258 1203 1310 est

245 1344 296 1398 lex
323 1339 437 1408 Cincio,
464 1352 538 1409 puae
562 1338 628 1408 plus
650 1355 735 1410 quam
757 1337 813 1394 dua
835 1339 912 1393 mitia
935 1340 1042 1392 ossium
1064 1330 1197 1409 donari)¹

247 1422 388 1498 prohibet,
410 1420 537 1492 'exceptis
553 1414 729 1492 (personis)²
750 1419 907 1492 quibusdam
930 1413 1047 1495 (uelut)²
1064 1423 1202 1495 cognatis,

249 1515 276 1562 et
291 1508 313 1561 si
328 1505 388 1578 plus
404 1504 531 1559 donatum
547 1505 591 1574 sit,
614 1519 668 1559 non
690 1504 828 1560 rescindit.
873 1502 902 1560 2.
927 1503 1014 1559 Minus
1037 1519 1115 1575 quam
1137 1520 1198 1576 per·

248 1590 317 1646 fecta
333 1589 375 1644 lex
391 1595 449 1658 est,
471 1603 539 1660 qaue
554 1595 628 1644 uetat
643 1587 742 1660 aliquid
759 1586 832 1658 fieri,
854 1596 881 1643 et
902 1589 925 1642 si
945 1587 1046 1643 suctum
1068 1589 1119 1658 sit,
1141 1604 1197 1642 non

248 1672 387 1744 rescindit,
403 1672 449 1727 sed
465 1687 576 1744 poenum
592 1671 710 1744 iniungit
725 1673 759 1744 ei,
775 1672 820 1744 qui
833 1680 926 1726 contro
936 1671 1024 1745 legent
1038 1671 1114 1734 iecit;
1131 1667 1197 1743 qua·

247 1758 280 1814 lis
302 1765 345 1813 est
364 1756 407 1812 ier
422 1754 502 1810 Furia
524 1757 737 1825 testamentario,
761 1771 828 1826 quae
849 1755 910 1826 plus
934 1772 1012 1827 quam
1033 1755 1095 1810 mile
1111 1753 1199 1810 ’esses

246 1841 331 1916 legati
341 1833 468 1896 nomine³
480 1841 610 1895 mortisue
622 1855 700 1895 causa
711 1839 837 1911 prohibet
848 1855 942 1910 capere
956 1847 1062 1912 praeter
1073 1847 1198 1912 exceptas

246 1942 386 2000 personas,
402 1932 430 1980 et
444 1923 573 1980 aituersus
589 1939 660 1994 eum,
676 1924 721 1996 qui
734 1923 794 1996 ptus
807 1924 919 1995 ceperit,
931 1922 1072 1997 quadrupli
1083 1938 1198 1995 poenam

248 2010 397 2066 constituit.

320 2174 341 2243 ¹)
350 2175 395 2226 Sic
402 2177 461 2240 sere
467 2174 652 2238 praeeuntibus
663 2174 769 2224 Ouiacio
779 2183 801 2224 et
809 2173 963 2240 Seditiinpio
973 2189 1088 2224 mancam
1097 2181 1198 2223 sentcn-

247 2249 308 2298 tiem
322 2249 505 2297 restituendam
519 2247 615 2296 censui.
643 2245 682 2294 De
695 2261 724 2294 re
739 2245 773 2308 cf.
789 2245 820 2293 L.
836 2255 902 2308 upr.
923 2245 948 2294 0.
963 2245 995 2294 de
1009 2244 1083 2310 lepti.
1101 2243 1197 2309 (1,14).

248 2317 365 2368 Macrod.
379 2317 464 2366 Somn.
478 2315 549 2378 Scip.
564 2327 585 2374 s,
599 2327 632 2366 at.
661 2315 700 2364 De
714 2318 769 2381 lepe
784 2315 873 2365 Cincio
889 2315 990 2380 Prapm.
1011 2315 1068 2366 Vct.
1079 2326 1118 2366 666
1127 2327 1196 2378 seqq.

246 2387 372 2437 Summam
385 2389 441 2436 eius
455 2388 519 2450 lepis
532 2386 582 2434 dae
596 2397 616 2436 s.
631 2387 670 2434 ed.
686 2387 786 2441 addidi,
802 2388 940 2435 coniectum
955 2401 989 2434 erc
1002 2384 1088 2434 Sodroi.
1099 2384 1197 2447 quen,

247 2459 292 2521 qui
305 2457 341 2505 ad
354 2468 374 2514 t,
384 2469 423 2507 cet
432 2471 483 2520 seq.
498 2462 648 2516 auctorest,
662 2471 709 2505 nec
723 2455 891 2506 histrionibus
905 2458 932 2504 in
946 2456 1046 2505 theatro
1056 2455 1198 2505 uictoribus

248 2528 358 2590 amptius
372 2528 482 2590 quinque
497 2540 598 2583 aureos,
613 2527 657 2589 qui
670 2529 755 2575 vatent
769 2528 921 2591 quingentos
933 2527 1065 2575 sestertios
1078 2527 1131 2574 siue
1145 2526 1198 2574 duo

247 2599 319 2646 mitia
333 2598 437 2654 assium,
447 2597 511 2645 dare
521 2597 631 2645 licuisse.
659 2596 772 2646 Ceterum
786 2595 909 2659 Ulpianus
919 2612 975 2646 enm
985 2597 1026 2644 ius
1036 2597 1111 2645 civite
1121 2597 1196 2645 etiam

247 2669 275 2716 in
289 2667 337 2716 doe
352 2665 418 2716 libro
432 2665 478 2730 (cs.
493 2666 525 2714 L.
540 2678 560 2716 6.
575 2668 598 2728 ξ.
614 2679 634 2717 1.
658 2667 690 2714 Ι).
705 2668 737 2716 de
751 2669 831 2716 instit.
847 2679 867 2724 1,
882 2666 905 2732 1)
924 2669 951 2716 in
969 2668 1093 2729 scriptum
1107 2673 1132 2714 et
1146 2681 1196 2716 non

247 2738 371 2799 scriptum
385 2738 522 2794 divisisset,
533 2739 644 2799 primum
659 2738 761 2786 uidetur
774 2739 867 2800 scripti
881 2739 948 2786 iuris
962 2744 1054 2800 partes
1068 2752 1084 2784 a
1099 2735 1198 2801 lepidus

248 2807 389 2857 ecordiems
402 2822 562 2857 enumerasse
577 2806 621 2873 (=
630 2809 669 2869 ἐξ.
680 2819 748 2858 6-8.
768 2807 789 2856 Ι.
805 2808 836 2856 de
850 2810 908 2856 iure
917 2814 969 2857 nat.
981 2819 1001 2868 1,
1012 2807 1048 2872 e),
1063 2807 1155 2856 deinde
1165 2807 1198 2854 de

248 2885 343 2927 natura
358 2880 439 2944 legum
453 2880 549 2942 episse,
569 2880 604 2927 ad
617 2893 688 2942 quem
702 2879 783 2928 iocum
798 2878 860 2927 daec
874 2879 1019 2941 pertinent,
1041 2892 1106 2940 quae
1124 2876 1198 2927 mobis

247 2955 351 2998 servata
364 2955 431 2998 sunt.
461 2949 643 2999 Potesttamen
657 2950 740 3010 etiam,
755 2955 782 2998 ut
796 2948 839 2998 tic
852 2949 1017 2998 toousstatim
1027 2949 1092 3012 lepis
1102 2946 1197 3010 plebis-

248 3033 296 3082 que
309 3020 370 3069 sciti
383 3020 555 3082 definitionem
567 3026 669 3068 secutus
682 3020 730 3074 sit:
749 3020 854 3082 quodsi
867 3020 971 3076 statuis,
987 3020 1014 3066 in
1029 3020 1122 3067 lacuna
1136 3023 1200 3080 post

248 3091 271 3150 ξ.
286 3099 306 3139 t.
334 3087 459 3153 Ulpianus
476 3089 549 3148 sert,
571 3091 761 3139 constitutionis
775 3090 937 3152 principum,
958 3089 1100 3138 edictorum
1117 3088 1198 3152 mapi-

247 3166 373 3209 stratuum
387 3167 411 3210 et
429 3175 610 3224 responsorum
624 3160 790 3222 prudentium
809 3159 971 3208 brevissimas
989 3159 1150 3221 definitiones
1163 3172 1199 3206 ecc

251 3228 307 3283 (iai.
319 3243 339 3290 1,
348 3243 418 3283 e-t.
434 3233 553 3280 retulisse
567 3237 592 3280 et
606 3231 643 3278 ita
657 3231 714 3278 iure
727 3231 826 3292 scripto
841 3229 957 3280 absoluto
972 3229 1007 3277 ad
1021 3230 1062 3277 ius
1072 3244 1121 3278 non
1131 3229 1197 3277 scri·

245 3308 326 3363 ptum,
341 3302 409 3366 quod
422 3316 456 3350 ecc
470 3301 582 3350 moribus
596 3302 689 3358 ueniat,
703 3302 839 3349 transitum
850 3301 946 3363 fecisse
960 3299 1086 3348 dicendus
1099 3299 1157 3347 crit.

250 3367 270 3434 ς)
287 3372 440 3422 Necessario
453 3372 582 3435 suppleri,
602 3386 658 3419 cum
672 3385 723 3420 nan
737 3378 833 3420 tantum
852 3371 954 3434 quidam
973 3370 1078 3434 cappati
1096 3369 1200 3431 excepti

245 3441 355 3504 fuerint.
386 3441 423 3504 Of.
444 3441 487 3491 Fr.
512 3440 569 3491 Vat.
588 3451 710 3492 teo-sos.
734 3441 880 3490 Enarntum
898 3443 957 3490 otim
973 3440 1071 3503 fuerit:
1094 3439 1198 3501 exceptis

248 3512 299 3576 piis
313 3512 423 3576 quibusd.
438 3520 477 3563 uu.
525 3507 544 3576 ³)
560 3511 649 3560 ossium
663 3512 740 3574 legati]
756 3512 813 3560 Vct.
825 3510 937 3576 (factum
951 3509 1018 3559 iilud
1027 3517 1093 3572 puta
1107 3524 1141 3558 em
1150 3523 1200 3569 us.;

249 3597 307 3630 mam
321 3588 346 3630 et
359 3582 426 3631 alios
440 3596 475 3629 ca:
488 3581 539 3643 lege
552 3596 578 3630 as
590 3603 623 3624 --
633 3582 683 3644 iege
694 3583 753 3631 ociis
763 3582 839 3631 sentio
849 3581 974 3631 librarius
985 3580 1051 3643 fecit
1060 3580 1111 3641 lege
1121 3579 1200 3640 oscio3
