<?xml version="1.0" encoding="UTF-8"?>
<!DOCTYPE html PUBLIC "-//W3C//DTD XHTML 1.0 Transitional//EN"
    "http://www.w3.org/TR/xhtml1/DTD/xhtml1-transitional.dtd">
<html xmlns="http://www.w3.org/1999/xhtml" xml:lang="en" lang="en">
 <head>
  <title>
</title>
<meta http-equiv="Content-Type" content="text/html;charset=utf-8" />
  <meta name='ocr-system' content='tesseract 3.04.00' />
  <meta name='ocr-capabilities' content='ocr_page ocr_carea ocr_par ocr_line ocrx_word'/>
</head>
<body>
  <div class='ocr_page' id='page_1' title='image "./ivrisprvdentiae00huscgoog_0882.png"; bbox 0 0 2694 4110; ppageno 0'>
   <div class='ocr_carea' id='block_1_1' title="bbox 238 131 1029 197">
    <p class='ocr_par' dir='ltr' id='par_1_1' title="bbox 238 131 1029 197">
     <span class='ocr_line' id='line_1_1' title="bbox 238 131 1029 197; baseline 0 -11"><span class='ocrx_word' id='word_1_1' title='bbox 238 131 299 197; x_wconf 73' lang='lat'>856</span> <span class='ocrx_word' id='word_1_2' title='bbox 401 149 460 186; x_wconf 83' lang='lat' dir='ltr'>vsr.</span> <span class='ocrx_word' id='word_1_3' title='bbox 475 149 576 186; x_wconf 83' lang='lat' dir='ltr'>cvrvsu.</span> <span class='ocrx_word' id='word_1_4' title='bbox 591 149 677 186; x_wconf 75' lang='lat' dir='ltr'>musac.</span> <span class='ocrx_word' id='word_1_5' title='bbox 692 149 873 186; x_wconf 78' lang='lat' dir='ltr'>consvnrsrro.</span> <span class='ocrx_word' id='word_1_6' title='bbox 889 131 935 186; x_wconf 87' lang='lat' dir='ltr'>IX.</span> <span class='ocrx_word' id='word_1_7' title='bbox 951 137 1029 188; x_wconf 76' lang='lat'>2-5.</span> 
     </span>
    </p>
   </div>
   <div class='ocr_carea' id='block_1_2' title="bbox 206 278 1196 1776">
    <p class='ocr_par' dir='ltr' id='par_1_2' title="bbox 281 278 1195 354">
     <span class='ocr_line' id='line_1_2' title="bbox 281 278 1195 354; baseline 0.004 -20"><span class='ocrx_word' id='word_1_8' title='bbox 281 278 366 352; x_wconf 90' lang='lat' dir='ltr'>lmpp.</span> <span class='ocrx_word' id='word_1_9' title='bbox 383 279 480 335; x_wconf 90' lang='lat' dir='ltr'>Valens</span> <span class='ocrx_word' id='word_1_10' title='bbox 496 287 523 334; x_wconf 89' lang='lat' dir='ltr'>et</span> <span class='ocrx_word' id='word_1_11' title='bbox 539 278 739 336; x_wconf 79' lang='lat' dir='ltr'>Valentinianus</span> <span class='ocrx_word' id='word_1_12' title='bbox 755 281 808 334; x_wconf 82' lang='lat' dir='ltr'>dd.</span> <span class='ocrx_word' id='word_1_13' title='bbox 824 280 857 336; x_wconf 91' lang='lat' dir='ltr'>ad</span> <span class='ocrx_word' id='word_1_14' title='bbox 873 279 1045 337; x_wconf 81' lang='lat' dir='ltr'>Volusianum</span> <span class='ocrx_word' id='word_1_15' title='bbox 1062 282 1195 354; x_wconf 79' lang='lat' dir='ltr'>praesset.</span> 
     </span>
    </p>

    <p class='ocr_par' dir='ltr' id='par_1_3' title="bbox 281 361 1196 438">
     <span class='ocr_line' id='line_1_3' title="bbox 281 361 1196 438; baseline 0.004 -20"><span class='ocrx_word' id='word_1_16' title='bbox 281 361 364 422; x_wconf 91' lang='lat' dir='ltr'>urbis.</span> <span class='ocrx_word' id='word_1_17' title='bbox 392 361 457 418; x_wconf 91' lang='lat' dir='ltr'>Post</span> <span class='ocrx_word' id='word_1_18' title='bbox 473 365 632 420; x_wconf 88' lang='lat' dir='ltr'>seutentiam</span> <span class='ocrx_word' id='word_1_19' title='bbox 643 365 741 437; x_wconf 89' lang='lat' dir='ltr'>pacisci</span> <span class='ocrx_word' id='word_1_20' title='bbox 754 380 807 420; x_wconf 92' lang='lat' dir='ltr'>non</span> <span class='ocrx_word' id='word_1_21' title='bbox 819 363 910 436; x_wconf 88' lang='lat' dir='ltr'>licere,</span> <span class='ocrx_word' id='word_1_22' title='bbox 927 365 992 420; x_wconf 90' lang='lat' dir='ltr'>iuris</span> <span class='ocrx_word' id='word_1_23' title='bbox 1005 363 1097 420; x_wconf 90' lang='lat' dir='ltr'>ordine</span> <span class='ocrx_word' id='word_1_24' title='bbox 1113 382 1196 438; x_wconf 86' lang='lat' dir='ltr'>prac-</span> 
     </span>
    </p>

    <p class='ocr_par' dir='ltr' id='par_1_4' title="bbox 281 442 1195 522">
     <span class='ocr_line' id='line_1_4' title="bbox 281 442 1195 522; baseline 0.004 -21"><span class='ocrx_word' id='word_1_25' title='bbox 281 453 402 502; x_wconf 91' lang='lat' dir='ltr'>cauetur.</span> <span class='ocrx_word' id='word_1_26' title='bbox 439 445 513 502; x_wconf 87' lang='lat' dir='ltr'>Unde</span> <span class='ocrx_word' id='word_1_27' title='bbox 528 462 588 502; x_wconf 90' lang='lat' dir='ltr'>cum</span> <span class='ocrx_word' id='word_1_28' title='bbox 605 447 777 520; x_wconf 80' lang='lat' dir='ltr'>supplicans,</span> <span class='ocrx_word' id='word_1_29' title='bbox 799 449 890 521; x_wconf 88' lang='lat' dir='ltr'>inique</span> <span class='ocrx_word' id='word_1_30' title='bbox 906 465 934 504; x_wconf 92' lang='lat' dir='ltr'>se</span> <span class='ocrx_word' id='word_1_31' title='bbox 951 442 1146 522; x_wconf 82' lang='lat' dir='ltr'>&#39;oppressurn,¹</span> <span class='ocrx_word' id='word_1_32' title='bbox 1163 458 1195 505; x_wconf 88' lang='lat' dir='ltr'>et</span> 
     </span>
    </p>

    <p class='ocr_par' dir='ltr' id='par_1_5' title="bbox 281 529 1195 606">
     <span class='ocr_line' id='line_1_5' title="bbox 281 529 1195 606; baseline 0.005 -22"><span class='ocrx_word' id='word_1_33' title='bbox 281 537 345 602; x_wconf 88' lang='lat' dir='ltr'>post</span> <span class='ocrx_word' id='word_1_34' title='bbox 360 532 520 586; x_wconf 88' lang='lat' dir='ltr'>sententiam</span> <span class='ocrx_word' id='word_1_35' title='bbox 536 532 604 586; x_wconf 90' lang='lat' dir='ltr'>sacri</span> <span class='ocrx_word' id='word_1_36' title='bbox 617 529 742 588; x_wconf 88' lang='lat' dir='ltr'>auditorii</span> <span class='ocrx_word' id='word_1_37' title='bbox 755 531 896 606; x_wconf 78' lang='lat' dir='ltr'>depactum</span> <span class='ocrx_word' id='word_1_38' title='bbox 912 548 972 588; x_wconf 90' lang='lat' dir='ltr'>esse</span> <span class='ocrx_word' id='word_1_39' title='bbox 988 542 1195 600; x_wconf 88' lang='lat' dir='ltr'>commemoret,</span> 
     </span>
    </p>

    <p class='ocr_par' dir='ltr' id='par_1_6' title="bbox 229 613 1195 688">
     <span class='ocr_line' id='line_1_6' title="bbox 229 613 1195 688; baseline 0.005 -21"><span class='ocrx_word' id='word_1_40' title='bbox 229 658 257 676; x_wconf 83' lang='grc'>,,</span> <span class='ocrx_word' id='word_1_41' title='bbox 279 613 422 669; x_wconf 85' lang='lat' dir='ltr'>Volusiano</span> <span class='ocrx_word' id='word_1_42' title='bbox 445 629 541 688; x_wconf 77' lang='lat' dir='ltr'>parens</span> <span class='ocrx_word' id='word_1_43' title='bbox 563 615 699 672; x_wconf 83' lang='lat' dir='ltr'>carissime</span> <span class='ocrx_word' id='word_1_44' title='bbox 721 624 749 672; x_wconf 89' lang='lat' dir='ltr'>et</span> <span class='ocrx_word' id='word_1_45' title='bbox 771 617 963 687; x_wconf 72' lang='lat' dir='ltr'>amantissime,</span> <span class='ocrx_word' id='word_1_46' title='bbox 986 625 1073 672; x_wconf 86' lang='lat' dir='ltr'>amota</span> <span class='ocrx_word' id='word_1_47' title='bbox 1091 632 1195 688; x_wconf 87' lang='lat' dir='ltr'>poena,</span> 
     </span>
    </p>

    <p class='ocr_par' dir='ltr' id='par_1_7' title="bbox 280 697 1196 772">
     <span class='ocr_line' id='line_1_7' title="bbox 280 697 1196 772; baseline 0.003 -21"><span class='ocrx_word' id='word_1_48' title='bbox 280 713 358 770; x_wconf 90' lang='lat' dir='ltr'>quam</span> <span class='ocrx_word' id='word_1_49' title='bbox 374 704 453 771; x_wconf 92' lang='lat' dir='ltr'>pacto</span> <span class='ocrx_word' id='word_1_50' title='bbox 469 705 561 754; x_wconf 86' lang='lat' dir='ltr'>contra</span> <span class='ocrx_word' id='word_1_51' title='bbox 577 699 618 753; x_wconf 91' lang='lat' dir='ltr'>ius</span> <span class='ocrx_word' id='word_1_52' title='bbox 631 697 701 756; x_wconf 88' lang='lat' dir='ltr'>iacto</span> <span class='ocrx_word' id='word_1_53' title='bbox 713 701 845 756; x_wconf 80' lang='lat' dir='ltr'>serenitas</span> <span class='ocrx_word' id='word_1_54' title='bbox 857 709 903 756; x_wconf 89' lang='lat' dir='ltr'>tua</span> <span class='ocrx_word' id='word_1_55' title='bbox 916 701 1004 756; x_wconf 89' lang='lat' dir='ltr'>inesse</span> <span class='ocrx_word' id='word_1_56' title='bbox 1017 699 1196 772; x_wconf 88' lang='lat' dir='ltr'>praeuiderit,</span> 
     </span>
    </p>

    <p class='ocr_par' dir='ltr' id='par_1_8' title="bbox 280 779 1196 920">
     <span class='ocr_line' id='line_1_8' title="bbox 280 779 1196 896; baseline 0.005 -60"><span class='ocrx_word' id='word_1_57' title='bbox 280 779 371 853; x_wconf 85' lang='lat' dir='ltr'>legum</span> <span class='ocrx_word' id='word_1_58' title='bbox 393 780 491 896; x_wconf 52' lang='lat' dir='ltr'>{utilio</span> <span class='ocrx_word' id='word_1_59' title='bbox 513 781 636 838; x_wconf 89' lang='lat' dir='ltr'>consulat</span> <span class='ocrx_word' id='word_1_60' title='bbox 656 781 827 857; x_wconf 78' lang='lat' dir='ltr'>supplicanti.</span> <span class='ocrx_word' id='word_1_61' title='bbox 864 783 919 839; x_wconf 86' lang='lat' dir='ltr'>llat.</span> <span class='ocrx_word' id='word_1_62' title='bbox 942 781 984 841; x_wconf 88' lang='lat' dir='ltr'>lV.</span> <span class='ocrx_word' id='word_1_63' title='bbox 1000 782 1035 838; x_wconf 93' lang='lat' dir='ltr'>id.</span> <span class='ocrx_word' id='word_1_64' title='bbox 1055 784 1121 857; x_wconf 78' lang='lat' dir='ltr'>lug.</span> <span class='ocrx_word' id='word_1_65' title='bbox 1139 782 1196 842; x_wconf 80' lang='lat' dir='ltr'>lle·</span> 
     </span>
     <span class='ocr_line' id='line_1_9' title="bbox 284 863 394 920; baseline -0.018 -1"><span class='ocrx_word' id='word_1_66' title='bbox 284 863 394 920; x_wconf 88' lang='lat' dir='ltr'>diolani.</span> 
     </span>
    </p>

    <p class='ocr_par' dir='ltr' id='par_1_9' title="bbox 280 945 1195 1444">
     <span class='ocr_line' id='line_1_10' title="bbox 323 945 1195 1023; baseline 0 -17"><span class='ocrx_word' id='word_1_67' title='bbox 323 945 351 1006; x_wconf 78' lang='lat'>2.</span> <span class='ocrx_word' id='word_1_68' title='bbox 374 947 454 1003; x_wconf 91' lang='lat' dir='ltr'>iidem</span> <span class='ocrx_word' id='word_1_69' title='bbox 470 951 524 1004; x_wconf 78' lang='lat' dir='ltr'>At.</span> <span class='ocrx_word' id='word_1_70' title='bbox 536 947 665 1022; x_wconf 91' lang='lat' dir='ltr'>Pompeio</span> <span class='ocrx_word' id='word_1_71' title='bbox 681 949 810 1007; x_wconf 85' lang='lat' dir='ltr'>Fauonio.</span> <span class='ocrx_word' id='word_1_72' title='bbox 839 949 1032 1020; x_wconf 81' lang='lat' dir='ltr'>Hereditatem,</span> <span class='ocrx_word' id='word_1_73' title='bbox 1049 967 1127 1023; x_wconf 88' lang='lat' dir='ltr'>quam</span> <span class='ocrx_word' id='word_1_74' title='bbox 1143 950 1195 1006; x_wconf 85' lang='lat' dir='ltr'>tibi</span> 
     </span>
     <span class='ocr_line' id='line_1_11' title="bbox 282 1030 1193 1108; baseline 0 -19"><span class='ocrx_word' id='word_1_75' title='bbox 282 1042 434 1106; x_wconf 88' lang='lat' dir='ltr'>competere</span> <span class='ocrx_word' id='word_1_76' title='bbox 449 1034 507 1088; x_wconf 87' lang='lat' dir='ltr'>iure</span> <span class='ocrx_word' id='word_1_77' title='bbox 523 1030 681 1104; x_wconf 88' lang='lat' dir='ltr'>conlirmas,</span> <span class='ocrx_word' id='word_1_78' title='bbox 697 1035 801 1108; x_wconf 81' lang='lat' dir='ltr'>negotii</span> <span class='ocrx_word' id='word_1_79' title='bbox 821 1036 918 1090; x_wconf 89' lang='lat' dir='ltr'>merito</span> <span class='ocrx_word' id='word_1_80' title='bbox 939 1033 1078 1103; x_wconf 86' lang='lat' dir='ltr'>discusso,</span> <span class='ocrx_word' id='word_1_81' title='bbox 1094 1049 1193 1106; x_wconf 91' lang='lat' dir='ltr'>appro-</span> 
     </span>
     <span class='ocr_line' id='line_1_12' title="bbox 281 1115 1193 1190; baseline 0.005 -23"><span class='ocrx_word' id='word_1_82' title='bbox 281 1115 349 1172; x_wconf 85' lang='lat' dir='ltr'>batis</span> <span class='ocrx_word' id='word_1_83' title='bbox 365 1115 582 1189; x_wconf 81' lang='lat' dir='ltr'>allegationibus,</span> <span class='ocrx_word' id='word_1_84' title='bbox 605 1119 713 1174; x_wconf 86' lang='lat' dir='ltr'>restitui</span> <span class='ocrx_word' id='word_1_85' title='bbox 733 1115 832 1174; x_wconf 81' lang='lat' dir='ltr'>alliciet</span> <span class='ocrx_word' id='word_1_86' title='bbox 847 1117 937 1190; x_wconf 80' lang='lat' dir='ltr'>legum</span> <span class='ocrx_word' id='word_1_87' title='bbox 958 1117 1032 1173; x_wconf 89' lang='lat' dir='ltr'>ionte</span> <span class='ocrx_word' id='word_1_88' title='bbox 1048 1117 1193 1172; x_wconf 89' lang='lat' dir='ltr'>demanans</span> 
     </span>
     <span class='ocr_line' id='line_1_13' title="bbox 281 1199 1191 1274; baseline 0.002 -20"><span class='ocrx_word' id='word_1_89' title='bbox 281 1201 414 1255; x_wconf 87' lang='lat' dir='ltr'>sententia</span> <span class='ocrx_word' id='word_1_90' title='bbox 434 1199 593 1270; x_wconf 87' lang='lat' dir='ltr'>iudicantis,</span> <span class='ocrx_word' id='word_1_91' title='bbox 614 1209 718 1258; x_wconf 89' lang='lat' dir='ltr'>remota</span> <span class='ocrx_word' id='word_1_92' title='bbox 733 1200 860 1258; x_wconf 90' lang='lat' dir='ltr'>uidelicet</span> <span class='ocrx_word' id='word_1_93' title='bbox 874 1201 1014 1274; x_wconf 87' lang='lat' dir='ltr'>pactione,</span> <span class='ocrx_word' id='word_1_94' title='bbox 1032 1215 1111 1274; x_wconf 86' lang='lat' dir='ltr'>quarn</span> <span class='ocrx_word' id='word_1_95' title='bbox 1127 1200 1191 1256; x_wconf 90' lang='lat' dir='ltr'>dolo</span> 
     </span>
     <span class='ocr_line' id='line_1_14' title="bbox 280 1281 1189 1358; baseline 0 -19"><span class='ocrx_word' id='word_1_96' title='bbox 280 1285 398 1356; x_wconf 88' lang='lat' dir='ltr'>patuerit</span> <span class='ocrx_word' id='word_1_97' title='bbox 414 1283 538 1340; x_wconf 89' lang='lat' dir='ltr'>elicitam.</span> <span class='ocrx_word' id='word_1_98' title='bbox 572 1283 627 1340; x_wconf 82' lang='lat' dir='ltr'>liat.</span> <span class='ocrx_word' id='word_1_99' title='bbox 648 1285 712 1342; x_wconf 92' lang='lat' dir='ltr'>Vlll.</span> <span class='ocrx_word' id='word_1_100' title='bbox 735 1281 771 1340; x_wconf 94' lang='lat' dir='ltr'>id.</span> <span class='ocrx_word' id='word_1_101' title='bbox 794 1283 920 1344; x_wconf 71' lang='lat' dir='ltr'>Veiorum.</span> <span class='ocrx_word' id='word_1_102' title='bbox 942 1283 1030 1358; x_wconf 72' lang='lat' dir='ltr'>alleg.</span> <span class='ocrx_word' id='word_1_103' title='bbox 1050 1299 1113 1342; x_wconf 92' lang='lat' dir='ltr'>uon.</span> <span class='ocrx_word' id='word_1_104' title='bbox 1137 1283 1189 1340; x_wconf 86' lang='lat' dir='ltr'>kal.</span> 
     </span>
     <span class='ocr_line' id='line_1_15' title="bbox 280 1360 1092 1444; baseline 0.004 -23"><span class='ocrx_word' id='word_1_105' title='bbox 280 1367 366 1440; x_wconf 80' lang='lat' dir='ltr'>April.</span> <span class='ocrx_word' id='word_1_106' title='bbox 381 1369 409 1422; x_wconf 92' lang='lat' dir='ltr'>in</span> <span class='ocrx_word' id='word_1_107' title='bbox 425 1366 533 1422; x_wconf 84' lang='lat' dir='ltr'>basilica</span> <span class='ocrx_word' id='word_1_108' title='bbox 548 1367 721 1426; x_wconf 85' lang='lat' dir='ltr'>Thermarum</span> <span class='ocrx_word' id='word_1_109' title='bbox 737 1367 837 1424; x_wconf 84' lang='lat' dir='ltr'>Comm.</span> <span class='ocrx_word' id='word_1_110' title='bbox 854 1369 919 1444; x_wconf 89' lang='lat' dir='ltr'>ipsis</span> <span class='ocrx_word' id='word_1_111' title='bbox 935 1369 988 1423; x_wconf 81' lang='lat' dir='ltr'>dd.</span> <span class='ocrx_word' id='word_1_112' title='bbox 1004 1360 1092 1424; x_wconf 77' lang='lat' dir='ltr'>coss.²</span> 
     </span>
    </p>

    <p class='ocr_par' dir='ltr' id='par_1_10' title="bbox 206 1445 1193 1776">
     <span class='ocr_line' id='line_1_16' title="bbox 322 1445 1193 1525; baseline 0 -19"><span class='ocrx_word' id='word_1_113' title='bbox 322 1445 352 1506; x_wconf 77' lang='lat'>8.</span> <span class='ocrx_word' id='word_1_114' title='bbox 383 1449 464 1506; x_wconf 90' lang='lat' dir='ltr'>lidem</span> <span class='ocrx_word' id='word_1_115' title='bbox 489 1451 560 1525; x_wconf 77' lang='lat' dir='ltr'>Aug.</span> <span class='ocrx_word' id='word_1_116' title='bbox 582 1451 738 1508; x_wconf 86' lang='lat' dir='ltr'>Mamertino</span> <span class='ocrx_word' id='word_1_117' title='bbox 761 1451 800 1508; x_wconf 90' lang='lat' dir='ltr'>Pi.</span> <span class='ocrx_word' id='word_1_118' title='bbox 824 1451 853 1508; x_wconf 88' lang='lat' dir='ltr'>P.</span> <span class='ocrx_word' id='word_1_119' title='bbox 897 1450 989 1508; x_wconf 89' lang='lat' dir='ltr'>lnter</span> <span class='ocrx_word' id='word_1_120' title='bbox 1011 1459 1075 1508; x_wconf 89' lang='lat' dir='ltr'>cet.</span> <span class='ocrx_word' id='word_1_121' title='bbox 1099 1459 1133 1507; x_wconf 86' lang='lat' dir='ltr'>et</span> <span class='ocrx_word' id='word_1_122' title='bbox 1155 1451 1193 1507; x_wconf 90' lang='lat' dir='ltr'>ad</span> 
     </span>
     <span class='ocr_line' id='line_1_17' title="bbox 280 1533 1193 1609; baseline 0.001 -20"><span class='ocrx_word' id='word_1_123' title='bbox 280 1533 404 1590; x_wconf 88' lang='lat' dir='ltr'>locum:</span> <span class='ocrx_word' id='word_1_124' title='bbox 427 1533 506 1590; x_wconf 90' lang='lat' dir='ltr'>Pacta</span> <span class='ocrx_word' id='word_1_125' title='bbox 531 1535 636 1608; x_wconf 88' lang='lat' dir='ltr'>quidem</span> <span class='ocrx_word' id='word_1_126' title='bbox 659 1552 708 1609; x_wconf 89' lang='lat' dir='ltr'>per</span> <span class='ocrx_word' id='word_1_127' title='bbox 723 1537 777 1592; x_wconf 90' lang='lat' dir='ltr'>uim</span> <span class='ocrx_word' id='word_1_128' title='bbox 798 1545 825 1592; x_wconf 92' lang='lat' dir='ltr'>et</span> <span class='ocrx_word' id='word_1_129' title='bbox 841 1544 942 1592; x_wconf 89' lang='lat' dir='ltr'>metum</span> <span class='ocrx_word' id='word_1_130' title='bbox 957 1534 1027 1608; x_wconf 90' lang='lat' dir='ltr'>apud</span> <span class='ocrx_word' id='word_1_131' title='bbox 1044 1552 1136 1591; x_wconf 89' lang='lat' dir='ltr'>omnes</span> <span class='ocrx_word' id='word_1_132' title='bbox 1151 1551 1193 1590; x_wconf 90' lang='lat' dir='ltr'>sa·</span> 
     </span>
     <span class='ocr_line' id='line_1_18' title="bbox 206 1617 1190 1692; baseline 0.002 -20"><span class='ocrx_word' id='word_1_133' title='bbox 206 1671 210 1680; x_wconf 72' lang='grc'><strong>,</strong></span> <span class='ocrx_word' id='word_1_134' title='bbox 280 1618 315 1672; x_wconf 88' lang='lat' dir='ltr'>tis</span> <span class='ocrx_word' id='word_1_135' title='bbox 337 1625 444 1673; x_wconf 90' lang='lat' dir='ltr'>constat</span> <span class='ocrx_word' id='word_1_136' title='bbox 466 1626 567 1674; x_wconf 89' lang='lat' dir='ltr'>cassata</span> <span class='ocrx_word' id='word_1_137' title='bbox 590 1618 692 1674; x_wconf 86' lang='lat' dir='ltr'>uiribus</span> <span class='ocrx_word' id='word_1_138' title='bbox 715 1634 774 1676; x_wconf 90' lang='lat' dir='ltr'>esse</span> <span class='ocrx_word' id='word_1_139' title='bbox 796 1619 955 1692; x_wconf 90' lang='lat' dir='ltr'>respuenda.</span> <span class='ocrx_word' id='word_1_140' title='bbox 993 1619 1049 1675; x_wconf 82' lang='lat' dir='ltr'>llat.</span> <span class='ocrx_word' id='word_1_141' title='bbox 1065 1619 1118 1674; x_wconf 93' lang='lat' dir='ltr'>llll.</span> <span class='ocrx_word' id='word_1_142' title='bbox 1135 1617 1190 1675; x_wconf 89' lang='lat' dir='ltr'>kal.</span> 
     </span>
     <span class='ocr_line' id='line_1_19' title="bbox 281 1697 622 1776; baseline 0.009 -20"><span class='ocrx_word' id='word_1_143' title='bbox 281 1699 366 1776; x_wconf 84' lang='lat' dir='ltr'>April.</span> <span class='ocrx_word' id='word_1_144' title='bbox 382 1702 448 1774; x_wconf 92' lang='lat' dir='ltr'>ipsis</span> <span class='ocrx_word' id='word_1_145' title='bbox 464 1703 517 1757; x_wconf 84' lang='lat' dir='ltr'>Ad.</span> <span class='ocrx_word' id='word_1_146' title='bbox 535 1697 622 1760; x_wconf 86' lang='lat' dir='ltr'>coss.²</span> 
     </span>
    </p>
   </div>
   <div class='ocr_carea' id='block_1_3' title="bbox 281 1782 1265 2026">
    <p class='ocr_par' dir='ltr' id='par_1_11' title="bbox 281 1782 1265 2026">
     <span class='ocr_line' id='line_1_20' title="bbox 321 1782 1265 1850; baseline 0 -10"><span class='ocrx_word' id='word_1_147' title='bbox 321 1782 351 1840; x_wconf 86' lang='lat'>4.</span> <span class='ocrx_word' id='word_1_148' title='bbox 375 1784 455 1840; x_wconf 92' lang='lat' dir='ltr'>lidem</span> <span class='ocrx_word' id='word_1_149' title='bbox 471 1787 526 1840; x_wconf 82' lang='lat' dir='ltr'>nt.</span> <span class='ocrx_word' id='word_1_150' title='bbox 542 1785 574 1842; x_wconf 91' lang='lat' dir='ltr'>ad</span> <span class='ocrx_word' id='word_1_151' title='bbox 589 1785 800 1842; x_wconf 89' lang='lat' dir='ltr'>Valentinianum</span> <span class='ocrx_word' id='word_1_152' title='bbox 816 1785 985 1844; x_wconf 90' lang='lat' dir='ltr'>consularem</span> <span class='ocrx_word' id='word_1_153' title='bbox 1003 1785 1097 1841; x_wconf 84' lang='lat' dir='ltr'>Piceni.</span> <span class='ocrx_word' id='word_1_154' title='bbox 1128 1784 1190 1842; x_wconf 91' lang='lat' dir='ltr'>Non</span> <span class='ocrx_word' id='word_1_155' title='bbox 1203 1801 1265 1850; x_wconf 74' lang='lat' dir='ltr'>[aaa]</span> 
     </span>
     <span class='ocr_line' id='line_1_21' title="bbox 281 1867 1190 1944; baseline 0.001 -20"><span class='ocrx_word' id='word_1_156' title='bbox 281 1867 391 1926; x_wconf 89' lang='lat' dir='ltr'>dubium</span> <span class='ocrx_word' id='word_1_157' title='bbox 407 1877 459 1940; x_wconf 90' lang='lat' dir='ltr'>est,</span> <span class='ocrx_word' id='word_1_158' title='bbox 472 1883 532 1924; x_wconf 89' lang='lat' dir='ltr'>eum</span> <span class='ocrx_word' id='word_1_159' title='bbox 548 1886 562 1925; x_wconf 91' lang='lat' dir='ltr'>a</span> <span class='ocrx_word' id='word_1_160' title='bbox 574 1868 625 1926; x_wconf 81' lang='lat' dir='ltr'>inde</span> <span class='ocrx_word' id='word_1_161' title='bbox 640 1869 730 1944; x_wconf 89' lang='lat' dir='ltr'>placiti</span> <span class='ocrx_word' id='word_1_162' title='bbox 741 1871 896 1941; x_wconf 88' lang='lat' dir='ltr'>recessisse,</span> <span class='ocrx_word' id='word_1_163' title='bbox 909 1871 965 1944; x_wconf 87' lang='lat' dir='ltr'>qui,</span> <span class='ocrx_word' id='word_1_164' title='bbox 977 1885 1044 1944; x_wconf 86' lang='lat' dir='ltr'>quae</span> <span class='ocrx_word' id='word_1_165' title='bbox 1059 1870 1190 1942; x_wconf 84' lang='lat' dir='ltr'>promise·</span> 
     </span>
     <span class='ocr_line' id='line_1_22' title="bbox 282 1945 1192 2026; baseline 0.001 -18"><span class='ocrx_word' id='word_1_166' title='bbox 282 1961 339 2022; x_wconf 88' lang='lat' dir='ltr'>rat,</span> <span class='ocrx_word' id='word_1_167' title='bbox 366 1951 478 2025; x_wconf 90' lang='lat' dir='ltr'>implere</span> <span class='ocrx_word' id='word_1_168' title='bbox 500 1945 627 2026; x_wconf 76' lang='lat' dir='ltr'>&#39;noluit,³</span> <span class='ocrx_word' id='word_1_169' title='bbox 649 1953 830 2010; x_wconf 82' lang='lat' dir='ltr'>Vaterniniane</span> <span class='ocrx_word' id='word_1_170' title='bbox 850 1955 994 2011; x_wconf 88' lang='lat' dir='ltr'>carissime.</span> <span class='ocrx_word' id='word_1_171' title='bbox 1032 1952 1145 2009; x_wconf 81' lang='lat' dir='ltr'>Proinde</span> <span class='ocrx_word' id='word_1_172' title='bbox 1167 1954 1192 2009; x_wconf 90' lang='lat' dir='ltr'>si</span> 
     </span>
    </p>
   </div>
   <div class='ocr_carea' id='block_1_4' title="bbox 281 2035 1193 2948">
    <p class='ocr_par' dir='ltr' id='par_1_12' title="bbox 281 2035 1192 2594">
     <span class='ocr_line' id='line_1_23' title="bbox 281 2035 1192 2110; baseline 0 -17"><span class='ocrx_word' id='word_1_173' title='bbox 281 2036 433 2093; x_wconf 87' lang='lat' dir='ltr'>aduersario</span> <span class='ocrx_word' id='word_1_174' title='bbox 457 2037 650 2109; x_wconf 89' lang='lat' dir='ltr'>supersedente</span> <span class='ocrx_word' id='word_1_175' title='bbox 673 2039 795 2094; x_wconf 84' lang='lat' dir='ltr'>cominus</span> <span class='ocrx_word' id='word_1_176' title='bbox 818 2035 950 2108; x_wconf 83' lang='lat' dir='ltr'>explicare</span> <span class='ocrx_word' id='word_1_177' title='bbox 973 2054 1015 2107; x_wconf 90' lang='lat' dir='ltr'>ea,</span> <span class='ocrx_word' id='word_1_178' title='bbox 1038 2053 1106 2110; x_wconf 89' lang='lat' dir='ltr'>quae</span> <span class='ocrx_word' id='word_1_179' title='bbox 1128 2054 1192 2110; x_wconf 91' lang='lat' dir='ltr'>spo·</span> 
     </span>
     <span class='ocr_line' id='line_1_24' title="bbox 281 2117 1192 2194; baseline 0 -18"><span class='ocrx_word' id='word_1_180' title='bbox 281 2119 422 2194; x_wconf 88' lang='lat' dir='ltr'>ponderat,</span> <span class='ocrx_word' id='word_1_181' title='bbox 446 2117 511 2176; x_wconf 84' lang='lat' dir='ltr'>fides</span> <span class='ocrx_word' id='word_1_182' title='bbox 534 2121 625 2194; x_wconf 89' lang='lat' dir='ltr'>placiti</span> <span class='ocrx_word' id='word_1_183' title='bbox 640 2120 758 2192; x_wconf 92' lang='lat' dir='ltr'>uacillat,</span> <span class='ocrx_word' id='word_1_184' title='bbox 780 2119 923 2178; x_wconf 87' lang='lat' dir='ltr'>iarnillares</span> <span class='ocrx_word' id='word_1_185' title='bbox 939 2121 1059 2192; x_wconf 87' lang='lat' dir='ltr'>litterae,</span> <span class='ocrx_word' id='word_1_186' title='bbox 1077 2137 1143 2194; x_wconf 91' lang='lat' dir='ltr'>quas</span> <span class='ocrx_word' id='word_1_187' title='bbox 1159 2121 1192 2176; x_wconf 88' lang='lat' dir='ltr'>ad</span> 
     </span>
     <span class='ocr_line' id='line_1_25' title="bbox 281 2202 1192 2280; baseline 0 -21"><span class='ocrx_word' id='word_1_188' title='bbox 281 2220 311 2260; x_wconf 88' lang='lat' dir='ltr'>se</span> <span class='ocrx_word' id='word_1_189' title='bbox 327 2204 420 2259; x_wconf 86' lang='lat' dir='ltr'>missas</span> <span class='ocrx_word' id='word_1_190' title='bbox 436 2202 497 2260; x_wconf 90' lang='lat' dir='ltr'>dicit</span> <span class='ocrx_word' id='word_1_191' title='bbox 500 2205 635 2280; x_wconf 91' lang='lat' dir='ltr'>,supplici</span> <span class='ocrx_word' id='word_1_192' title='bbox 647 2203 777 2278; x_wconf 80' lang='lat' dir='ltr'>linoperio</span> <span class='ocrx_word' id='word_1_193' title='bbox 790 2220 844 2261; x_wconf 91' lang='lat' dir='ltr'>non</span> <span class='ocrx_word' id='word_1_194' title='bbox 857 2203 981 2260; x_wconf 88' lang='lat' dir='ltr'>oberunt.</span> <span class='ocrx_word' id='word_1_195' title='bbox 1011 2204 1090 2260; x_wconf 84' lang='lat' dir='ltr'>Viues</span> <span class='ocrx_word' id='word_1_196' title='bbox 1101 2205 1192 2278; x_wconf 87' lang='lat' dir='ltr'>etiam,</span> 
     </span>
     <span class='ocr_line' id='line_1_26' title="bbox 282 2288 1192 2383; baseline 0.002 -41"><span class='ocrx_word' id='word_1_197' title='bbox 282 2303 352 2361; x_wconf 89' lang='lat' dir='ltr'>quos</span> <span class='ocrx_word' id='word_1_198' title='bbox 373 2295 520 2344; x_wconf 88' lang='lat' dir='ltr'>temeratos</span> <span class='ocrx_word' id='word_1_199' title='bbox 536 2297 691 2360; x_wconf 87' lang='lat' dir='ltr'>asseuerat,</span> <span class='ocrx_word' id='word_1_200' title='bbox 714 2296 802 2344; x_wconf 91' lang='lat' dir='ltr'>amota</span> <span class='ocrx_word' id='word_1_201' title='bbox 821 2288 1036 2383; x_wconf 88' lang='lat' dir='ltr'>praescriptione</span> <span class='ocrx_word' id='word_1_202' title='bbox 1052 2289 1192 2362; x_wconf 90' lang='lat' dir='ltr'>temporis,</span> 
     </span>
     <span class='ocr_line' id='line_1_27' title="bbox 281 2349 1191 2468; baseline 0.001 -41"><span class='ocrx_word' id='word_1_203' title='bbox 281 2371 320 2440; x_wconf 86' lang='lat' dir='ltr'>lri,</span> <span class='ocrx_word' id='word_1_204' title='bbox 337 2372 382 2444; x_wconf 87' lang='lat' dir='ltr'>qui</span> <span class='ocrx_word' id='word_1_205' title='bbox 397 2381 586 2442; x_wconf 87' lang='lat' dir='ltr'>peruaserunt,</span> <span class='ocrx_word' id='word_1_206' title='bbox 603 2381 633 2428; x_wconf 90' lang='lat' dir='ltr'>ut</span> <span class='ocrx_word' id='word_1_207' title='bbox 648 2375 717 2428; x_wconf 89' lang='lat' dir='ltr'>ratio</span> <span class='ocrx_word' id='word_1_208' title='bbox 733 2371 799 2428; x_wconf 91' lang='lat' dir='ltr'>iuris</span> <span class='ocrx_word' id='word_1_209' title='bbox 816 2349 876 2441; x_wconf 87' lang='lat' dir='ltr'>est,</span> <span class='ocrx_word' id='word_1_210' title='bbox 891 2370 1033 2428; x_wconf 89' lang='lat' dir='ltr'>redhibere</span> <span class='ocrx_word' id='word_1_211' title='bbox 1049 2381 1191 2468; x_wconf 83' lang='lat' dir='ltr'>cogantur</span> 
     </span>
     <span class='ocr_line' id='line_1_28' title="bbox 282 2448 1192 2528; baseline 0.002 -20"><span class='ocrx_word' id='word_1_212' title='bbox 282 2453 368 2526; x_wconf 85' lang='lat' dir='ltr'>ttlleg.</span> <span class='ocrx_word' id='word_1_213' title='bbox 389 2451 431 2508; x_wconf 93' lang='lat' dir='ltr'>lV.</span> <span class='ocrx_word' id='word_1_214' title='bbox 453 2453 502 2510; x_wconf 80' lang='lat' dir='ltr'>lral</span> <span class='ocrx_word' id='word_1_215' title='bbox 525 2455 584 2510; x_wconf 88' lang='lat' dir='ltr'>llaii</span> <span class='ocrx_word' id='word_1_216' title='bbox 603 2454 693 2512; x_wconf 82' lang='lat' dir='ltr'>Flauia</span> <span class='ocrx_word' id='word_1_217' title='bbox 715 2448 900 2512; x_wconf 64' lang='lat' dir='ltr'>’sanescat’</span> <span class='ocrx_word' id='word_1_218' title='bbox 892 2471 918 2510; x_wconf 92' lang='lat' dir='ltr'>m</span> <span class='ocrx_word' id='word_1_219' title='bbox 940 2456 1103 2526; x_wconf 89' lang='lat' dir='ltr'>secretario,</span> <span class='ocrx_word' id='word_1_220' title='bbox 1124 2456 1192 2528; x_wconf 91' lang='lat' dir='ltr'>ipsis</span> 
     </span>
     <span class='ocr_line' id='line_1_29' title="bbox 281 2531 438 2594; baseline -0.013 -2"><span class='ocrx_word' id='word_1_221' title='bbox 281 2538 335 2594; x_wconf 78' lang='lat' dir='ltr'>Ad.</span> <span class='ocrx_word' id='word_1_222' title='bbox 352 2531 438 2592; x_wconf 71' lang='grc' dir='ltr'>εοεε.2</span> 
     </span>
    </p>

    <p class='ocr_par' dir='ltr' id='par_1_13' title="bbox 281 2617 1193 2948">
     <span class='ocr_line' id='line_1_30' title="bbox 323 2617 1191 2696; baseline 0.001 -19"><span class='ocrx_word' id='word_1_223' title='bbox 323 2617 351 2677; x_wconf 81' lang='grc'>5.</span> <span class='ocrx_word' id='word_1_224' title='bbox 367 2619 447 2676; x_wconf 89' lang='lat' dir='ltr'>iidem</span> <span class='ocrx_word' id='word_1_225' title='bbox 460 2620 514 2677; x_wconf 81' lang='lat' dir='ltr'>tlt.</span> <span class='ocrx_word' id='word_1_226' title='bbox 525 2620 615 2678; x_wconf 90' lang='lat' dir='ltr'>Heliae</span> <span class='ocrx_word' id='word_1_227' title='bbox 627 2621 770 2679; x_wconf 80' lang='lat' dir='ltr'>Bononiae.</span> <span class='ocrx_word' id='word_1_228' title='bbox 796 2621 870 2680; x_wconf 89' lang='lat' dir='ltr'>Lites</span> <span class='ocrx_word' id='word_1_229' title='bbox 886 2621 954 2679; x_wconf 91' lang='lat' dir='ltr'>trahi</span> <span class='ocrx_word' id='word_1_230' title='bbox 970 2629 997 2678; x_wconf 89' lang='lat' dir='ltr'>et</span> <span class='ocrx_word' id='word_1_231' title='bbox 1012 2621 1063 2678; x_wconf 91' lang='lat' dir='ltr'>sub</span> <span class='ocrx_word' id='word_1_232' title='bbox 1075 2622 1191 2696; x_wconf 88' lang='lat' dir='ltr'>quodam</span> 
     </span>
     <span class='ocr_line' id='line_1_31' title="bbox 281 2703 1193 2780; baseline 0 -18"><span class='ocrx_word' id='word_1_233' title='bbox 281 2705 419 2780; x_wconf 88' lang='lat' dir='ltr'>potentiae</span> <span class='ocrx_word' id='word_1_234' title='bbox 442 2711 546 2762; x_wconf 88' lang='lat' dir='ltr'>terrore</span> <span class='ocrx_word' id='word_1_235' title='bbox 568 2703 674 2762; x_wconf 84' lang='lat' dir='ltr'>infimos</span> <span class='ocrx_word' id='word_1_236' title='bbox 696 2705 815 2780; x_wconf 77' lang='lat' dir='ltr'>fatigari,</span> <span class='ocrx_word' id='word_1_237' title='bbox 838 2707 997 2762; x_wconf 89' lang='lat' dir='ltr'>iudiciorum</span> <span class='ocrx_word' id='word_1_238' title='bbox 1018 2706 1132 2780; x_wconf 86' lang='lat' dir='ltr'>’spectat</span> <span class='ocrx_word' id='word_1_239' title='bbox 1154 2708 1193 2762; x_wconf 85' lang='lat' dir='ltr'>od</span> 
     </span>
     <span class='ocr_line' id='line_1_32' title="bbox 281 2781 1191 2864; baseline -0.002 -18"><span class='ocrx_word' id='word_1_240' title='bbox 281 2781 432 2846; x_wconf 78' lang='lat' dir='ltr'>inuidiam.⁶</span> <span class='ocrx_word' id='word_1_241' title='bbox 469 2788 543 2846; x_wconf 91' lang='lat' dir='ltr'>Unde</span> <span class='ocrx_word' id='word_1_242' title='bbox 558 2791 581 2846; x_wconf 91' lang='lat' dir='ltr'>si</span> <span class='ocrx_word' id='word_1_243' title='bbox 596 2789 778 2846; x_wconf 89' lang='lat' dir='ltr'>aduersarium</span> <span class='ocrx_word' id='word_1_244' title='bbox 795 2799 870 2846; x_wconf 92' lang='lat' dir='ltr'>tuum</span> <span class='ocrx_word' id='word_1_245' title='bbox 887 2790 969 2864; x_wconf 81' lang='lat' dir='ltr'>longe</span> <span class='ocrx_word' id='word_1_246' title='bbox 984 2806 998 2844; x_wconf 93' lang='lat' dir='ltr'>a</span> <span class='ocrx_word' id='word_1_247' title='bbox 1014 2787 1061 2846; x_wconf 83' lang='lat' dir='ltr'>lilii</span> <span class='ocrx_word' id='word_1_248' title='bbox 1077 2791 1115 2846; x_wconf 89' lang='lat' dir='ltr'>tui</span> <span class='ocrx_word' id='word_1_249' title='bbox 1130 2805 1191 2845; x_wconf 89' lang='lat' dir='ltr'>suc·</span> 
     </span>
     <span class='ocr_line' id='line_1_33' title="bbox 281 2873 1190 2948; baseline -0.002 -18"><span class='ocrx_word' id='word_1_250' title='bbox 281 2875 404 2930; x_wconf 88' lang='lat' dir='ltr'>cessione</span> <span class='ocrx_word' id='word_1_251' title='bbox 419 2876 537 2946; x_wconf 88' lang='lat' dir='ltr'>positum</span> <span class='ocrx_word' id='word_1_252' title='bbox 553 2875 619 2930; x_wconf 89' lang='lat' dir='ltr'>haec</span> <span class='ocrx_word' id='word_1_253' title='bbox 633 2875 661 2929; x_wconf 93' lang='lat' dir='ltr'>in</span> <span class='ocrx_word' id='word_1_254' title='bbox 676 2882 713 2944; x_wconf 87' lang='lat' dir='ltr'>te,</span> <span class='ocrx_word' id='word_1_255' title='bbox 729 2889 797 2947; x_wconf 90' lang='lat' dir='ltr'>quae</span> <span class='ocrx_word' id='word_1_256' title='bbox 809 2873 934 2947; x_wconf 83' lang='lat' dir='ltr'>precibus</span> <span class='ocrx_word' id='word_1_257' title='bbox 946 2875 1067 2946; x_wconf 78' lang='lat' dir='ltr'>tenuisti,</span> <span class='ocrx_word' id='word_1_258' title='bbox 1083 2873 1190 2948; x_wconf 81' lang='lat' dir='ltr'>excogi-</span> 
     </span>
    </p>
   </div>
   <div class='ocr_carea' id='block_1_5' title="bbox 234 3117 1192 3538">
    <p class='ocr_par' dir='ltr' id='par_1_14' title="bbox 234 3117 1192 3397">
     <span class='ocr_line' id='line_1_34' title="bbox 234 3117 1190 3186; baseline -0.001 -17"><span class='ocrx_word' id='word_1_259' title='bbox 234 3121 341 3186; x_wconf 83' lang='lat' dir='ltr'>priores</span> <span class='ocrx_word' id='word_1_260' title='bbox 355 3120 393 3168; x_wconf 81' lang='lat' dir='ltr'>tit.</span> <span class='ocrx_word' id='word_1_261' title='bbox 409 3119 440 3168; x_wconf 85' lang='lat' dir='ltr'>de</span> <span class='ocrx_word' id='word_1_262' title='bbox 451 3121 538 3182; x_wconf 84' lang='lat' dir='ltr'>pactis</span> <span class='ocrx_word' id='word_1_263' title='bbox 553 3117 583 3182; x_wconf 77' lang='lat' dir='ltr'>(a,</span> <span class='ocrx_word' id='word_1_264' title='bbox 598 3118 634 3184; x_wconf 85' lang='lat' dir='ltr'>e),</span> <span class='ocrx_word' id='word_1_265' title='bbox 650 3121 775 3180; x_wconf 80' lang='lat' dir='ltr'>nltimam,</span> <span class='ocrx_word' id='word_1_266' title='bbox 790 3121 821 3170; x_wconf 86' lang='lat' dir='ltr'>de</span> <span class='ocrx_word' id='word_1_267' title='bbox 836 3136 886 3186; x_wconf 84' lang='lat' dir='ltr'>quc</span> <span class='ocrx_word' id='word_1_268' title='bbox 901 3121 951 3170; x_wconf 86' lang='lat' dir='ltr'>vid.</span> <span class='ocrx_word' id='word_1_269' title='bbox 973 3119 1078 3170; x_wconf 79' lang='lat' dir='ltr'>Wenck.</span> <span class='ocrx_word' id='word_1_270' title='bbox 1094 3121 1130 3169; x_wconf 86' lang='lat' dir='ltr'>cd</span> <span class='ocrx_word' id='word_1_271' title='bbox 1147 3119 1190 3168; x_wconf 84' lang='grc' dir='ltr'><em>ΤΙι.</em></span> 
     </span>
     <span class='ocr_line' id='line_1_35' title="bbox 241 3187 1192 3256; baseline -0.004 -14"><span class='ocrx_word' id='word_1_272' title='bbox 241 3191 265 3242; x_wconf 77' lang='lat'>0.</span> <span class='ocrx_word' id='word_1_273' title='bbox 278 3190 307 3256; x_wconf 53' lang='lat' dir='ltr'>p,</span> <span class='ocrx_word' id='word_1_274' title='bbox 321 3202 376 3252; x_wconf 76' lang='lat'>242,</span> <span class='ocrx_word' id='word_1_275' title='bbox 391 3192 429 3239; x_wconf 86' lang='lat' dir='ltr'>tit.</span> <span class='ocrx_word' id='word_1_276' title='bbox 445 3189 480 3238; x_wconf 85' lang='lat' dir='ltr'>ad</span> <span class='ocrx_word' id='word_1_277' title='bbox 492 3187 539 3239; x_wconf 78' lang='lat' dir='ltr'>SC.</span> <span class='ocrx_word' id='word_1_278' title='bbox 552 3189 639 3240; x_wconf 82' lang='lat' dir='ltr'>Claud.</span> <span class='ocrx_word' id='word_1_279' title='bbox 655 3190 686 3254; x_wconf 87' lang='lat'>(4,</span> <span class='ocrx_word' id='word_1_280' title='bbox 696 3191 719 3253; x_wconf 81' lang='lat' dir='ltr'>e)</span> <span class='ocrx_word' id='word_1_281' title='bbox 734 3193 830 3250; x_wconf 83' lang='lat' dir='ltr'>intulit,</span> <span class='ocrx_word' id='word_1_282' title='bbox 846 3193 913 3240; x_wconf 85' lang='lat' dir='ltr'>alios</span> <span class='ocrx_word' id='word_1_283' title='bbox 928 3192 1056 3240; x_wconf 81' lang='lat' dir='ltr'>interdum</span> <span class='ocrx_word' id='word_1_284' title='bbox 1070 3191 1192 3240; x_wconf 83' lang='lat' dir='ltr'>lectiones</span> 
     </span>
     <span class='ocr_line' id='line_1_36' title="bbox 238 3257 1191 3328; baseline -0.003 -17"><span class='ocrx_word' id='word_1_285' title='bbox 238 3277 358 3326; x_wconf 85' lang='lat' dir='ltr'>sequens,</span> <span class='ocrx_word' id='word_1_286' title='bbox 373 3275 450 3324; x_wconf 83' lang='lat' dir='ltr'>quos,</span> <span class='ocrx_word' id='word_1_287' title='bbox 469 3260 536 3310; x_wconf 84' lang='lat' dir='ltr'>unde</span> <span class='ocrx_word' id='word_1_288' title='bbox 549 3262 684 3323; x_wconf 83' lang='lat' dir='ltr'>petiverit,</span> <span class='ocrx_word' id='word_1_289' title='bbox 704 3263 803 3328; x_wconf 74' lang='lat' dir='ltr'>ipnoro.</span> <span class='ocrx_word' id='word_1_290' title='bbox 880 3257 899 3325; x_wconf 90' lang='lat'>¹)</span> <span class='ocrx_word' id='word_1_291' title='bbox 916 3260 979 3311; x_wconf 86' lang='lat' dir='ltr'>Por.</span> <span class='ocrx_word' id='word_1_292' title='bbox 994 3273 1027 3313; x_wconf 79' lang='lat'>86.</span> <span class='ocrx_word' id='word_1_293' title='bbox 1052 3274 1191 3324; x_wconf 88' lang='lat' dir='ltr'>oppressam</span> 
     </span>
     <span class='ocr_line' id='line_1_37' title="bbox 239 3327 1137 3397; baseline -0.002 -16"><span class='ocrx_word' id='word_1_294' title='bbox 239 3332 302 3382; x_wconf 84' lang='lat' dir='ltr'>Por.</span> <span class='ocrx_word' id='word_1_295' title='bbox 319 3344 351 3384; x_wconf 77' lang='lat' dir='ltr'>tt.</span> <span class='ocrx_word' id='word_1_296' title='bbox 373 3333 455 3397; x_wconf 68' lang='lat' dir='ltr'>Pupp.</span> <span class='ocrx_word' id='word_1_297' title='bbox 531 3327 589 3395; x_wconf 73' lang='lat' dir='ltr'>²)c.</span> <span class='ocrx_word' id='word_1_298' title='bbox 604 3343 660 3391; x_wconf 71' lang='lat'>³65„</span> <span class='ocrx_word' id='word_1_299' title='bbox 675 3333 740 3396; x_wconf 83' lang='lat' dir='ltr'>ipsis</span> <span class='ocrx_word' id='word_1_300' title='bbox 753 3347 789 3382; x_wconf 85' lang='lat' dir='ltr'>sc.</span> <span class='ocrx_word' id='word_1_301' title='bbox 805 3331 932 3396; x_wconf 72' lang='lat' dir='ltr'>depastis</span> <span class='ocrx_word' id='word_1_302' title='bbox 946 3333 1058 3394; x_wconf 83' lang='lat' dir='ltr'>primum</span> <span class='ocrx_word' id='word_1_303' title='bbox 1073 3345 1137 3381; x_wconf 85' lang='lat' dir='ltr'>coss.</span> 
     </span>
    </p>

    <p class='ocr_par' dir='ltr' id='par_1_15' title="bbox 239 3399 1191 3538">
     <span class='ocr_line' id='line_1_38' title="bbox 239 3399 1191 3468; baseline 0.001 -17"><span class='ocrx_word' id='word_1_304' title='bbox 239 3399 260 3466; x_wconf 69' lang='grc'>8)</span> <span class='ocrx_word' id='word_1_305' title='bbox 277 3402 340 3452; x_wconf 84' lang='lat' dir='ltr'>Par.</span> <span class='ocrx_word' id='word_1_306' title='bbox 355 3413 389 3454; x_wconf 79' lang='lat'>86.</span> <span class='ocrx_word' id='word_1_307' title='bbox 408 3402 467 3451; x_wconf 88' lang='lat' dir='ltr'>nolit</span> <span class='ocrx_word' id='word_1_308' title='bbox 482 3402 544 3451; x_wconf 85' lang='lat' dir='ltr'>Par.</span> <span class='ocrx_word' id='word_1_309' title='bbox 560 3413 593 3453; x_wconf 79' lang='lat' dir='ltr'>tt.</span> <span class='ocrx_word' id='word_1_310' title='bbox 610 3403 693 3468; x_wconf 79' lang='lat' dir='ltr'>Pu99.</span> <span class='ocrx_word' id='word_1_311' title='bbox 749 3400 771 3468; x_wconf 63' lang='grc'>4)</span> <span class='ocrx_word' id='word_1_312' title='bbox 785 3401 893 3451; x_wconf 87' lang='lat' dir='ltr'>Fenestri</span> <span class='ocrx_word' id='word_1_313' title='bbox 908 3401 966 3451; x_wconf 87' lang='lat' dir='ltr'>edd.</span> <span class='ocrx_word' id='word_1_314' title='bbox 983 3402 1055 3452; x_wconf 85' lang='lat' dir='ltr'>Corr.</span> <span class='ocrx_word' id='word_1_315' title='bbox 1073 3401 1191 3464; x_wconf 72' lang='lat' dir='ltr'>Gothosr.</span> 
     </span>
     <span class='ocr_line' id='line_1_39' title="bbox 239 3469 1190 3538; baseline -0.001 -18"><span class='ocrx_word' id='word_1_316' title='bbox 239 3469 260 3538; x_wconf 73' lang='grc' dir='ltr'>ὅ)</span> <span class='ocrx_word' id='word_1_317' title='bbox 275 3479 383 3534; x_wconf 87' lang='lat' dir='ltr'>expectat</span> <span class='ocrx_word' id='word_1_318' title='bbox 396 3473 485 3521; x_wconf 87' lang='lat' dir='ltr'>inuidia</span> <span class='ocrx_word' id='word_1_319' title='bbox 505 3472 561 3521; x_wconf 85' lang='lat' dir='ltr'>edd.</span> <span class='ocrx_word' id='word_1_320' title='bbox 577 3472 606 3521; x_wconf 90' lang='lat' dir='ltr'>ad</span> <span class='ocrx_word' id='word_1_321' title='bbox 626 3473 767 3522; x_wconf 86' lang='lat' dir='ltr'>iudiciorum</span> <span class='ocrx_word' id='word_1_322' title='bbox 786 3479 879 3537; x_wconf 86' lang='lat' dir='ltr'>spectat</span> <span class='ocrx_word' id='word_1_323' title='bbox 893 3472 1005 3522; x_wconf 89' lang='lat' dir='ltr'>inuidiam</span> <span class='ocrx_word' id='word_1_324' title='bbox 1020 3472 1059 3521; x_wconf 85' lang='lat' dir='ltr'>ed.</span> <span class='ocrx_word' id='word_1_325' title='bbox 1073 3470 1190 3534; x_wconf 77' lang='lat' dir='ltr'>Gotlrofr.</span> 
     </span>
    </p>
   </div>
   <div class='ocr_carea' id='block_1_6' title="bbox 0 0 1352 4110">
    <p class='ocr_par' dir='ltr' id='par_1_16' title="bbox 0 0 1352 4110">
     <span class='ocr_line' id='line_1_40' title="bbox 0 0 1352 4110; baseline 0 0"><span class='ocrx_word' id='word_1_326' title='bbox 0 0 1352 4110; x_wconf 95' lang='lat' dir='ltr'> </span> 
     </span>
    </p>
   </div>
  </div>
 </body>
</html>
