2696 4120
438 257 499 293 carr
519 257 623 298 russin.
642 239 690 294 lv.
708 245 816 299 24-25.
1046 243 1109 308 353

142 417 249 477 puram,
264 400 291 456 id
308 408 351 456 est
366 416 420 455 non
436 416 486 473 pro
501 398 638 471 iudicata,
662 399 739 456 uelut
760 399 809 456 lex
825 395 946 475 (Firma)
963 411 1108 458 testamen·

144 489 210 544 taria
233 485 368 542 aduersus
390 499 467 555 eum,
498 485 543 557 qui
566 483 719 556 legatorum
742 487 850 541 nomine
873 488 1004 542 mortisue
1027 503 1107 544 causa

143 573 205 646 plus
220 586 249 628 m
262 569 368 626 assibus
384 571 517 642 cepisset,
539 584 601 624 cum
623 585 654 624 ea
676 567 737 642 lege
758 587 813 626 non
828 580 901 626 esset
917 580 1057 645 exceptus,
1078 579 1108 627 ut

143 659 168 712 ei
189 654 252 728 plus
267 669 365 727 capere
384 652 493 722 liceret3
515 653 578 710 item
594 652 638 708 lex
654 651 748 710 llarcia
764 654 894 710 aduersus
910 655 1106 728 faeneratores,

143 749 174 797 ut
188 741 212 794 si
227 755 325 794 usuras
341 739 513 810 exegissent,
535 736 569 793 de
591 736 633 793 lris
649 737 791 794 reddendis
812 755 861 812 per
876 755 968 796 manus
984 741 1106 798 iniectio·

142 841 203 880 nem
227 840 287 880 cum
311 823 350 878 cis
372 830 510 896 ageretur.
554 816 603 884 24.
627 820 664 878 Ex
687 822 785 895 quibus
807 822 913 896 legibus
936 834 964 880 et
986 827 1008 881 si
1037 843 1106 900 quae

142 909 208 964 aliae
223 908 326 965 similes
341 914 444 978 essent,
467 922 529 963 cum
550 905 691 980 agebatur,
715 923 821 963 manum
842 907 893 963 sibi
920 909 1056 982 depellere
1079 917 1106 966 et

142 1009 192 1067 pro
214 1009 244 1048 se
267 992 329 1066 lege
350 1007 430 1062 agere
449 986 525 1066 '(rev
539 984 693 1066 licebat):¹
711 1008 771 1048 nam
787 999 815 1048 et
829 1001 906 1048 actor
921 995 947 1048 in
963 994 1020 1066 ipsa
1036 994 1105 1067 legis

142 1079 249 1135 actione
269 1092 324 1132 non
345 1073 479 1132 adiciebat
500 1075 554 1132 hcc
567 1075 682 1132 uerbum
697 1091 758 1134 ruo
774 1091 935 1153 rvnrcnro,
957 1077 1003 1132 sed
1020 1080 1107 1134 nomi·

142 1170 203 1218 nata
218 1177 308 1226 causa,
324 1177 357 1216 es
372 1176 425 1234 qua
436 1159 541 1233 agebat,
559 1162 596 1216 ita
611 1159 731 1217 dicebat:
746 1176 787 1218 os
803 1178 867 1218 sau
882 1179 946 1220 usu
960 1177 1025 1220 seo
1039 1179 1106 1222 mm

140 1260 381 1318 mnuvu1u10103
397 1261 458 1300 cum
480 1244 523 1318 bi,
539 1244 638 1320 quibus
657 1262 708 1319 pro
728 1245 847 1302 iudicatu
868 1249 939 1302 actio
961 1246 1022 1302 data
1038 1257 1105 1319 erat,

140 1333 277 1386 nominata
291 1346 382 1400 causa,
398 1345 431 1384 es
446 1345 499 1404 qua
514 1329 642 1404 agebant,
662 1331 700 1387 ita
714 1329 882 1388 inserebant:
905 1345 947 1388 os
961 1346 1026 1388 san
1040 1347 1105 1388 scu

141 1429 205 1472 cco
221 1429 287 1470 rrsr
308 1429 368 1471 nno
390 1429 544 1473 rvnronro
566 1430 678 1473 unuvu
699 1429 813 1474 rurcro:
836 1431 887 1472 nec
903 1432 946 1472 me
962 1417 1102 1490 praeterit,

141 1500 168 1555 in
191 1498 278 1554 iorma
299 1497 368 1572 legis
389 1497 484 1556 l'uriae
505 1499 722 1557 testamentariae
739 1514 800 1559 rso
815 1515 967 1560 sumcere
991 1500 1102 1557 uerbum
1179 1513 1183 1522 ’

70 1591 126 1645 [srvi
140 1585 238 1655 inseri,
259 1599 320 1640 cum
335 1583 362 1638 in
377 1584 436 1656 ipsa
451 1582 514 1658 lege
528 1599 583 1640 non
599 1584 651 1660 sit3
672 1582 746 1658 quod
762 1583 871 1642 uidetur
886 1577 892 1662 Ι
907 1585 982 1641 nulla
998 1586 1101 1642 ratione
1121 1597 1180 1651 197.

138 1671 249 1726 lactum.
298 1665 348 1728 25.
370 1667 423 1724 Sed
445 1675 541 1743 postea
564 1667 626 1744 lege
648 1661 771 1741 'Vallia,²
797 1679 911 1743 excepto
934 1669 1052 1726 iudicato
1075 1677 1104 1726 et

138 1771 191 1822 eo,
207 1769 259 1828 pro
274 1769 329 1826 qua
344 1751 494 1826 depensum
509 1761 561 1822 est,
583 1753 681 1810 ceteris
695 1751 832 1825 omnibus,
853 1769 915 1810 cum
933 1752 1032 1827 quibus
1054 1769 1104 1826 per

136 1855 234 1896 manus
255 1837 431 1894 iniectionem
451 1837 598 1912 agebatur,
618 1838 781 1912 permissum
801 1847 844 1895 est
863 1837 915 1893 sibi
930 1853 1037 1894 inanum
1057 1836 1103 1893 de·

136 1924 238 1999 pellere
254 1932 282 1979 ct
296 1938 347 1996 pro
362 1937 392 1977 se
408 1938 505 1996 agere:
520 1923 613 1998 itaque
627 1921 760 1980 iudicatus
775 1931 803 1978 et
818 1924 852 1994 is,
867 1937 918 1994 pro
934 1938 988 1994 quv
1001 1921 1102 1995 depen-

137 2025 197 2064 sum
214 2017 267 2080 est,
286 2008 367 2063 etiam
388 2015 452 2080 post
471 2005 541 2062 hanc
560 2006 649 2081 legem
665 2005 799 2063 uindicem
814 2005 879 2063 dare
900 2004 1053 2078 debebant,
1075 2014 1102 2061 et

136 2094 189 2150 nisi
205 2092 309 2162 darent,
325 2090 434 2146 ‹lomum
450 2090 626 2148 ducebantur.
660 2093 766 2166 istaque
786 2089 912 2166 quamdiu
932 2089 1003 2164 legis
1018 2091 1102 2147 actio·

135 2241 216 2277 caasa
234 2226 355 2276 addendo
370 2227 535 2289 peccavisse,
553 2232 579 2276 et
596 2225 711 2276 editores
727 2238 778 2276 non
793 2237 857 2275 raro
874 2226 1029 2292 plassemata
1043 2226 1100 2276 sine

135 2313 216 2348 causa
233 2297 372 2347 statuendo
391 2297 566 2360 procliviores
585 2295 678 2360 fuisse.
706 2295 794 2346 Etiam
814 2294 839 2345 lv.
854 2297 871 2345 l.
893 2295 954 2346 Gaii
972 2297 1100 2348 intererat

134 2369 231 2428 dicere,
246 2383 297 2418 non
312 2369 529 2417 minasmvitisin
538 2368 738 2432 contempseram,
752 2381 827 2432 quom
838 2381 890 2432 pro
905 2367 1020 2418 indicato
1035 2369 1100 2434 lepis

134 2442 263 2490 actionem
273 2455 301 2502 p.
312 2455 343 2488 m.
354 2439 399 2488 ini.
411 2439 484 2488 novis
497 2438 605 2506 legibus,
619 2453 685 2504 quae
693 2439 810 2488 actiones
818 2437 925 2497 dabant,
939 2439 1025 2488 datam
1035 2453 1099 2489 esse.

209 2507 230 2575 ¹)
245 2509 375 2572 supplevi.
390 2507 505 2578 (licebat)
520 2509 579 2560 edd.
615 2507 670 2561 Sed
682 2509 759 2560 etiam
773 2504 842 2560 ‘reo’
858 2511 1002 2569 eccidisse,
1019 2526 1099 2576 arpa·

136 2587 220 2630 mento
239 2586 277 2629 est
295 2587 345 2629 tvm
358 2594 466 2646 sequens
480 2588 504 2631 et
517 2587 598 2645 actor,
617 2587 669 2631 tam
687 2580 757 2646 qaod
774 2580 811 2630 ita
825 2581 895 2631 ratio
909 2588 1033 2644 apparet,
1053 2597 1101 2632 cvr

136 2652 214 2700 etiam
224 2666 259 2700 eac
269 2647 295 2702 ‘a
305 2648 409 2702 licebat’
422 2653 522 2716 factum
532 2647 657 2702 ‘dicebat’
668 2651 812 2712 excideret,
826 2666 903 2702 sensa
913 2667 1017 2710 carens,
1027 2658 1101 2716 post-

134 2738 211 2787 quam
221 2737 247 2772 re
262 2729 290 2772 vt
300 2724 455 2788 peminatnm
464 2724 658 2774 omissnmcrot.
714 2718 737 2788 ¹)
746 2720 793 2772 Sic
802 2737 855 2786 pro
865 2730 936 2773 certo
951 2719 1004 2782 V'i,
1019 2737 1101 2788 quare

135 2794 165 2842 id
178 2795 282 2843 interim
296 2795 410 2844 retinere
420 2795 508 2856 malui,
522 2808 674 2860 quamquam
683 2807 775 2843 vereor
784 2793 820 2842 od
828 2795 973 2858 exemplvm
983 2793 1101 2844 Mensiae

134 2866 208 2930 lepis.
227 2863 314 2914 Antea
329 2865 421 2915 Valeria
434 2861 644 2929 scripseram‘d.
659 2863 741 2914 neem
753 2863 779 2914 d.
797 2861 909 2914 Neacvm'
924 2881 951 2929 p.
961 2877 1008 2916 141.
1024 2865 1063 2915 ed.
1079 2876 1100 2917 a.

134 2943 242 2986 notans:
260 2950 309 2986 nec
327 2935 429 2995 dubito,
447 2938 510 3002 quin
529 2935 567 3003 (in
585 2931 739 3000 archetypo)
754 2935 877 2995 litterar,
894 2951 969 3002 qnam
985 2935 1011 2988 0.
1026 2935 1101 2986 natet

134 3007 162 3055 in
185 3023 262 3057 versv
281 3008 448 3056 antecedente
461 3013 523 3071 post
540 3021 594 3059 voc.
612 3021 680 3069 cvm,
695 3021 746 3070 per
764 3021 879 3058 errorem
896 3021 925 3057 eo
940 3007 1099 3073 mipraoerit,

134 3093 191 3127 cvm
204 3085 342 3129 corrector
355 3092 411 3128 eam
424 3093 504 3142 svper
517 3077 588 3128 vallia
604 3075 654 3145 (sic
665 3079 725 3143 sere
740 3075 776 3144 0.)
789 3079 965 3142 supplevisset.

132 3193 283 3258 dependam:
297 3192 343 3244 Ubi
356 3191 528 3257 quadruplatur
541 3192 598 3258 quoi
612 3191 702 3254 inpiam
716 3189 779 3258 (pro
791 3190 937 3258 quempiam)
951 3193 1034 3243 inierit
1048 3208 1099 3243 ma·

132 3278 197 3313 num.
217 3263 263 3313 Em
276 3264 364 3314 eodem
378 3279 439 3314 vero
453 3265 510 3315 loco
524 3264 656 3322 discimus,
670 3278 705 3312 em
717 3263 865 3314 huiusmodi
873 3264 1020 3314 actionibus
1033 3271 1099 3314 tres·

131 3336 205 3385 viras
219 3337 348 3398 capitales
365 3335 498 3386 iudicasse
511 3341 536 3385 et
549 3341 663 3385 actorem
678 3335 736 3384 aine
750 3337 871 3399 periculo
884 3348 932 3384 svo
946 3335 1099 3398 litigavisse.

131 3405 171 3454 lex
184 3402 268 3473 Furia]
284 3407 318 3469 cf.
333 3418 354 3469 2,
369 3417 415 3458 aas.
439 3407 476 3456 lex
494 3401 595 3474 llarcia]
609 3421 634 3454 a.
650 3421 674 3455 n.
688 3417 738 3457 402.
759 3405 797 3470 Os.
810 3405 854 3456 tib.
868 3420 949 3455 meum
965 3401 1001 3456 ‘ei
1017 3403 1100 3454 neena

130 3477 179 3526 des
190 3475 303 3527 Neaenm’
311 3489 387 3541 panii
393 3487 492 3542 seq.14i
510 3478 637 3541 conplures
648 3477 678 3526 al.
689 3473 717 3544 l.]
726 3477 761 3540 cf.
773 3476 1000 3528 l..s.1).deaieot.
1011 3473 1056 3542 (11,
1066 3473 1098 3540 d).

130 3543 157 3614 ἓ.
174 3550 215 3600 25.
234 3549 286 3610 lege
310 3546 435 3616 Valeriani]
455 3565 479 3598 o.
500 3565 523 3600 u.
541 3560 590 3600 41³.
625 3548 663 3612 Cf.
685 3544 722 3597 ‘d.
739 3547 821 3598 Recltt
839 3547 864 3597 d.
881 3543 992 3596 Neaevm’
1010 3562 1038 3610 p.
1054 3557 1100 3598 146.

129 3619 262 3668 iudicatum
277 3617 352 3688 solui]
368 3621 403 3684 cf.
418 3623 442 3684 §-
457 3631 503 3672 108.
522 3615 654 3686 uindicem]
671 3619 709 3682 Of.
723 3621 768 3668 ieac
778 3621 860 3670 colon.
873 3617 959 3673 Genet.
969 3617 1019 3668 Iul.
1031 3633 1053 3669 c.
1064 3629 1099 3670 tt.

182 3722 282 3755 merses.
296 3723 375 3756 annm.
388 3724 442 3754 sun.
465 3724 502 3754 nn.
517 3725 538 3756 v.
865 3705 898 3755 23
