2678 4116
237 213 302 280 236
539 230 597 266 unu
614 211 889 268 177717.ἸΙ.71-78.

236 365 273 419 ita
288 360 414 435 paulatim
430 359 531 418 llumen
547 375 613 434 agro
628 366 724 416 nostro
740 358 833 430 adicit,
850 368 881 416 ut
896 361 1036 416 aestimare
1057 377 1113 418 uon
1128 375 1208 436 pos··

236 447 331 521 simus,
346 453 475 518 qnantum
488 461 597 518 qnoque
608 451 744 500 momento
761 445 890 516 temporis
902 442 1047 500 adiciatur:
1065 439 1127 518 (et)²
1139 446 1193 504 boc

237 537 289 601 est,
305 529 379 602 quod
395 529 479 602 uolgo
495 528 609 598 dicitur,
624 543 674 600 per
688 525 851 582 alluuionem
866 527 893 582 id
908 526 975 583 adici
992 527 1095 600 uideri,
1116 527 1190 602 quod
1202 541 1267 590 [161]

236 615 273 668 ita
288 612 414 686 paulatim
429 612 558 682 adicitur,
581 618 612 668 nt
627 609 721 668 oculos
743 616 853 666 nostros
874 609 960 667 sallat.
997 607 1038 669 71.
1060 613 1153 685 ltaque
1168 615 1191 670 si

237 694 337 752 llumen
352 704 455 769 partem
471 695 586 768 aliquam
602 710 634 750 ex
648 701 697 750 tuo
713 693 823 768 praedio
839 685 997 751 resciderit²
1012 695 1087 752 etad
1102 712 1191 752 meum

185 784 225 832 71.
236 778 374 853 praedium
389 779 541 854 pertulerit,
557 779 623 835 baec
638 794 699 851 pars
716 786 762 834 tua
774 771 873 855 malnet
918 773 965 838 72.
981 781 1016 835 At
1026 782 1050 835 si
1064 780 1092 836 in
1104 779 1192 837 medio

236 862 347 919 llumine
367 863 454 920 insula
474 872 535 919 nata
555 863 608 932 sit,
628 862 694 918 haec
715 876 809 918 eorum
831 862 950 918 omnium
974 867 1126 920 communis
1140 871 1191 935 est,

236 947 283 1020 qui
298 946 331 1002 ab
346 955 461 1021 utraque
476 954 552 1020 parte
567 944 685 1002 lluminis
700 960 786 1019 prope
808 947 892 1019 ripam
912 946 1019 1019 praedia
1034 945 1191 1020 possident3

236 1032 337 1087 sineno
349 1047 403 1086 non
415 1033 451 1086 sit
461 1029 583 1086 inmedio
595 1030 715 1101 flumine,
723 1029 756 1084 ad
767 1045 814 1084 eos
826 1029 956 1102 pertinet,
964 1032 1010 1104 qui
1022 1030 1054 1088 ab
1064 1047 1095 1088 ea
1102 1040 1191 1104 parte,

237 1130 306 1188 quae
319 1118 443 1188 proxima
457 1122 509 1184 est,
524 1115 598 1169 iusta
612 1114 697 1187 ripam
711 1111 820 1186 praedia
835 1111 943 1169 babent.
980 1107 1027 1171 73.
1047 1113 1191 1170 Praeterea
1240 1116 1242 1122 '

235 1198 271 1269 id,
288 1198 361 1271 quod
375 1199 403 1254 in
418 1198 478 1254 solo
493 1205 590 1254 nostro
601 1196 634 1253 ab
649 1197 739 1270 aliquo
754 1193 921 1252 aedificatum
933 1205 985 1268 est,
1001 1197 1126 1271 quamuis
1140 1195 1189 1252 ille

235 1297 286 1338 suo
301 1281 411 1338 nomine
421 1279 614 1350 aedificauerit,
629 1279 812 1336 iuronaturali
823 1287 948 1336 nostrum
960 1275 1001 1352 fit,
1016 1281 1078 1353 quia
1092 1295 1188 1352 super·

236 1363 308 1422 ficies
323 1365 383 1421 solo
398 1364 478 1422 cedit.
520 1360 568 1421 74.
592 1364 731 1438 llultoque
746 1365 831 1436 magis
846 1363 875 1419 id
890 1363 985 1421 accidit
999 1371 1027 1421 et
1041 1365 1069 1419 ln
1084 1362 1187 1438 planta,

236 1464 316 1522 quam
330 1449 391 1520 quis
405 1450 433 1504 iu
447 1447 507 1504 solo
522 1456 618 1504 nostro
632 1449 772 1521 posuerit,
793 1449 817 1502 si
837 1447 919 1504 modo
939 1445 1074 1504 radicibus
1088 1455 1189 1503 terram

235 1530 374 1606 complexa
388 1531 480 1589 luerit.
516 1525 560 1590 75.
580 1530 652 1588 ldem
668 1531 803 1606 contingit
817 1538 845 1586 et
859 1532 887 1588 iu
899 1531 1056 1604 frumento,
1074 1525 1147 1606 quod
1162 1531 1190 1586 in

236 1614 296 1672 solo
312 1622 408 1673 nostro
423 1615 457 1674 ab
471 1613 563 1689 aliquo
578 1624 664 1672 satum
680 1614 771 1671 luerit.
809 1607 854 1674 76.
876 1613 929 1672 Sed
944 1617 968 1671 si
979 1613 1011 1671 ab
1022 1631 1055 1672 eo
1067 1623 1190 1689 petamus

236 1699 351 1756 fundum
365 1698 408 1756 uel
419 1697 613 1775 aedilicium,et
624 1701 750 1772 inpensas
761 1700 789 1754 in
800 1695 949 1755 aedificium
960 1698 1004 1756 uel
1012 1699 1040 1754 in
1050 1697 1190 1756 seminaria

207 1793 212 1804 ·
236 1782 281 1840 nel
294 1784 323 1840 in
337 1791 484 1840 sementem
500 1783 582 1842 lacus
597 1785 622 1839 ei
636 1783 744 1839 soluere
759 1781 886 1852 nolimus,
902 1783 1005 1856 poterit
1019 1799 1069 1839 nos
1084 1798 1134 1858 per
1145 1798 1190 1838 ex·

156 1917 160 1924 .
236 1868 386 1942 ceptionem
409 1867 466 1924 doli
486 1867 548 1924 mali
563 1865 705 1941 repellere,
726 1867 819 1940 utiquc
834 1867 857 1922 si
872 1863 957 1922 bonae
973 1863 1034 1922 fidei
1045 1881 1190 1940 possessor

236 1949 329 2008 luerit.
364 1943 408 2008 77.
432 1950 530 2008 liudem
550 1953 656 2008 ratione
674 1941 818 2024 probatum
835 1956 896 2025 est,
917 1947 990 2023 quod
1010 1951 1039 2006 in
1060 1947 1190 2008 chartulis

236 2036 295 2092 siue
314 2035 474 2094 membranis
496 2037 562 2092 meis
584 2035 680 2108 aliquis
702 2033 858 2106 scripserit,
881 2029 946 2091 licet
967 2035 1055 2090 aureis
1081 2033 1188 2102 litteris,

235 2133 325 2176 meum
340 2135 410 2192 esse,
426 2121 487 2194 quia
497 2120 604 2176 litterae
616 2115 746 2175 chartulis
757 2118 816 2172 siue
827 2113 988 2174 membranis
1000 2113 1115 2175 cedunt:
1131 2117 1189 2174 ’ita-

236 2219 289 2277 que
311 2196 379 2278 (et)³
404 2205 427 2260 si
446 2220 500 2278 ego
526 2219 574 2260 eos
593 2201 676 2260 libros
702 2215 801 2274 easque
822 2197 988 2258 membranas
1007 2209 1111 2274 petam,
1140 2216 1191 2256 nee

235 2288 375 2360 inpensam
395 2288 543 2366 scripturae
559 2285 677 2354 uoluam,
697 2299 747 2358 per
767 2284 953 2358 exceptionem
968 2283 1024 2341 doli
1040 2283 1103 2341 mali
1116 2300 1190 2340 sum·

235 2371 340 2426 moueri
359 2379 467 2444 potero.
510 2363 557 2426 78.
580 2365 633 2425 Sed
658 2367 682 2423 si
702 2367 729 2424 in
750 2363 840 2424 tabula
865 2383 923 2424 mea
950 2367 1047 2441 aliquis
1073 2369 1190 2443 pinxerit

183 2461 224 2511 tu.
237 2451 322 2509 ueluti
337 2453 491 2527 imaginem,
507 2461 602 2510 contra
616 2443 786 2527 probatum-l
805 2453 892 2526 magis
907 2451 1096 2517 enimdicitur,
1113 2451 1189 2508 tabu·

235 2536 287 2592 lam
295 2537 416 2609 picturae
427 2536 539 2604 cedere,
548 2537 625 2593 cuius
637 2535 800 2591 diuersitatis
810 2536 855 2592 uin
863 2535 960 2592 idonea
970 2537 1039 2592 ratio
1051 2534 1188 2592 redditur:

235 2629 311 2677 certe
321 2618 468 2677 secundum
480 2620 550 2677 bano
559 2619 682 2694 regulam
694 2619 716 2674 si
727 2632 770 2675 me
780 2617 939 2691 possidente
949 2627 1038 2694 petas,
1046 2619 1189 2692 imaginem

236 2731 448 2746 ——d—--u

308 2799 328 2870 ¹)
343 2801 450 2854 Addidi.
502 2801 523 2871 Ι)
542 2801 569 2854 V
570 2787 603 2864 ⁸2,
613 2820 664 2856 non
678 2803 792 2855 reciderit
806 2805 857 2854 uid.
872 2820 964 2870 opopr.
979 2803 1090 2854 Studem.
1101 2817 1129 2868 p.
1140 2813 1189 2854 298.

236 2873 258 2941 ³)
271 2871 316 2926 Sic
330 2891 398 2925 nunc
412 2875 492 2926 moloc·
504 2873 620 2926 scribere
634 2891 708 2941 quam
723 2882 813 2926 antea:
828 2883 854 2924 at
868 2890 954 2940 oeque.

236 2981 448 2992 ha...—

305 3048 330 3120 ξ.
346 3054 387 3103 71.
409 3052 447 3114 cf.
462 3052 494 3101 ι.
509 3063 530 3103 r.
544 3053 568 3114 a.
583 3064 604 3104 a.
623 3051 656 3102 D.
671 3054 710 3102 tta.
725 3054 768 3102 etc.
784 3053 808 3114 7.
823 3063 856 3102 m.
874 3050 895 3102 1.
910 3053 949 3101 tit.
960 3053 1003 3102 cte.
1053 3047 1133 3120 §tn
1150 3051 1191 3114 cf.

234 3122 266 3172 1..
282 3125 376 3185 css.
395 3121 777 3184 D.tic.ett.§.ar.1.ctt.cic
828 3117 853 3189 §-
870 3124 911 3174 77.
933 3121 971 3184 Of.
987 3121 1141 3184 L.a.§.1r.
1157 3121 1189 3171 D.

233 3195 272 3242 tit.
288 3195 331 3243 cit.
356 3190 662 3257 §.co.1.tit.eit.Epit.
678 3205 698 3251 a,
714 3205 733 3242 1.
754 3195 811 3254 §.a
876 3189 900 3260 ᾗ.
917 3195 958 3243 tt.
980 3192 1018 3255 Of.
1033 3192 1065 3242 L.
1081 3194 1191 3254 7777.

234 3262 267 3313 D.
281 3265 319 3313 tit.
335 3265 378 3313 cit.
394 3263 433 3325 ἐξ.
449 3274 482 3314 un
496 3273 530 3314 m.
549 3262 572 3312 1.
588 3265 626 3312 tit.
641 3265 686 3313 eit.
701 3262 770 3327 Epic.
786 3275 806 3320 a,
822 3276 842 3314 ι.
858 3264 880 3324 ξ.
895 3275 916 3313 t.
972 3257 1054 3331 §.ib
1076 3262 1115 3325 Cf.
1130 3262 1193 3312 L.o

230 3349 274 3397 pr.
293 3334 326 3383 n.
341 3336 379 3384 cte.
395 3335 438 3383 otc.
457 3335 480 3395 ς.
496 3343 529 3384 m.
545 3332 567 3382 Ι.
583 3335 621 3383 tit.
637 3336 679 3391 eit.
694 3333 764 3397 Epic.
780 3335 796 3382 ι.
813 3347 834 3383 e.
890 3329 914 3400 ᾗ.
931 3335 972 3384 tt.
994 3331 1032 3396 Os.
1047 3329 1117 3397 Epic.
1132 3344 1154 3396 a,
1168 3345 1189 3382 1.

233 3402 764 3468 §.emnemespencaeum.
785 3402 1073 3465 §succendente
1109 3398 1135 3471 §-
1147 3404 1192 3454 77.

235 3475 273 3537 Cf.
288 3473 357 3538 Epic.
373 3485 394 3532 a,
409 3487 429 3524 1.
448 3475 487 3536 §i-
501 3485 523 3525 a.
538 3486 558 3526 e.
578 3473 610 3524 L.
625 3485 646 3526 o.
662 3476 685 3537 9.
700 3485 721 3526 1.
736 3473 768 3523 D.
784 3476 822 3523 tit.
839 3475 881 3524 cit.
899 3473 923 3535 §-
938 3483 972 3525 77.
987 3472 1010 3522 Ι.
1024 3474 1063 3522 tic,
1079 3475 1122 3523 eit.

233 3541 258 3612 §-
274 3545 316 3595 tn.
336 3546 393 3595 lurti
407 3541 481 3612 actio]
498 3545 532 3608 cs.
547 3556 568 3608 7,
582 3555 629 3597 707.
