2672 4112
254 223 278 270 X
630 220 837 272 PRAEFATIO.

254 372 293 438 ad
315 393 407 520 quem
429 371 637 456 probabiliter
656 370 767 435 referri
781 370 972 452 viderentur,
997 371 1207 454 exquirerem:

254 477 315 540 quo
359 457 386 520 si
407 456 476 520 fieri
497 469 564 522 non
579 458 713 538 poterat,
736 455 928 537 intempore
943 454 1132 536 definiendo,
1158 456 1208 519 oui

254 540 482 638 assignandum
504 539 649 623 quodque
671 542 755 603 esset
781 539 957 604 rationibus
978 538 1127 622 redditis,
1158 559 1207 603 ae·

254 644 367 705 quievi.

337 707 501 772 Postremo
529 705 697 770 dicendum
719 708 782 787 est,
805 705 1067 788 quemadmodum
1088 705 1123 768 in
1144 705 1207 768 sin·

254 790 338 874 galis
360 790 504 874 partibus
526 788 619 853 huius
643 789 839 854 collectionis
854 789 1049 858 instruendis
1063 793 1207 854 versatus

254 875 324 938 sim.
369 873 438 949 Qua
466 874 501 937 in
529 895 564 937 re
585 876 658 937 ante
681 873 789 937 omnia
810 894 885 955 prae
908 873 1007 936 oculis
1028 872 1140 954 habui,
1171 872 1207 936 li·

254 959 345 1022 brum
378 956 566 1021 academicis
598 957 735 1020 maxime
769 957 877 1020 usibus
906 954 1099 1020 destinatum
1127 977 1204 1020 esse.

254 1041 364 1125 ltaque
379 1041 515 1124 primum
531 1040 705 1104 cavendum
720 1043 803 1123 erat,
825 1061 866 1104 ne
881 1039 941 1104 hae
956 1060 1105 1104 mensura
1120 1039 1206 1104 adhi-

254 1126 331 1207 bita,
355 1125 465 1189 otiosis
480 1127 674 1205 oneraretur,
696 1124 810 1206 quibus
825 1127 858 1187 et
871 1124 1009 1206 pretium
1024 1123 1098 1187 libri
1112 1123 1207 1187 nimis

155 1271 160 1281 ,
255 1211 424 1292 augeretur
440 1211 471 1272 et
486 1207 578 1271 aliter
592 1207 740 1271 iuventus
756 1207 975 1289 deterreretur,
993 1206 1104 1271 deinde
1119 1227 1205 1290 veru,

253 1313 294 1356 ne
324 1293 399 1374 quid
427 1291 565 1373 deesset,
590 1312 651 1374 quo
673 1291 812 1355 studium
834 1292 910 1356 iuris
932 1290 1034 1355 civilis
1057 1289 1097 1355 ad
1119 1290 1206 1372 ipsos

253 1376 357 1438 sontes
373 1374 525 1438 accedens
539 1375 728 1438 incitaretur
743 1378 774 1438 et
789 1375 999 1438 adiuvarctur.
1037 1373 1118 1440 Cum
1133 1395 1207 1438 vero

256 1459 404 1540 pleraque
426 1457 690 1540 iurisprudentiae
716 1461 937 1538 monumenta,
967 1479 1046 1552 quae
1074 1460 1207 1521 aetatem

253 1542 407 1624 tulerunt,
430 1540 479 1604 vel
495 1540 681 1623 corruptelis
697 1540 864 1623 deturpata
880 1541 930 1604 vel
946 1544 1040 1603 atram
1056 1539 1207 1604 lacunosa

255 1630 287 1688 et
315 1625 419 1688 lacera
446 1624 484 1688 ad
512 1645 571 1689 nos
599 1624 802 1707 pervenerint
830 1627 862 1687 et
882 1622 941 1686 hac
963 1624 1151 1706 praesertim
1173 1644 1207 1687 rc

254 1708 393 1772 studium
421 1729 528 1771 eorum
555 1707 761 1790 impediatur,
789 1707 893 1790 prima
916 1728 991 1770 cura
1011 1707 1046 1770 in
1067 1705 1129 1770 hoc
1150 1727 1206 1789 po·

253 1791 359 1856 nenda
386 1795 468 1871 erat,
497 1793 532 1854 ut
559 1812 652 1874 quam
680 1791 922 1874 integerrimum
951 1789 1097 1874 quodque
1119 1811 1207 1872 prae·

254 1880 382 1940 starem.
414 1875 525 1958 Itaque
540 1875 683 1939 omnium
697 1875 840 1938 invenies
857 1895 972 1938 novam
987 1873 1207 1938 recensionem

255 1959 295 2023 ab
318 1959 519 2041 editionibus,
541 1959 653 2042 quibus
675 1980 761 2024 nunc
775 1959 906 2040 utimur,
930 1958 1007 2032 adeo
1029 1957 1207 2040 discrepan·
1230 1977 1232 1983 ’

254 2046 333 2124 tem,
361 2047 399 2106 ut
426 2043 525 2107 multo
553 2043 654 2127 magis
682 2042 830 2107 audaciae
863 2045 895 2106 et
921 2063 1076 2106 novarum
1102 2061 1206 2106 rerum

255 2127 351 2191 studii
366 2127 504 2190 incusari
520 2147 637 2207 verear,
650 2147 744 2208 quem
759 2125 898 2189 desidiae
909 2126 959 2188 vel
970 2125 1207 2206 superstitiosae

254 2212 288 2274 in
310 2211 437 2273 traditis
457 2209 721 2291 perseverantiae.
755 2206 816 2271 Sed
838 2211 946 2270 tamen
967 2207 1113 2270 conscius
1128 2206 1207 2270 mihi

255 2314 334 2376 sum,
356 2293 438 2356 nibil
459 2313 509 2355 me
531 2294 679 2373 mutasse,
702 2291 765 2354 nisi
780 2290 927 2354 omnibus
942 2289 1104 2368 adhibitis,
1127 2311 1206 2372 quae

254 2380 381 2460 praesto
403 2379 503 2456 erant,
526 2375 644 2439 criticis
667 2374 825 2454 subsidiis,
846 2376 878 2436 et
899 2395 934 2438 re
948 2373 1064 2436 iterum
1078 2375 1205 2436 iterum-

255 2481 315 2544 que
343 2480 510 2544 perpensa.
555 2457 588 2523 si
616 2459 669 2540 qui
692 2477 765 2522 vero
787 2457 867 2536 sint,
897 2457 950 2540 qui
972 2457 1050 2520 vitio
1072 2459 1206 2540 vertant,

255 2543 338 2627 quod
359 2543 393 2606 in
417 2542 572 2625 corruptis
594 2541 671 2605 locis
694 2541 919 2623 correctiones,
942 2560 1021 2624 quae
1044 2540 1112 2603 sola
1134 2561 1207 2604 oon·

255 2629 374 2692 iectura
395 2627 551 2708 nituntur,
573 2625 758 2708 plerumque
780 2624 889 2688 statim
909 2623 1028 2706 inipso
1043 2624 1207 2706 scriptoris

255 2711 397 2776 oratione
420 2708 610 2792 scripserim,
634 2709 778 2773 codicum
800 2707 1036 2790 editionumque
1051 2709 1208 2790 scriptura

255 2794 306 2859 vel
327 2794 460 2858 aliorum
483 2793 672 2857 coniecturis
693 2794 818 2856 tantum
840 2791 1034 2876 subnotatis,
1067 2812 1120 2855 eos
1142 2812 1207 2854 mo-

254 2879 340 2943 nitos
368 2878 477 2958 velim,
505 2897 571 2940 non
599 2875 714 2940 stolida
743 2874 934 2939 confidentia
956 2895 1007 2938 me
1028 2874 1061 2938 id
1082 2873 1206 2954 fecisse,

256 2962 311 3026 red
332 2961 516 3025 iuvenilium
538 2959 716 3023 animorum
736 2959 860 3023 ratione
881 2957 1007 3038 habita,
1040 2958 1094 3040 qui
1116 2958 1208 3022 initio

256 3048 343 3110 certa
365 3045 479 3108 malint
501 3043 561 3108 sibi
583 3043 676 3126 tradi,
698 3045 782 3126 post,
805 3042 832 3106 si
854 3062 932 3125 opus
955 3044 1012 3123 est,
1034 3041 1067 3105 in
1091 3040 1208 3124 disqui-

256 3130 405 3193 sitionem
427 3128 586 3209 vocanda,
615 3147 707 3209 quam
729 3126 764 3190 in
787 3125 882 3189 dubio
904 3125 1055 3208 relinqui,
1086 3146 1124 3189 ex
1147 3145 1209 3208 quo

256 3213 338 3278 datis
360 3232 539 3296 quanquam
561 3210 685 3274 auxiliis
707 3209 769 3357 ipsi
792 3231 825 3273 se
847 3209 1025 3292 expediant.
1059 3207 1211 3272 Similiter

256 3317 368 3361 vereor
382 3295 549 3360 offensioni
561 3293 638 3377 tore,
654 3314 715 3377 quo
752 3293 935 3376 saepissime
950 3292 1091 3373 lacunas,
1113 3292 1209 3355 etiam

257 3381 429 3445 multorum
458 3379 639 3460 verborum,
669 3377 808 3460 explevi,
836 3378 872 3439 ut
892 3377 1019 3459 integra
1040 3374 1141 3439 oratio
1163 3395 1210 3437 re·

257 3466 450 3530 stitueretur.
495 3462 556 3528 Sed
589 3463 726 3546 primum
759 3462 820 3524 hoo
851 3478 1038 3541 magnorum
1072 3457 1211 3521 virorum
