2672 4112
248 253 289 311 38
590 259 618 294 u.
637 227 747 296 rvmv's
765 259 866 296 cacano.

247 406 307 445 nam
327 390 381 444 ista
402 387 508 460 quidem
530 402 627 458 magna
649 384 805 441 diiudicatio
828 393 881 456 est,
904 394 934 441 ut
956 403 988 442 ex
1008 395 1036 444 te
1051 388 1111 461 ipso
1126 405 1209 463 saepe

247 473 375 546 cognoui.
412 470 460 526 sed
475 478 549 526 certe
563 471 601 525 ita
616 485 659 524 res
674 467 810 524 sehabet:
826 478 857 524 ut
872 479 1015 527 ornatura
1031 473 1124 528 uiuere
1135 485 1209 529 sum·

247 573 319 612 mum
338 555 440 611 borium
460 556 509 624 sit,
530 552 557 608 id
579 561 635 622 cst,
656 553 713 607 ulta
732 551 835 609 modica
856 562 883 608 et
903 561 964 627 apta
978 555 1080 611 uirtute
1095 557 1207 629 perfrui,

247 648 294 696 aut
308 648 430 694 naturam
441 639 520 710 sequi
533 645 561 692 et
571 638 629 692 eius
641 637 719 710 quasi
734 636 795 709 lege
807 638 901 693 uiuere
917 637 944 693 id
961 647 1013 709 est,
1031 639 1106 710 nihil,
1123 657 1209 712 quan·

248 733 304 779 tum
326 726 354 778 in
376 723 436 796 ipso
459 723 511 793 sit,
532 723 747 795 praetermittere
770 736 824 792 qno
847 722 934 777 minus
957 738 999 794 ea,
1021 739 1090 794 quae
1113 732 1209 779 natura

246 807 378 881 postulet,
390 813 583 877 consequatur,
597 797 704 877 'quom¹
722 803 793 859 inter
803 803 869 860 haee
878 805 945 860 uelit
956 808 1061 863 uirtute
1072 816 1208 880 tamquam

245 891 308 964 lege
329 892 433 948 uiuere.
470 896 638 962 quapropter
659 888 712 944 hoc
733 887 873 944 diiudicari
893 891 985 946 neseio
1002 906 1207 963 ennumquam,

245 975 293 1031 sed
312 975 365 1030 hoo
386 988 511 1029 sermone
532 981 606 1029 certe
625 987 681 1028 non
701 979 806 1044 potest,
827 972 850 1027 si
865 972 974 1046 quidem
987 974 1031 1046 id,
1045 971 1127 1046 {quod
1147 991 1208 1031 sus·

246 1059 375 1131 cepimus,
390 1056 537 1131 perfecturi
551 1072 654 1114 sumus.
1151 1059 1159 1066 '

307 1140 382 1198 Xllll.
403 1135 448 1198 57.
470 1142 504 1196 Α.
528 1141 563 1194 lt
577 1155 629 1212 ego
645 1139 697 1194 hue
712 1137 876 1195 declinabam
892 1156 942 1197 neo
956 1143 1071 1198 inuitus.

308 1227 341 1294 Q.
363 1223 465 1281 Licebit
488 1223 570 1280 alias:
594 1221 707 1278 nuncid
724 1239 851 1295 agamus,
868 1223 941 1296 quod
956 1226 1106 1299 coepimus,
1123 1242 1207 1298 quom

244 1311 403 1384 praesertim
423 1308 456 1363 ad
473 1307 500 1363 id
515 1307 581 1363 nihil
595 1307 731 1379 pertineat
746 1307 810 1363 haec
825 1307 857 1362 de
872 1324 977 1364 summo
993 1309 1063 1364 malo
1078 1308 1207 1382 bonoque

245 1395 387 1448 dissensio.

308 1477 348 1532 M.
370 1474 590 1544 Prudentissime,
611 1471 721 1544 Quinte,
741 1474 822 1542 dieis3
848 1491 909 1530 nam
931 1491 998 1547 quae
1018 1493 1034 1531 a
1055 1493 1098 1532 me
1119 1476 1207 1532 adhuc

245 1561 316 1615 diota
331 1566 395 1614 sunt
408 1575 449 1615 s*
466 1551 508 1612 te²
523 1556 640 1630 Lycurgi
658 1556 732 1630 leges
754 1574 842 1630 neque
857 1558 965 1614 Solonis
985 1575 1073 1632 neque
1088 1559 1209 1616 Charon-

245 1643 294 1699 dae
314 1659 402 1715 neque
417 1642 521 1698 Zaleuci
541 1657 592 1696 neo
605 1649 711 1696 nostras
727 1641 867 1698 duodecim
882 1641 987 1698 tabulas
1002 1659 1052 1698 nec
1066 1643 1207 1716 plebiscita

245 1727 378 1796 desidero,
401 1726 448 1781 sed
469 1733 496 1781 te
515 1726 638 1781 existimo
659 1740 720 1780 oum
735 1725 844 1796 populis
859 1734 916 1780 tum
932 1728 1011 1781 etiam
1026 1727 1140 1800 siugulis
1157 1728 1206 1784 ho·

245 1811 339 1866 dierno
355 1825 479 1865 sermone
494 1809 570 1882 leges
587 1807 695 1863 uiuendi
710 1815 738 1862 et
753 1808 919 1882 disciplinam
934 1810 1066 1866 daturum.

306 1890 354 1950 58.
376 1891 417 1948 Μ.
433 1893 480 1948 Est
494 1893 575 1948 huius
590 1908 656 1948 uero
673 1891 873 1964 disputationis,
889 1891 995 1964 Quinte,
1012 1895 1149 1968 proprium
1165 1895 1205 1964 id,

244 1977 316 2052 quod
338 1986 473 2051 expectas,
494 1985 575 2050 atque
597 1977 698 2032 utlnam
713 1985 785 2031 esset
799 1977 878 2032 etiam
891 1976 1025 2033 facultatis
1041 1993 1123 2033 meae.
1155 1978 1206 2033 sed

243 2061 368 2135 profecto
383 2063 421 2118 ita
436 2077 466 2116 se
480 2078 525 2118 res
537 2060 632 2131 habet,
649 2068 695 2134 ut,
712 2061 839 2132 quoniam
856 2061 983 2116 uitiorum
998 2061 1204 2119 emendatricem

243 2144 333 2220 legem
344 2161 403 2201 esse
415 2152 525 2217 oportet
536 2143 843 2217 commendatricemque
855 2145 994 2215 uirtutum,
1010 2145 1042 2200 ab
1054 2162 1085 2200 ea
1095 2146 1204 2202 uiuendi

243 2229 365 2285 doctrina
386 2228 510 2284 ducatur.
547 2229 584 2282 ita
605 2226 646 2297 fit,
669 2236 699 2280 ut
720 2234 807 2282 mater
828 2229 947 2283 omnium
968 2227 1098 2284 bonarum
1113 2246 1204 2285 rerum

245 2308 299 2386 (sit)
316 2312 462 2384 sapientia,
479 2306 517 2384 (a)
533 2311 631 2380 quoius
647 2325 737 2365 amore
753 2309 855 2367 Graeco
871 2311 955 2367 uerbo
970 2312 1139 2385 philosophia
1155 2329 1205 2368 no·

243 2411 307 2450 men
320 2395 434 2463 inuenit,
452 2410 504 2466 qua
518 2393 583 2448 nihil
601 2410 615 2447 a
630 2393 669 2448 dis
685 2394 870 2450 inmortalibus
886 2394 1005 2460 uberius,
1022 2396 1089 2452 nihil
1104 2395 1205 2452 lloren·

243 2479 307 2548 tius,
329 2477 395 2533 nihil
415 2475 602 2550 praestabilius
620 2477 758 2532 hominum
773 2478 846 2534 uitae
861 2479 952 2535 datum
968 2489 1019 2538 est.
1054 2481 1118 2536 haee
1132 2482 1204 2536 enim

242 2578 296 2616 una
318 2577 368 2617 nos
391 2577 452 2616 oum
467 2569 569 2617 ceteras
584 2576 627 2615 res
643 2576 747 2632 omnes,
769 2571 837 2633 tum,
860 2562 933 2635 qnod
947 2572 991 2619 est
1006 2562 1204 2635 difficillimum,

243 2637 393 2716 docuique
407 2652 514 2699 nosmet
532 2645 606 2716 ipsos
622 2660 808 2700 nosceremus:
830 2646 907 2702 ouius
923 2649 1058 2720 praecepti
1073 2654 1145 2702 tanta
1161 2648 1204 2703 uis

243 2737 270 2784 et
285 2737 359 2783 tanta
373 2729 506 2783 sententia
521 2735 573 2797 est,
588 2736 619 2783 ut
634 2744 664 2782 ea
680 2745 733 2784 non
750 2729 849 2785 homini
864 2732 1006 2804 quoipiam,
1019 2731 1066 2786 sed
1077 2731 1204 2804 Delphico

242 2811 293 2866 deo
315 2810 488 2868 tribueretur.
525 2806 573 2866 59.
597 2827 657 2866 nam
679 2813 725 2885 qui
743 2830 773 2868 se
792 2817 849 2885 ipso
865 2816 947 2881 norit,
969 2816 1083 2887 primum
1103 2815 1204 2886 aliquid

242 2911 271 2950 se
287 2894 385 2951 habere
401 2897 501 2950 sentiet
515 2895 635 2950 diuinum
649 2897 843 2968 ingeniumque
857 2899 885 2953 iu
899 2913 929 2954 se
944 2914 1024 2954 suum
1039 2901 1109 2954 siout
1120 2900 1203 2954 simu·

241 2976 344 3034 lacrum
359 2978 468 3051 aliquod
480 2978 597 3035 dicatum
611 2979 726 3052 putabit,
743 2988 872 3054 tantoque
888 2998 998 3038 munere
1008 2981 1120 3038 deorum
1132 2998 1203 3038 sem-

241 3061 416 3135 perdignum
432 3061 531 3134 aliquid
547 3071 574 3118 et
589 3062 668 3118 laoiet
689 3073 717 3119 et
736 3066 843 3135 sentiet,
866 3073 902 3135 et,
924 3082 1006 3138 quom
1021 3082 1051 3121 se
1067 3068 1125 3139 ipse
1140 3082 1204 3140 per·

241 3147 359 3218 spexerit
381 3154 523 3218 totumque
544 3149 690 3220 temptarit,
714 3148 871 3221 intelleget,
899 3165 979 3222 quem
1006 3149 1038 3204 ad
1058 3149 1167 3206 modum
1187 3167 1204 3204 a

313 3357 333 3424 1)
352 3360 415 3424 ‘1¹¹⁰il
429 3360 480 3409 ΑΒ
492 3362 531 3410 ed.
544 3360 574 3410 V.
614 3358 634 3424 ²)
649 3368 703 3410 suut
716 3360 745 3426 te
759 3377 829 3412 corr.
850 3379 893 3412 nee
908 3363 959 3412 AB
971 3364 1045 3414 Haeo
1064 3365 1122 3427 fere
1140 3379 1203 3428 per-

239 3432 300 3480 iisse
310 3438 389 3494 puto:
403 3445 447 3480 neo
457 3429 523 3495 (ipse
532 3433 587 3480 clia
600 3439 680 3481 mente
694 3431 835 3494 disputari,
845 3449 919 3498 quom
929 3442 956 3483 at
965 3435 1113 3497 adpareret,
1119 3450 1203 3498 popa·
1275 3453 1284 3470 ·

239 3503 273 3618 qis
283 3504 355 3582 nulla
364 3503 420 3552 alia
430 3503 552 3551 constitui
560 3509 689 3564 oportere,
704 3518 778 3567 quam
792 3519 857 3567 quoe
868 3519 929 3554 uere
939 3503 1014 3566 bona)
1026 3513 1088 3556 suut.
1115 3504 1143 3560 O.
1155 3505 1205 3554 Neo

258 3585 345 3633 ycurgr.
