2672 4112
450 245 475 286 o.
494 245 591 282 ravum
609 243 752 282 semrom.
1043 243 1081 298 15

116 370 191 439 dixit,
208 368 240 437 Q.
257 368 361 427 Mucius
376 368 543 443 ambigebat.
559 387 620 427 eum
636 373 735 444 expiari
750 379 782 427 ut
796 373 905 446 impium
919 390 974 430 non
989 391 1081 448 posse.

117 483 154 494 -
172 453 257 510 Varro
274 452 308 509 de
323 451 353 514 b.
367 451 397 509 t.
415 454 443 524 6,
460 453 490 510 4.
506 455 535 525 S.
552 454 603 514 30.

177 533 219 596 11.
241 537 354 592 Praeter
375 537 487 592 multam
508 554 576 594 uero
599 536 798 610 affirmabatur,
821 556 892 611 enm,
915 542 962 614 qui
985 541 1081 598 talibus

114 621 210 678 diebus
228 617 277 694 (sc.
300 619 385 690 feriis)
407 621 562 694 imprudens
585 621 684 695 aliquid
707 625 817 696 egisset,
840 641 924 698 porco
948 626 1082 698 piaculum

69 712 111 760 [1⁵]
117 705 180 760 dare
201 704 318 773 debere3
341 705 503 778 prudentem
518 707 616 780 erpiari
632 723 687 761 non
701 723 793 779 posse,
814 707 943 764 Scaeuola
958 709 1080 782 pontifex

116 787 278 844 affirmabat.
295 817 334 826 -
349 787 467 844 blacrob.
484 788 539 844 Sat.
558 790 586 859 1,
603 789 651 846 16.
670 789 698 861 8.
718 789 765 847 10.

179 870 220 932 12.
240 871 374 928 Scaeuola
401 871 517 945 denique
539 873 696 943 consultus,
725 873 789 946 quid
817 873 890 930 leriis
912 877 956 949 agl
978 876 1080 940 liceret,

114 955 271 1030 respondit,
292 955 368 1030 quod
382 958 602 1029 praetermissum
617 965 742 1014 noceret:
764 959 787 1013 si
803 956 852 1014 bos
866 959 895 1014 in
909 976 1019 1031 specum
1034 961 1079 1016 de-

115 1039 225 1096 cidisset
245 1055 363 1112 eumque
383 1039 572 1113 paterfamilias
593 1040 718 1096 adhibitis
740 1042 831 1115 operis
850 1041 1004 1112 liberasset,
1027 1060 1080 1100 ooo

114 1132 157 1178 est
180 1125 257 1179 uisus
279 1124 358 1179 leriae
380 1123 526 1196 polluisse3
549 1139 599 1180 neo
620 1124 676 1195 ille,
700 1126 746 1198 qui
769 1124 869 1180 trabem
891 1127 955 1181 tecti
972 1127 1081 1182 lraotam

114 1205 254 1263 fulciendo
269 1207 302 1263 ab
316 1208 467 1262 imminenti
481 1207 627 1264 uindicauit
641 1209 727 1264 ruina.
742 1238 783 1248 -
792 1207 908 1264 Macrob.
921 1208 977 1265 Sat.
992 1211 1021 1281 l,
1032 1211 1081 1268 16.

115 1288 143 1361 S·
168 1291 227 1430 1113.
250 1373 302 1429 Sed
316 1373 506 1446 adrogationes
522 1391 576 1430 nou
591 1383 692 1431 temere
708 1391 759 1432 nec
771 1375 939 1450 inexplorate
959 1379 1081 1434 commit·

118 1463 236 1530 tuntur3
259 1473 317 1512 nam
333 1459 438 1514 comitia
453 1457 560 1512 arbitris
574 1457 745 1531 pontificibus
760 1460 935 1533 praebentur,
951 1477 1019 1534 quae
1035 1478 1080 1517 cu·

113 1542 184 1595 riata
200 1539 380 1613 appellantur,
403 1549 531 1614 aetasque
547 1543 619 1613 eius,
639 1545 685 1616 qui
701 1543 831 1617 adrogare
847 1545 918 1614 uult,
941 1561 974 1599 an
989 1543 1079 1600 liberis

113 1625 207 1697 potius
228 1624 377 1698 gignundis
391 1624 488 1682 idonea
503 1627 551 1694 sit,
573 1625 698 1700 bonaque
713 1629 787 1697 eius,
804 1629 850 1700 qul
866 1627 1030 1702 adrogatur,
1046 1646 1079 1684 ne

19 1711 20 1716 ’
112 1707 245 1764 insidiose
260 1707 378 1780 adpetita
392 1709 458 1780 sint,
474 1708 676 1781 consideratur,
691 1711 932 1784 iusqueiurandum
946 1727 961 1766 a
977 1709 1007 1778 Q.
1024 1711 1079 1766 blaa·

114 1793 165 1862 cio,
186 1789 317 1865 pontifice
331 1793 455 1862 marimo,
478 1801 638 1864 conceptum
658 1794 767 1866 dicitur,
782 1794 857 1868 quod
876 1795 1078 1868 inadrogando

114 1876 258 1931 iuraretur.
278 1905 313 1915 -
333 1875 401 1932 Gell.
417 1873 447 1945 5,
465 1876 514 1932 19.
531 1877 578 1948 83.
595 1875 624 1932 5.
642 1877 669 1934 6.

175 1957 217 2016 14.
241 1999 248 2012 .
264 2001 271 2014 .
290 2003 296 2016 .
312 1975 402 2032 saepe,
419 1961 507 2033 inquit
520 1959 598 2015 Publi
615 1959 701 2031 filius,
716 1977 748 2016 en
763 1968 840 2034 patre
855 1960 956 2031 audiui,
972 1959 1080 2033 pontili-

116 2059 174 2098 cem
187 2042 287 2098 bonum
300 2045 436 2098 neminem
444 2059 503 2099 esse
511 2045 562 2098 nisi
571 2045 665 2115 quiius
676 2043 755 2100 ciuile
768 2051 924 2116 cognosset.
940 2045 1079 2100 totumne?

118 2126 185 2198 quid
206 2126 260 2180 ita?
279 2126 344 2199 quid
359 2127 431 2182 enirn
446 2127 478 2182 ad
493 2126 658 2200 pontificem
668 2126 701 2182 de
716 2129 775 2182 iure
790 2127 922 2200 parietum
937 2135 985 2181 aut
1000 2144 1079 2200 aqua·

116 2225 178 2264 rum
198 2217 244 2264 aut
263 2209 319 2265 ullo
336 2211 445 2266 omnino
462 2212 513 2266 nisi
529 2228 572 2282 eo,
595 2210 667 2285 quod
683 2227 743 2266 cum
758 2211 891 2284 religione
906 2212 1079 2266 coniunctum

116 2291 181 2350 est?
203 2293 341 2350 idautem
364 2294 525 2367 quantulum
545 2295 604 2350 estl
627 2293 659 2350 de
674 2296 757 2351 sacris
772 2293 863 2364 credo,
887 2294 921 2350 de
941 2296 1022 2366 uotis,
1046 2294 1078 2349 de

118 2376 192 2431 leriis
214 2385 241 2431 et
263 2377 297 2432 de
311 2377 445 2450 sepulcris
460 2385 488 2432 et
502 2379 526 2434 si
541 2378 605 2451 quid
620 2378 753 2434 eiusmodi
768 2385 819 2434 est.
850 2395 899 2434 our
913 2380 998 2451 igitur
1013 2379 1079 2434 baec

118 2468 194 2515 tanta
214 2459 335 2531 iacimus,
359 2477 420 2518 eom
443 2469 547 2518 caetera
568 2477 702 2535 perpauca
725 2463 787 2532 sint,
812 2461 845 2517 de
867 2457 962 2518 sacris¹
979 2469 1077 2531 autern,

118 2545 165 2617 qui
181 2543 255 2600 loeus
270 2552 345 2617 patet
360 2545 453 2616 latius,
469 2545 535 2602 baec
549 2547 585 2600 sit
600 2562 653 2601 una
667 2547 816 2616 sententia,
837 2553 868 2600 ut
882 2553 1079 2602 construentur

115 2644 224 2700 semper
246 2636 273 2684 et
295 2627 420 2702 deinceps
442 2627 548 2684 familiis
570 2629 728 2702 prodantur,
752 2637 788 2700 et,
812 2636 842 2684 ut
863 2630 891 2684 in
912 2629 974 2702 lege
988 2631 1078 2702 posui,

18 2749 24 2782 ,
114 2720 248 2786 perpetua
267 2713 323 2767 sint
341 2729 425 2768 sacra.
454 2713 507 2768 boc
526 2706 604 2785 post²
624 2710 781 2786 pontificum
802 2713 962 2768 auctoritate
984 2729 1078 2768 conse·

113 2804 176 2852 outa
193 2802 269 2866 snut,
290 2802 330 2866 ut,
350 2811 385 2850 ne
400 2803 487 2851 morte
502 2795 699 2869 patrisfamilias
714 2811 852 2852 sacrorum
867 2799 994 2852 memoria
1010 2798 1079 2852 oeci·

18 2885 23 2894 '
113 2880 212 2949 deret,
231 2881 265 2934 iis
280 2889 371 2935 essent
386 2896 415 2935 ea
432 2879 569 2955 adiuncta,
592 2881 625 2935 ad
646 2896 714 2954 qtros
730 2879 849 2936 eiusdem
864 2889 951 2936 morte
965 2882 1079 2953 pecunia

113 2965 235 3019 uenerit.
264 2962 322 3020 Hoc
337 2980 391 3020 uno
407 2965 512 3037 posito,
534 2963 607 3037 quod
623 2963 710 3020 estad
728 2965 908 3037 cognitionem
924 2963 1078 3037 disciplinae

113 3049 193 3119 satis,
208 3047 411 3103 innumerabilia
427 3056 584 3118 nascuntur,
602 3047 698 3121 quibus
713 3047 859 3120 implentur
873 3047 1078 3104 iurisconsulto-

113 3148 176 3186 rum
198 3130 270 3187 libri.
301 3130 473 3198 Quaeruntur
487 3133 573 3203 euim,
596 3127 642 3204 qui
657 3132 859 3206 adstringantur
873 3134 966 3188 saeris.
997 3131 1079 3187 Here·

113 3214 179 3271 dum
202 3231 283 3271 causa
304 3217 451 3272 iustissima
473 3225 529 3284 est3
557 3216 630 3272 nulla
653 3224 694 3271 est
716 3217 785 3271 enim
807 3233 933 3289 persona,
957 3231 1025 3290 quae
1047 3216 1078 3270 ad

114 3299 204 3355 uicem
221 3301 289 3371 eius,
311 3301 357 3373 qui
373 3315 388 3356 e
403 3302 459 3356 uita
475 3301 628 3374 emigrauit,
647 3301 760 3374 propius
776 3299 891 3356 accedat.
917 3299 1017 3355 Deinde
1033 3301 1078 3372 qui

113 3423 321 3432 ----.-ο

188 3487 210 3556 ¹)
228 3489 266 3553 Of.
281 3488 398 3556 Saaipap
408 3490 532 3541 Zeitsclrr.
544 3491 565 3554 s.
578 3490 664 3555 pared.
676 3490 747 3540 RW.
763 3491 790 3539 11.
802 3507 830 3554 p.
840 3501 880 3542 aaa
893 3504 944 3552 seq.
960 3492 985 3536 et
996 3501 1078 3548 supra

115 3560 146 3609 P,
163 3561 283 3610 Mucium
296 3558 445 3612 Scaeuolam
458 3573 497 3613 5.,
523 3556 544 3625 ¹)
563 3561 622 3610 Vid.
641 3563 715 3625 infra
729 3564 799 3626 ipsos
815 3561 866 3612 cte.
881 3560 913 3608 de
927 3560 977 3622 leg·
990 3556 1077 3606 libros.
