2684 4112
313 235 423 271 sattim
441 233 582 272 restitutit
602 235 769 273 FRAGMENTA
786 238 920 274 restante.

278 376 326 425 col.
341 377 363 422 1.
580 376 628 424 col.
643 378 667 422 2.

262 439 388 524 patronu'
523 447 667 505 Seruumin

285 523 374 588 teneb‘
549 534 694 590 commisso
802 551 867 591 seue

298 685 301 692 Ι
554 617 722 692 uindicaripo
802 618 846 674 iru

284 701 387 757 emtore
552 693 844 776 mittatistititcump'tfi

555 780 857 842 rissinedominoeerdi¹

262 869 405 926 missisun'
551 864 868 946 priusdusucepiat'iusta

263 950 377 1012 asc'ince
553 955 720 1013 talemaicsio
807 959 881 1031 ccipe

552 1055 600 1096 aco
686 1041 831 1096 intremota

574 1135 814 1216 pristinumreddi²

637 1225 849 1301 qpublicanduse

263 1309 355 1366 censui
581 1309 872 1368 dominiecdcsinitinte

265 1393 340 1451 tesob
580 1395 868 1470 iniectioneeteumqre

576 1478 622 1537 lib.
639 1471 929 1555 ateeiusquinpessus³

263 1580 290 1636 p.
305 1563 372 1620 XXX
575 1563 623 1622 lit.
641 1573 682 1620 tes
768 1566 795 1640 ip
839 1558 939 1622 dihad⁴

287 1665 335 1704 eru

134 1891 292 1941 Sententiam
304 1891 410 1952 firmant
423 1897 448 1940 et
462 1891 596 1954 explicant
613 1889 670 1939 (lai.
686 1902 706 1950 1,
722 1901 755 1940 ss.
780 1889 835 1952 lllp.
851 1889 881 1939 L.
891 1903 912 1940 t.
928 1891 951 1952 §-
967 1902 1000 1942 18.
1020 1889 1052 1938 D.
1068 1891 1100 1939 de

133 1963 202 2025 sdes.
223 1960 306 2010 libert.
327 1959 376 2025 (to,
394 1961 425 2025 t).
450 1961 482 2010 L.
501 1973 522 2013 5.
549 1961 574 2010 C.
590 1961 646 2010 eod.
663 1966 698 2025 (t,
712 1958 745 2026 4).
762 1987 793 1996 —·
811 1960 996 2010 Praecesserat
1018 1963 1100 2026 ipitur

136 2034 204 2081 hanc
228 2031 332 2094 Ulpiani
350 2039 435 2082 notam
454 2032 599 2096 Papiniani
616 2033 756 2090 sententia,
775 2046 864 2081 seruos
883 2048 899 2080 a
919 2032 1020 2082 domino
1043 2032 1101 2082 XX

136 2119 197 2152 ann.
213 2104 312 2152 minore
330 2104 382 2151 nisi
401 2103 516 2167 vindicta
536 2118 616 2152 causa
634 2102 747 2166 probata
761 2104 929 2152 manumissos
944 2105 1012 2152 cloes
1028 2102 1099 2152 Ilom.

136 2189 187 2224 non
200 2175 269 2237 fieri.
352 2171 371 2239 ¹)
385 2173 450 2224 Inde
465 2191 489 2223 a.
505 2191 527 2223 u.
542 2185 567 2224 6:
582 2174 698 2222 vindicari
713 2188 784 2236 posse
850 2174 937 2221 trustra
957 2169 1100 2239 mauufmitti

135 2245 246 2295 constitit
265 2246 419 2307 cumpulerit
434 2246 496 2294 filius
515 2242 646 2312 testatolris
661 2246 712 2292 sine
728 2244 823 2292 domiuo
838 2258 892 2291 esse
910 2243 1037 2306 respondi,
1056 2244 1099 2292 sed

136 2331 189 2365 cum
206 2313 210 2381 Ι
227 2313 271 2381 (ll)
291 2315 355 2366 Dar.
389 2315 434 2364 En
453 2315 623 2378 inferioribus
638 2321 724 2378 patet,
743 2315 775 2364 de
793 2329 868 2364 servo
887 2315 914 2363 in
936 2313 1010 2363 bouis
1024 2314 1098 2376 fidei·

136 2388 307 2437 commissarii
323 2399 464 2436 sermonem
483 2401 550 2444 esse,
570 2401 674 2450 eumque
688 2387 774 2434 statim
789 2401 845 2434 cum
860 2392 945 2448 potest
960 2386 977 2433 i.
992 2400 1013 2434 e.
1029 2393 1099 2434 ante-

136 2474 210 2523 quam
224 2465 366 2521 usucaptus
380 2459 427 2515 sit,
442 2473 458 2506 a
472 2465 565 2522 sopato
580 2458 759 2505 manumissum
774 2457 924 2520 comparari
937 2471 1026 2514 seruo,
1040 2457 1100 2505 dum

136 2531 162 2577 in
182 2530 268 2578 alieno
287 2529 425 2596 usufructu
445 2536 495 2586 est,
519 2529 685 2585 manumisso,
709 2527 741 2576 de
760 2543 809 2590 quo
828 2528 863 2590 cf.
886 2527 929 2575 Fr.
949 2527 1099 2578 Dositlr.11.

136 2600 220 2648 Statim
236 2614 289 2649 cum
304 2607 384 2663 potest
398 2601 533 2664 intellepo:
551 2615 607 2648 cum
617 2613 658 2650 ex.
667 2614 708 2662 pr.
720 2597 852 2647 hereditas
858 2599 1099 2660 fideicommissario

136 2671 256 2719 restituta
270 2678 308 2719 est
327 2685 374 2719 nec
389 2677 530 2734 praeterea
545 2670 664 2719 condicio
679 2671 718 2717 uel
738 2671 782 2717 lex
800 2670 906 2732 impedit
922 2670 1100 2718 manumissio-

136 2755 199 2799 nem,
214 2741 261 2789 sed
274 2748 380 2799 tantum,
395 2741 464 2805 quod
477 2739 587 2790 nondum
596 2743 673 2803 pleno
684 2741 851 2788 iureseroum
866 2741 1012 2803 acquisivit,
1028 2754 1100 2804 quem

135 2819 244 2861 testator
258 2813 338 2861 ciuem
353 2811 424 2862 Rom.
441 2813 503 2874 fleri
521 2813 610 2861 uoluit.
686 2807 706 2875 ²)
722 2811 847 2874 respondi,
867 2811 910 2858 sed
929 2825 983 2859 eum
999 2808 1004 2876 Ι
1020 2811 1100 2874 prius-

137 2897 206 2946 quam
222 2883 376 2946 usucapiatur
390 2884 477 2932 iustam
492 2879 635 2949 liber:tatem
650 2896 662 2928 a
681 2881 903 2930 fideicommissario
918 2895 965 2930 nou
980 2883 1099 2944 accipere,

136 2968 182 3002 nou
198 2954 261 3002 enim
276 2968 347 3016 posse
365 2949 368 3020 l
386 2955 416 3002 iis
430 2953 470 3018 qui
484 2954 619 3016 acceperint
630 2960 721 3001 remota
733 2952 843 3000 libertate
858 2959 944 3000 statum
957 2948 961 3020 1
973 2953 1100 3015 pristinum

136 3024 204 3072 reddi
219 3024 285 3073 Dar.
315 3023 376 3074 Meo
394 3027 521 3074 sententia
541 3027 567 3073 in
587 3041 608 3076 u.
625 3036 650 3075 11
665 3030 762 3072 tantum
774 3023 842 3086 fuit:
862 3023 1010 3072 tatemaicsio
1022 3038 1100 3087 posse

136 3095 260 3158 accipere.
290 3094 387 3144 Nouam
405 3097 472 3145 enim
491 3097 607 3159 incipero
626 3095 778 3144 sententiam
797 3094 856 3143 inde
875 3109 891 3142 a
911 3109 933 3143 u.
949 3106 987 3152 12,
998 3095 1099 3158 prodit,

136 3166 206 3230 quod
224 3168 275 3214 iam
294 3167 325 3215 de
343 3169 439 3225 seruis,
458 3182 521 3224 non,
541 3174 568 3215 ut
587 3173 676 3223 antea,
695 3165 815 3214 deservo
834 3180 917 3214 sermo
936 3173 980 3214 est.
1010 3165 1100 3228 anue

137 3237 241 3286 uidetur
252 3237 345 3300 fuisse,
360 3254 434 3302 quam
445 3245 537 3302 postea
548 3237 696 3299 informavi.
753 3231 774 3300 ⁸)
789 3235 899 3284 PESSUS
906 3251 957 3298 pro
969 3235 1100 3285 PFESSUS

136 3307 202 3357 Dar.
227 3309 290 3357 uitio
305 3309 404 3358 codicis
419 3325 452 3358 an
467 3309 613 3373 typothetae
627 3309 761 3357 incertum.
827 3303 850 3371 ⁴)
865 3305 930 3354 Inde
944 3321 960 3354 o
973 3321 995 3354 a.
1007 3317 1044 3356 15:
1060 3306 1100 3369 qui

135 3377 293 3441 publicandas
313 3387 350 3428 est
369 3389 394 3428 ut
412 3380 524 3430 incensus
541 3376 544 3446 f
564 3379 653 3427 domiui
678 3392 731 3426 csse
755 3377 843 3425 desiuit
866 3377 970 3435 interea,
994 3389 1077 3423 manus

137 3449 266 3499 iniectione
288 3458 312 3498 et
330 3465 383 3498 eum
403 3451 444 3514 qui
462 3458 553 3499 remota
572 3445 691 3516 lilbertate
707 3449 758 3497 eius
777 3448 817 3510 qui
837 3461 884 3495 uon
903 3446 1025 3508 protessus
1041 3453 1077 3494 est

136 3519 261 3570 libertates
338 3523 456 3584 rescripto
476 3522 524 3570 diri
544 3521 657 3570 Hadriani
676 3519 741 3568 Dar.
770 3518 855 3566 Invito
875 3517 964 3567 codice
981 3524 1006 3566 et
1023 3530 1100 3565 sensu

137 3592 231 3655 inepto.
