2678 4116
438 231 498 268 osu
519 233 620 274 1usr1r.
639 216 673 272 11.
694 221 787 300 ⁹5¹⁴·
886 213 895 228 ⁰
1032 218 1095 284 223

127 373 197 428 muri
226 382 254 428 et
279 384 392 446 portae,
421 375 621 448 quodammodo
644 377 730 434 diuini
754 378 820 432 iuris
843 385 921 434 sunt.
965 373 994 436 9.
1016 375 1094 444 Quod

126 467 217 514 autem
233 459 324 514 diuini
337 461 404 516 iuris
419 469 471 532 est,
492 460 519 515 id
535 459 636 516 nullius
651 463 677 517 in
694 459 772 518 bonis
792 471 848 518 est:
872 461 900 518 id
920 477 996 534 uero,
1019 462 1094 536 quod

126 543 234 598 humaui
256 539 260 614 1
283 535 374 600 liuris
389 551 439 614 est,
456 547 627 619 plerumque
642 549 767 604 alienius
780 551 810 602 in
825 547 908 603 bonis
921 554 979 615 eet3
998 555 1092 620 potest
1102 561 1142 610 56,

126 635 222 684 autern
238 635 267 684 et
282 631 391 685 nuliius
405 633 437 685 in
451 631 534 686 bonis
547 645 625 686 esse.-
640 649 708 688 narn
723 646 773 687 res
785 632 993 703 hereditariae,
1009 639 1090 688 ante·
1100 629 1118 669 t·
1132 636 1150 668 ¹·

125 731 211 786 qnam
227 716 335 786 aliquis
348 715 437 770 teres
451 717 569 785 existat,
590 717 698 773 nuliius
710 721 741 773 in
755 717 836 772 bonis
850 723 925 774 suot.
941 745 1094 756 ---—-

125 815 168 853 vv.
184 797 243 854 iere
259 796 279 854 8
295 825 447 838 --—-·-
462 815 497 854 ne
513 798 634 856 domiuo.
671 797 719 858 10.
743 799 799 856 Hae
814 808 902 856 autem
918 791 1005 878 (res),
1022 817 1092 872 quae

125 882 236 937 humani
251 881 320 938 iuris
334 892 408 954 suut,
425 889 477 940 aut
489 881 624 953 publicae
644 894 709 941 sunt
729 894 776 940 out
796 885 926 958 priuatae.
961 883 1002 942 ll.
1019 884 1092 952 Quae

125 965 251 1040 publicae
265 976 340 1039 suut,
357 967 463 1025 nullius
477 967 607 1025 indentur
622 969 739 1026 inbonis
752 985 828 1035 esse;
845 970 929 1042 ipsius
945 971 1016 1025 euim
1032 971 1090 1026 uui-

126 1049 262 1113 uersitatis
284 1067 349 1108 esse
373 1051 534 1109 creduntur.
578 1055 800 1127 pumicosum,
828 1071 895 1128 quoe
920 1055 1092 1128 singulorum

125 1130 296 1191 'homiuum²
311 1143 390 1193 sant.

188 1216 232 1279 12.
259 1217 394 1288 Quaedam
422 1231 563 1295 praetereo
591 1239 635 1278 res
662 1224 819 1298 corporales
848 1233 929 1294 sunt,
962 1223 1092 1295 quaedam

122 1303 321 1378 incorporales.
359 1303 406 1364 13.
429 1301 634 1384 (Corporales)
657 1308 706 1363 hoe
722 1300 826 1386 (sant),
849 1325 917 1380 quoe
937 1309 1012 1382 tongi
1027 1324 1091 1381 pos-

123 1397 202 1460 suut,
216 1389 292 1446 uelut
307 1389 425 1460 fundus.
436 1391 527 1457 homo,
545 1394 639 1462 uestis,
657 1408 760 1462 aurum,
778 1402 921 1466 argentum
932 1401 960 1448 ot
975 1393 1092 1466 denique

125 1473 197 1529 etiae
219 1489 262 1528 res
283 1476 503 1533 innumerabiles.
539 1473 584 1532 14.
607 1476 797 1551 Incorporales
818 1485 900 1548 sunt,
923 1494 999 1549 quae
1016 1477 1091 1551 teupi

123 1573 182 1614 non
198 1567 327 1631 possunt,
345 1559 434 1634 qualia
449 1569 514 1616 sunt
528 1577 568 1630 es,
586 1577 654 1635 quae
669 1555 752 1638 'tin)³
766 1564 825 1618 iure
841 1564 1005 1632 consistunt,
1020 1563 1092 1618 sicut

123 1642 273 1712 hereditas,
289 1644 471 1716 ususfructus,
496 1645 675 1720 obligationes
698 1663 810 1720 quoquc
829 1647 910 1703 modo
926 1655 1091 1706 contractae.

122 1745 175 1784 nec
191 1727 224 1783 od
239 1743 296 1783 rem
311 1721 456 1806 per(tinet‚
469 1733 546 1804 quod
556 1733 585 1786 in
597 1731 759 1788 hereditate
770 1747 819 1787 res
829 1735 999 1803 corporales
1009 1723 1090 1808 con)-

197 1877 221 1947 1)
233 1880 336 1930 Abhinc
355 1883 394 1944 ἐξ.
409 1893 493 1932 9-11,
508 1883 643 1932 restitutae
662 1890 722 1932 sant
740 1898 775 1932 ecc
788 1882 820 1931 L.
835 1895 855 1932 1.
875 1884 908 1932 D.
923 1884 955 1931 de
969 1898 1022 1932 rer.
1038 1883 1089 1932 diu.

123 1951 155 2017 (1,
170 1949 195 2017 8)
209 1959 234 2002 et
251 1954 290 2002 tit.
305 1951 328 2001 I.
343 1953 375 2002 de
394 1952 448 2002 reb.
463 1968 534 2016 carp.
554 1951 587 2020 (t,
602 1951 634 2018 o).
667 1953 787 2017 Apparet
800 1968 861 2004 uero
880 1955 958 2018 idque
976 1969 1011 2002 ex
1034 1953 1062 2002 V
1064 1949 1091 2001 Εἴ.

122 2025 243 2088 apertius
258 2023 359 2086 factum
377 2031 427 2081 est,
447 2039 478 2074 ea
497 2039 563 2088 qnae
577 2025 653 2074 initio
664 2039 692 2088 p.
707 2034 742 2076 to.
770 2021 892 2074 restituta
905 2032 966 2073 sunt
979 2039 1014 2074 ea
1028 2023 1092 2074 Inst.

122 2103 149 2146 et
162 2095 235 2160 Dip,
248 2109 300 2144 non
313 2095 436 2158 sufficere
450 2095 487 2144 ad
499 2095 643 2159 explendos
657 2095 776 2144 undecim
791 2096 898 2158 priores
912 2110 1002 2146 uersus
1016 2095 1093 2146 tutos

117 2181 184 2232 pap.
200 2165 270 2232 (nam
285 2181 301 2214 a
314 2182 337 2214 c.
353 2178 392 2224 tc,
412 2168 487 2216 caius
506 2167 608 2219 initium
626 2173 665 2215 est
678 2181 708 2230 ue
723 2166 828 2228 domiuo,
847 2167 977 2230 incipiunt
990 2167 1092 2229 supple·

122 2244 208 2287 menta
222 2235 464 2302 Studemundiana).
501 2236 594 2302 Itaque
611 2236 755 2287 Iustiniani
769 2237 913 2301 prudentes
927 2252 1017 2287 uersus
1033 2237 1092 2300 fere

122 2316 182 2358 octo
201 2308 364 2366 reciderunt,
387 2308 476 2372 idque,
495 2315 523 2357 ut
541 2308 620 2358 cerba
635 2310 682 2358 illa
700 2323 730 2372 uo
749 2309 844 2358 domiuo
863 2315 1014 2374 argumento
1032 2315 1093 2357 sunt

122 2395 167 2439 eo,
182 2395 255 2445 quern
270 2379 387 2429 indicavi
401 2381 465 2430 loco,
498 2377 572 2438 Quod
586 2381 755 2443 confirmatur
768 2379 839 2444 Epit.
854 2392 875 2439 1,
891 2393 910 2432 1.
926 2394 946 2431 1.
965 2380 1008 2429 leis
1026 2395 1091 2444 quae

121 2451 238 2501 distinxi
251 2449 352 2500 uerbis:
367 2446 437 2499 ‘Sed
450 2457 476 2500 et
488 2465 532 2500 rec
549 2450 739 2510 hereditariae,
758 2458 894 2517 antequam
908 2453 1004 2516 aliquis
1017 2451 1092 2500 iteres

121 2523 234 2580 existat,
254 2521 351 2578 idest
373 2518 457 2587 (auti)
477 2522 602 2586 quando
622 2521 804 2580 dubitatur,
824 2529 927 2572 utram
945 2524 1092 2586 scriptus

122 2609 163 2642 an
179 2593 343 2658 lepitimus
356 2592 449 2642 lieres
463 2592 640 2642 succedere
655 2592 781 2652 debeat,
796 2595 823 2642 in
839 2595 935 2643 nuliius
950 2593 1023 2644 bonis
1037 2608 1091 2643 esse

122 2660 267 2712 videntur'.
295 2661 338 2712 Ea
348 2665 415 2713 enirn
425 2665 540 2728 quamvis
550 2665 635 2726 inepte
644 2663 762 2713 adttttta
772 2666 876 2713 nonnisi
885 2680 920 2713 ea
933 2664 998 2714 Gaio
1008 2670 1091 2714 coemto

121 2749 179 2785 esse
189 2741 309 2799 possunt.
333 2733 426 2799 Itaque
439 2736 568 2798 suspicor,
582 2734 651 2784 tanc
662 2735 721 2798 fere
735 2737 955 2790 eiuscententiam
964 2737 1091 2800 periisse:

123 2803 189 2856 ‘Sed
202 2807 280 2855 etiam
293 2812 413 2856 exstante
427 2821 474 2855 suo
488 2812 513 2854 et
527 2807 675 2855 necessario
689 2805 792 2864 herede,
807 2809 877 2856 uelut
887 2808 953 2870 filio,
968 2808 1013 2871 qui
1026 2807 1090 2858 atio·

122 2879 186 2942 quin
204 2879 291 2927 statim
310 2892 367 2927 cura
385 2878 497 2926 moritur
510 2883 603 2940 pater,
622 2876 698 2926 lieres
716 2893 748 2926 ae
767 2877 884 2927 dominns
900 2883 950 2936 est,
968 2880 993 2928 si
1007 2885 1090 2928 tamen

121 2951 251 2999 incertum
264 2949 312 3006 sit,
331 2955 417 2997 utrum
431 2963 466 2996 ex
479 2954 628 2998 testamento
641 2949 757 3010 scriptus
775 2963 809 2997 an
828 2949 948 2998 intestato
963 2951 1091 3014 legitimus

120 3019 199 3070 iteres
212 3021 261 3077 cit,
280 3021 350 3069 uetut
363 3018 434 3084 quod
442 3026 578 3082 postumus
591 3033 654 3068 suus
672 3019 748 3068 ireres
766 3025 913 3070 testamento
928 3021 1091 3083 praeteritas

120 3097 304 3154 exspectatur,
324 3105 374 3154 quo
393 3097 454 3139 nato
472 3091 574 3140 scilicet
587 3096 762 3140 testamentum
775 3092 913 3155 rumpitur,
932 3107 975 3142 res
988 3091 1090 3142 teredi-

120 3162 325 3215 tariaeinterea
339 3163 468 3210 santuine
482 3158 600 3210 domiuo'.
636 3160 675 3224 Cf.
690 3161 722 3210 L.
736 3173 771 3212 st.
791 3160 823 3211 1).
838 3162 871 3210 de
885 3165 986 3227 acquir.
1001 3163 1089 3212 iered.

120 3231 220 3298 (19.2).
287 3228 308 3296 ²)
327 3231 373 3280 Ea
390 3231 481 3296 Suppl.
500 3231 538 3282 St.
553 3248 581 3296 p.
600 3231 725 3281 XXVII.
802 3229 823 3298 ³)
841 3232 887 3282 Ere
904 3232 968 3283 Inst.
988 3234 1088 3284 addidi.

122 3302 224 3353 Omittit
237 3303 278 3352 ed.
293 3302 343 3352 Kr.
358 3314 378 3353 r.

194 3451 261 3523 §.o
282 3454 395 3516 orco.
416 3452 509 3503 neoc.
570 3448 613 3522 ἕξ.
631 3455 672 3504 10.
690 3459 730 3505 11.
753 3455 790 3518 of.
811 3455 870 3506 e.1
885 3469 931 3516 pr.
944 3453 977 3501 t.
993 3464 1012 3502 2.
1028 3455 1052 3514 s.
1068 3463 1087 3502 1.

121 3526 155 3574 D.
171 3527 202 3575 de
217 3526 313 3575 interd.
329 3523 374 3592 (tt,
389 3524 421 3589 1).
450 3523 482 3574 L.
498 3535 531 3576 15.
546 3525 579 3574 D.
594 3525 626 3574 de
641 3525 710 3574 verb.
725 3527 792 3591 siyn.
808 3524 853 3590 (50,
868 3523 912 3589 lc).
941 3524 973 3573 L.
988 3535 1009 3574 o.
1028 3525 1052 3586 ξ.
1067 3537 1088 3574 1.

121 3597 155 3645 D.
171 3597 203 3646 de
217 3612 270 3647 rer.
286 3597 337 3646 dio.
353 3595 385 3661 (1,
399 3595 432 3661 8).
483 3591 697 3664 §§.12-14.=
711 3595 791 3646 rtet.
807 3596 839 3646 de
852 3593 906 3644 reb.
922 3611 993 3660 corp.
1009 3593 1041 3662 (2,
1056 3592 1087 3658 1).
