2680 4112
538 246 625 282 ouva.
999 231 1061 294 161

18 365 20 394 ³
106 388 185 436 mur,
208 369 270 422 iure
288 369 405 434 dixeris,
429 367 644 436 praeclariorem
668 368 703 422 de
725 368 787 422 iure
809 369 886 424 civili
902 369 1005 423 librum
1023 371 1063 424 di-

107 437 246 492 scentium
268 436 298 490 in
319 452 402 488 usum
424 451 568 502 nunquam
590 435 724 504 scriptum
745 435 843 501 fuisse,
869 436 927 490 sive
954 437 1064 490 dotium

109 508 168 560 eius
186 503 392 568 excellentiam,
411 504 470 556 sive
487 502 634 555 mirificam
652 502 758 556 fructus
775 504 933 557 ubertatem
951 505 1063 558 etiato·

109 589 170 626 rum
196 571 363 624 felicitatem
389 571 506 638 spectes.
552 570 730 623 Praestantia
754 570 819 623 libri
844 572 994 640 praecipue
1021 571 1064 624 his

109 639 191 694 rebus
203 637 386 705 conspicitur:
405 636 482 705 quod
493 652 558 701 non,
577 639 610 689 ut
620 635 777 704 superiores
789 637 855 690 libri
867 654 961 692 omnes
979 655 1063 692 unam

109 706 265 760 alteramve
286 704 354 757 iuris
377 705 465 758 civilia
487 706 611 770 partem,
638 704 687 756 sed
710 720 820 770 revera,
847 707 880 758 ut
901 704 1063 759 Lactantius

110 778 133 838 t,
145 779 170 827 4.
182 777 207 835 §-
220 778 244 826 3.
263 786 280 824 a
291 771 448 839 quibusque
462 771 688 824 institutionibus
701 771 797 847 exigit,
810 773 906 825 ‘totius
918 773 1063 827 doctrinae

110 839 296 894 substantiam
319 839 470 901 continet’,
487 839 516 892 et
539 837 598 890 eius
616 838 731 905 quidem
753 839 833 903 1uris,
857 855 912 906 quo
933 841 995 892 tum
1011 841 1063 893 im·

110 907 221 975 perium
237 905 394 958 Romanum
415 905 562 969 utebatur,
585 904 620 958 de
642 920 697 970 quo
719 906 775 958 iarn
794 905 861 968 dixi,
878 907 1064 961 substantiam

110 975 178 1028 vero
194 973 237 1026 ita
253 971 412 1026 felicissime
430 972 618 1035 enucleatam,
636 973 669 1024 ut
687 970 778 1024 adhuc
796 971 873 1024 rudis
890 973 988 1026 tironis
1006 975 1063 1027 ani·

110 1057 172 1094 mua
188 1055 242 1093 nec
259 1039 355 1093 ieiuna
371 1039 497 1093 exilitate
515 1039 716 1104 deterreretur,
739 1055 791 1092 nec
809 1041 900 1092 otiosa
917 1055 949 1092 co
969 1041 999 1092 ia
1015 1044 1065 1094 ant

110 1107 311 1176 quaestionum
323 1106 479 1160 subtilitate
493 1107 522 1159 et
533 1105 700 1158 difficultate
711 1106 926 1175 opprimeretur.
982 1108 1064 1161 einde

110 1173 187 1242 quod
209 1175 281 1226 hanc
299 1174 391 1241 ipsam
413 1168 600 1226 substantiam
623 1173 785 1240 dispositam
803 1173 891 1228 habet
907 1189 964 1227 non
981 1173 1064 1228 modo

46 1253 50 1258 '
148 1243 178 1294 te
197 1242 228 1294 et
244 1240 390 1294 commode
408 1239 529 1304 omnino,
548 1240 598 1293 sed
615 1241 655 1304 ut,
673 1241 696 1292 si
708 1257 845 1294 summam
858 1242 976 1310 spectas,
988 1241 1067 1294 nulla

142 1308 169 1362 'a
191 1323 227 1362 ex
249 1323 279 1360 rc
299 1307 369 1426 {psa
383 1308 484 1384 petita·
498 1307 598 1384 divisio
622 1305 743 1360 inveniri
766 1323 847 1384 posse
869 1308 1013 1385 videatur:
1036 1309 1066 1362 id

111 1374 201 1442 quod,
221 1389 284 1426 cum
310 1375 420 1427 ontrum
431 1391 499 1426 ruris
510 1390 540 1426 m
557 1390 601 1427 rus
622 1375 748 1450 gentium
766 1377 795 1428 et
812 1391 856 1429 rus
869 1375 951 1428 civrle
964 1375 1065 1430 divisio

110 1443 173 1496 iam
200 1455 235 1494 ex
261 1441 374 1509 aanua
399 1441 498 1509 populi
522 1440 602 1494 Rom.
628 1441 849 1508 mrisprudentia
878 1443 989 1496 retenta
1018 1444 1064 1509 sit,

110 1507 240 1562 maxime
257 1506 329 1560 cadit
343 1508 374 1560 in
393 1508 511 1561 alteram
528 1507 607 1560 illam
625 1509 655 1562 et
691 1507 755 1562 lane
773 1525 875 1562 novam
892 1510 981 1577 ipsius
998 1509 1065 1564 iuris

133 1573 220 1628 rivati
236 1573 265 1626 in
280 1573 323 1626 ius
339 1575 415 1642 quod
432 1575 469 1628 ad
486 1589 621 1651 personas
643 1525 701 1651 (iili.
719 1575 767 1644 1,),
791 1576 867 1644 quod
890 1577 926 1630 ad
943 1593 987 1630 res
1006 1578 1064 1642 (lib.

140 1685 147 1694 .
166 1640 241 1708 HL),
260 1642 289 1694 et
305 1641 381 1708 quod
398 1641 435 1696 ad
452 1644 577 1696 actiones
594 1643 718 1709 pertinet
735 1642 793 1706 (lib.
812 1642 871 1708 IV.)
890 1644 1063 1699 divisionem.

108 1708 184 1762 Nam
204 1723 268 1760 cum
285 1723 368 1785 omne
384 1709 427 1786 ius
443 1709 585 1788 privatum
607 1708 711 1786 partim
732 1709 761 1760 in
784 1724 813 1762 se
835 1710 896 1786 ipso
922 1713 951 1764 et
967 1727 1019 1780 per
1036 1728 1066 1766 se

108 1776 1067 1920 attrectasaitta,faustissimameutr

110 1911 320 1986 aut'personaa,
358 1909 439 1962 uibus
452 1909 595 1977 competit,
614 1909 754 1986 resprcrat,
772 1910 891 1985 autres,
914 1925 1067 2027 puaeper·

60 1979 188 2030 [⁹⁵]s0n1e
205 1991 350 2029 mservrun
389 1975 592 2044 apprehendat,
609 1975 706 2028 addito
725 1990 757 2028 eo
770 1991 838 2051 rure,
858 1991 913 2042 quo
946 1977 1068 2031 actiones

108 2042 303 2122 apprehendit
327 2039 432 2096 ciiibus
454 2043 585 2111 privatis,
613 2042 715 2109 quibus
740 2041 873 2094 iniuriam
893 2043 1067 2111 propulsent,
1161 2063 1166 2082 ¹

108 2125 168 2164 nen
190 2125 284 2163 minus
309 2123 393 2177 quam
414 2109 526 2178 populis
547 2108 617 2172 belli
638 2109 681 2161 ius
699 2110 903 2176 competentes,
928 2112 985 2163 tres
1002 2110 1068 2164 illae

108 2178 209 2245 partes
227 2176 310 2243 quasi
327 2177 426 2245 sponte
443 2177 616 2229 nascuntur.1
644 2175 681 2228 Et
693 2175 823 2229 similiter
834 2176 958 2244 ipsarum
969 2176 1069 2230 harum

108 2245 237 2313 partium
247 2243 457 2297 distributiones
469 2243 592 2296 mirabili
604 2243 726 2310 quodem
738 2258 868 2296 verorum
878 2243 1069 2298 discriminum

108 2327 196 2365 sensu
213 2311 349 2364 inventae
368 2312 397 2364 at
414 2325 560 2378 expressae
579 2311 652 2376 sunt,
672 2309 780 2377 quade
798 2325 828 2363 re
847 2310 991 2378 disputare
1009 2311 1069 2366 lon·

108 2395 181 2446 gum
204 2379 235 2430 et
257 2377 366 2430 abhoc
388 2377 450 2431 loeo
473 2377 596 2430 alienum
618 2377 680 2430 est²
718 2375 847 2444 Denique
866 2376 951 2432 Gaius
973 2379 1003 2431 in
1021 2395 1069 2434 ex·

189 2506 210 2574 ¹)
224 2509 274 2568 Quo
285 2511 360 2571 magis
369 2515 452 2573 postea
463 2509 522 2572 ipsis
531 2509 626 2574 populis
636 2510 679 2558 snb
690 2510 769 2577 iugpm
780 2510 874 2574 imperii
884 2511 987 2560 redactis
996 2513 1069 2562 etiam

109 2581 225 2631 actiones
241 2581 362 2642 paullatim
381 2580 573 2631 extraordinariis
591 2581 796 2642 persecutionibus
815 2594 924 2639 cessere,
944 2583 1069 2645 inquibus

111 2666 162 2700 non
177 2656 225 2699 tam
239 2658 321 2700 nostro
336 2651 387 2700 inre
400 2651 492 2712 privato
507 2651 531 2699 in
545 2650 646 2712 iudicio,
660 2651 723 2714 quod
737 2651 807 2700 nobis
821 2651 929 2712 debatur,
944 2655 1070 2716 persequi·

111 2736 168 2770 mur
187 2718 235 2785 (pr.
246 2720 264 2770 l.
276 2721 305 2768 de
315 2727 360 2769 act.
371 2723 396 2781 4,
407 2720 451 2785 6.),
467 2734 537 2784 quam
551 2734 635 2769 novum
650 2722 687 2769 ius
702 2721 730 2770 ab
745 2722 845 2784 imperio
860 2722 966 2784 pendens
981 2723 1070 2772 indulta

111 2791 283 2852 amagistratu
303 2791 436 2852 cognitione
458 2805 568 2839 exercere
587 2791 705 2853 videmur,
720 2799 784 2840 tanto
804 2792 878 2854 magis
898 2793 959 2841 actio
974 2795 1070 2856 propria

110 2861 232 2926 quaedam
247 2861 307 2910 iuris
321 2861 407 2923 privati
421 2862 489 2924 quasi
499 2861 630 2910 substantia
644 2876 697 2910 csse
708 2862 786 2923 desiit,
802 2863 831 2910 ad
842 2877 911 2925 quam
921 2863 950 2911 ab
966 2864 1027 2926 ipso,
1043 2877 1069 2912 es

110 2947 159 2996 quo
180 2931 287 2994 agimus,
308 2931 427 2980 diversum
440 2931 478 2980 ius
491 2933 611 2994 pertinere
625 2933 708 2995 possit.
738 2932 804 2989 Quod
823 2933 918 2996 quidem
933 2934 1025 2996 effecit,
1044 2941 1070 2984 ut

112 3003 160 3052 iam
175 3001 305 3051 Iustiniani
318 3008 424 3064 tempore
438 3001 500 3050 inter
514 3003 619 3050 actiones
634 3009 658 3050 et
667 3002 821 3063 obligationes
832 3017 878 3052 non
889 3003 987 3052 multum
997 3005 1070 3054 inter·

110 3087 167 3122 esse
182 3071 307 3120 videretur
321 3069 355 3136 (et
369 3086 425 3120 sane
445 3073 516 3120 etiam
534 3073 640 3122 actiones
659 3079 714 3122 eunt
732 3073 847 3136 quaedam
867 3073 1022 3135 obligationes
1038 3081 1069 3137 et,

110 3143 177 3206 quod
193 3142 352 3204 Theophilum
366 3141 405 3191 lll.
417 3153 442 3192 ra
456 3157 492 3204 pr.
508 3141 567 3193 itte
581 3157 617 3206 pr.
632 3143 731 3192 maxime
746 3144 819 3192 movit
833 3150 857 3192 et
872 3145 896 3192 in
911 3159 1017 3194 errorem
1032 3146 1070 3194 in·

111 3213 194 3274 duxit,
213 3211 371 3273 obligationes
385 3213 493 3276 inprimis
513 3227 572 3276 opus
590 3213 678 3262 habent
691 3214 784 3262 actione
804 3221 828 3262 et
845 3229 916 3278 saepe
936 3223 1026 3265 tantum
1047 3217 1070 3264 in

110 3282 201 3344 agendi
215 3282 327 3332 laenitate
341 3283 456 3344 praestita
475 3285 631 3348 consistendi
652 3291 734 3334 nostro
753 3299 809 3334 veru
828 3291 935 3349 tempore
955 3287 1070 3334 exstincta

111 3367 190 3416 paene
204 3353 308 3402 actionis
322 3352 463 3416 substantia,
478 3353 530 3402 Gaii
545 3356 650 3404 actiones
665 3370 678 3404 a
692 3355 812 3420 plerisque
827 3357 922 3406 omniuo
937 3355 983 3404 alio
998 3369 1070 3403 sensu

111 3437 145 3472 sc.
162 3438 208 3486 pro
223 3416 360 3488 πράξεσιν
375 3425 552 3487 acciperentur3
567 3441 612 3490 qna
627 3427 718 3476 ratione
733 3427 809 3476 omnis
825 3427 876 3476 laus
892 3426 994 3474 Gaianae
1010 3423 1070 3472 divi·

111 3494 190 3542 sionis
209 3494 344 3557 perimitur.
410 3490 432 3560 ²)
453 3491 565 3544 ‘Tabulas
580 3497 762 3546 delineationem
777 3496 911 3559 systematis
927 3495 1070 3544 Gaianarum

112 3563 347 3628 lastinianarumque
362 3564 538 3615 institutionum
552 3567 614 3616 inter
627 3582 654 3616 se
668 3569 799 3631 comparati
818 3567 956 3615 exhibentes
976 3577 1004 3612 ex
1019 3570 1069 3616 arte

167 3668 271 3701 marsna.
287 3669 368 3700 sunni.
383 3669 435 3701 nan.
454 3669 493 3702 an.
518 3669 542 3703 v.
827 3656 858 3703 11
