2680 4112
254 235 314 294 128
577 243 599 278 c.
619 241 724 278 cassare
743 241 881 278 uouemus.

314 367 362 428 ab.
387 369 563 442 Triumpbare
584 367 613 424 P.
638 367 787 424 Ventidium
804 368 837 423 de
851 368 957 424 Parthis
981 369 1069 424 uoluit
1093 365 1140 443 (sc.
1155 369 1214 426 ior-

252 451 325 527 tuna)
350 453 456 526 quidem
479 452 578 523 solum,
600 451 648 507 sed
670 450 784 508 eundem
805 453 832 506 in
854 453 991 525 triumpho
1014 453 1147 509 Asculano
1164 454 1212 511 Cn.

250 537 370 612 Pompeii
384 536 461 592 duait
483 551 606 610 puerum,
622 551 782 608 quamquam
796 535 930 592 Masurius
944 544 1039 592 auctor
1054 545 1107 606 est,
1128 536 1169 594 bis
1185 539 1213 594 in

251 621 388 693 triumpho
403 619 525 678 ductum.
541 649 583 660 -
599 618 666 674 Plin.
683 618 714 674 N.
730 617 764 676 H.
780 619 808 690 7,
825 618 875 676 43.
892 619 920 690 S.
934 618 985 675 44.

313 700 361 764 26.
383 704 482 760 Partim
504 705 574 758 enim
590 703 768 776 scripserunt,
791 704 837 776 qui
852 711 957 774 onaret,
973 705 1087 760 introire
1101 705 1212 761 solitum

252 805 322 862 equo
344 788 508 856 uehentem3¹
524 795 550 842 at
567 785 680 842 Sabinus
696 786 827 842 Masurius
849 787 961 860 pedibus
976 789 1082 862 ingredi
1098 797 1213 845 ouantes

252 873 324 942 dicit,
347 869 524 945 sequentibus
546 887 594 927 eos
609 886 664 926 nun
679 869 825 942 militibus,
839 869 888 926 sed
905 873 1032 928 uniuerso
1048 881 1153 928 senatu.
1172 901 1211 914 -

252 956 319 1012 Gell.
337 953 366 1021 5,
383 956 410 1012 6.
425 951 456 1028 8.
472 953 522 1012 27.

314 1035 358 1096 2⁷.
382 1032 554 1094 1Libertinos
582 1053 649 1093 uero
678 1037 710 1093 ab
732 1039 857 1110 ingenuis
880 1037 1003 1111 adoptari
1024 1039 1132 1112 quidem
1155 1041 1215 1096 iure

251 1140 341 1198 posse,
358 1123 488 1179 Masurius
504 1121 617 1178 Sabinus
632 1122 750 1195 scripsit.
786 1121 838 1176 Sed
859 1121 886 1176 id
900 1138 989 1194 neque
1005 1123 1124 1196 permitti
1140 1123 1214 1192 dicit,

251 1225 340 1282 neque
355 1205 565 1282 permittendum
581 1221 641 1262 esse
657 1221 781 1278 umquam
797 1212 885 1278 putat,
905 1213 935 1262 ut
956 1205 1078 1262 homines
1093 1205 1215 1262 libertini

252 1291 353 1348 ordinis
376 1307 425 1364 per
447 1290 604 1362 adoptiones
627 1290 655 1344 iu
676 1290 734 1344 iura
755 1291 936 1360 ingenuorum
958 1289 1094 1346 inuadant.
1128 1289 1214 1346 ‘Alio-

253 1375 344 1448 quin',
364 1375 462 1448 iuquit,
484 1373 519 1427 ‘si
539 1373 605 1428 iuris
626 1373 677 1428 ista
697 1373 841 1446 antiquitas
862 1380 998 1444 seruetur,
1020 1375 1101 1430 etiam
1114 1390 1213 1430 seruus

252 1475 265 1513 a
287 1458 394 1514 domino
415 1473 464 1530 per
483 1449 654 1528 praetorem²
676 1455 733 1510 dari
754 1457 782 1510 in
798 1455 970 1529 adoptionem
986 1456 1102 1530 potest'.
1132 1457 1214 1532 ldqua

251 1543 288 1598 ait
309 1541 454 1614 plerosque
476 1540 542 1594 iuris
565 1539 665 1594 ueteris
688 1547 812 1596 auctores
834 1557 915 1614 posse
930 1538 987 1596 fleri
1008 1541 1157 1615 scripsisse.
1173 1553 1271 1602 -toat

252 1625 319 1681 Geli.
336 1624 364 1694 5,
382 1623 431 1680 19.
447 1619 497 1696 §M
516 1616 648 1678 11-14.

314 1703 364 1766 28.
388 1705 443 1764 Sub
459 1713 532 1762 tecto
548 1707 588 1762 uti
603 1705 697 1762 liceret
713 1699 762 1782 (sc.
778 1705 878 1762 flamini
894 1707 958 1764 Diali
973 1707 1032 1764 sine
1043 1703 1126 1784 apice)
1143 1725 1215 1778 esse,

252 1809 307 1850 nou
322 1791 425 1868 pridem
441 1809 454 1846 a
471 1789 643 1866 pontificibus
659 1791 848 1860 constitutum,
873 1791 1003 1848 Masurius
1020 1791 1131 1850 Sabinus
1146 1793 1216 1850 scri·

252 1878 317 1950 psit,
340 1883 368 1932 et
390 1875 438 1930 alia
455 1873 584 1948 quaedam
600 1875 712 1929 remissa
727 1875 868 1948 gratiaque
883 1875 991 1950 aliquot
1002 1877 1216 1934 ceremoniarum

251 1961 320 2019 lacta
335 1959 442 2016 dicitur.
459 1989 500 2000 -
516 1957 583 2014 Geli.
600 1957 650 2028 10,
668 1955 715 2012 15.
734 1953 784 2030 §S-
803 1957 850 2013 17.
869 1955 917 2016 18.

485 2086 520 2154 O.
543 2083 718 2152 cassiis
741 2085 983 2152 ueneritis-⁹⁹

437 2184 492 2252 (sub
507 2185 602 2234 Tiberio
618 2191 642 2232 et
655 2183 809 2248 sequentibus
823 2183 1026 2252 imperatoribus).

314 2291 338 2350 1.
362 2293 436 2348 Circa
456 2291 556 2346 Padum
577 2307 637 2346 cum
659 2300 796 2364 ageretur,
819 2293 892 2364 quod
913 2291 1012 2350 [lumen
1029 2293 1071 2350 'ut
1087 2290 1217 2352 torrens4

253 2375 395 2450 aliquando
415 2384 470 2430 tam
492 2375 643 2430 uiolentam
658 2373 788 2447 decurrit,
803 2383 835 2432 ut
849 2375 957 2432 alueum
971 2385 1100 2436 mulctet
1115 2379 1216 2436 multo·

251 2477 312 2516 rum
334 2460 388 2516 late
411 2475 491 2532 agros
514 2465 588 2514 trans
609 2459 705 2530 ripam,
728 2467 759 2514 ut
778 2461 815 2514 ita
830 2459 925 2532 dicam,
949 2455 1118 2534 transierat‚⁵
1131 2479 1216 2536 saepe

252 2545 332 2601 etiarn
354 2542 455 2600 insulas
478 2538 587 2612 elficiat,
610 2539 717 2598 Cassius
739 2541 888 2616 Longinus,
911 2543 1138 2617 prudentissimus
1162 2549 1216 2618 uir,

254 2629 320 2683 iuris
337 2635 441 2696 auctor,
456 2625 510 2681 hoc
524 2617 645 2698 statuit‚⁶
661 2633 690 2681 ut
706 2626 836 2700 quidquid
851 2643 919 2700 aqua
930 2627 1109 2685 lambiscendo
1121 2629 1216 2686 abstu-

252 2712 325 2787 lerit,
347 2710 374 2766 id
396 2724 540 2784 possessor
562 2709 676 2782 amittat,
700 2713 827 2782 quoniam
848 2710 951 2767 scilicet
964 2713 1049 2784 ripam
1065 2729 1139 2768 suam
1155 2715 1216 2770 sinc

326 2853 346 2922 1)
361 2855 435 2906 Haec
454 2871 489 2905 ecc
503 2855 578 2905 libris
592 2859 660 2906 iaris
679 2859 764 2906 civilis
778 2872 832 2906 esse
843 2865 960 2920 possunt,
975 2859 1067 2923 quibus
1079 2861 1156 2909 etiam
1171 2857 1218 2910 ‘de

253 2929 353 2977 dieram
362 2927 1216 2996 diffissionibusetconperendinationibasetaliisquibasdamlepi·

254 2999 322 3046 tinais
335 2993 439 3046 ritibus’
456 2999 538 3062 egisse
553 3005 648 3060 potest.
666 2997 729 3047 aeti.
744 3009 778 3059 14,
793 3009 813 3048 a.
828 3000 851 3059 ξ.
867 3009 886 3047 1.
932 2995 953 3064 ²)
968 2999 1016 3058 Eo,
1031 3002 1076 3064 qui
1089 3001 1217 3060 uindicat,

253 3070 339 3117 statim
353 3067 461 3118 liberum
471 3069 602 3131 filiamque
611 3083 684 3116 snum
698 3069 725 3116 in
736 3075 863 3130 potestate
873 3083 927 3120 esse
942 3077 1080 3120 asserente.
1104 3069 1160 3130 Qua
1169 3087 1216 3121 ra-

253 3140 321 3188 tione
331 3145 356 3188 et
365 3139 482 3188 dominus
486 3140 601 3201 fiduciae
611 3153 691 3188 causa
701 3139 783 3188 arnico
793 3141 965 3204 mancipatunt
976 3155 1077 3190 servunt
1087 3141 1217 3204 adoptare

252 3216 361 3272 poterat.
387 3211 411 3270 5.
427 3221 459 3259 11,
484 3207 554 3257 Lade
567 3209 653 3271 adopt.
674 3205 705 3272 (1,
720 3208 764 3273 11).
812 3205 833 3274 8)
856 3207 975 3258 Accessit
988 3221 1008 3261 a.
1032 3211 1071 3260 ed.
1119 3209 1140 3276 ⁴)
1165 3220 1217 3261 tor-

252 3295 307 3328 rens
329 3286 353 3328 et
371 3280 429 3329 cdd.
451 3280 508 3329 edd.
556 3277 578 3344 ⁶)
597 3280 614 3327 i.
629 3293 651 3326 e.
669 3279 757 3341 faciat
776 3278 968 3342 transpadanos
988 3283 1027 3330 vel
1048 3281 1214 3344 aispadanos.

254 3347 274 3414 ⁰)
286 3366 337 3401 non
345 3352 373 3400 in
382 3349 457 3399 libris
467 3350 636 3406 inriscioilie,
647 3355 674 3398 ut
681 3351 803 3412 opinatur
810 3349 924 3399 Dtrtsen
934 3350 1011 3400 acad.
1022 3351 1087 3400 Aba.
1096 3364 1130 3403 nt.
1139 3353 1216 3402 Febr.

253 3432 303 3472 1851
308 3437 336 3485 p.
347 3432 390 3482 aa,
400 3419 556 3484 (binteriass.
569 3417 645 3468 Salar.
655 3419 695 3468 ed.
703 3417 785 3470 Sanio
794 3419 816 3468 I.
823 3435 851 3482 p.
862 3417 920 3485 180),
932 3422 989 3480 sed,
1000 3429 1028 3470 ai
1037 3422 1160 3487 Hyginus
1173 3423 1217 3473 re·

250 3493 313 3553 fert,
327 3507 362 3542 aaa
375 3491 563 3540 consultatione
574 3490 606 3538 de
619 3489 731 3540 Pariana
744 3491 850 3555 regione
859 3505 983 3554 responso
993 3492 1063 3554 dato,
1079 3494 1148 3557 qaod
1163 3509 1217 3544 non

253 3562 289 3609 ad
299 3561 435 3626 generalia
449 3559 480 3608 de
493 3559 535 3608 Iris
549 3560 763 3624 acquisitionibus
775 3567 916 3624 praecepta
930 3562 1095 3625 referendum
1108 3571 1155 3614 est.
