2696 4120
273 253 336 319 356
570 265 632 302 carr
650 267 750 305 rnsrrr
769 247 817 302 IV.
821 253 944 302 ·3·2-3t.
995 275 998 278 -

205 405 484 516 normanniae
507 401 673 464 'Contra¹'
666 424 739 464 mea
759 401 913 479 ’²iormnla,
935 406 1242 482 quaepublioanopro·

210 479 403 572 '‘ponitum
407 487 420 529 ³
438 494 500 550 talis
516 501 559 550 est
574 491 664 564 fictio,
689 501 719 548 ut
741 502 840 567 quanta
863 493 974 565 pecunia
998 492 1072 563 olim,
1096 494 1119 548 si
1141 495 1241 568 pignus

276 589 384 655 captum
400 588 484 649 esset
505 578 533 634 id
548 579 697 652 pignus,
663 580 685 633 is
718 593 732 632 a
749 594 804 651 quo
820 584 927 650 captum
944 586 1012 648 erat,
1028 577 1104 633 luere
1119 577 1241 650 deberet,

276 674 376 722 tantam
394 665 534 738 pecuniam
549 662 756 719 condemnetur.
801 658 851 718 33.
874 660 951 716 Nulla
968 670 1057 717 autern
1076 662 1194 718 formula
1209 662 1242 718 ad

278 750 458 808 condictionis
480 747 616 804 fictionem
640 748 813 820 exprimitur:
842 747 900 801 siue
923 747 993 801 enim
1019 747 1160 820 pecuniam
1183 748 1305 805 siueltiil

277 851 334 890 rem
357 833 472 907 aliquam
489 840 591 888 certam
614 831 730 888 debitam
746 829 825 886 nobis
843 839 981 904 petamus,
1005 847 1061 886 eam
1084 833 1169 904 ipsam
1185 831 1242 887 dari
1314 853 1319 862 ·

277 917 357 975 nobis
373 924 504 991 oportere
519 914 700 983 intendiurus3
716 931 768 972 nec
782 915 863 971 ullam
879 914 1051 988 adiungimus
1063 915 1243 972 condictionis

277 1003 430 1071 fictionem
454 1003 546 1076 itaque
569 1000 649 1056 simul
672 999 871 1074 intellegimus,
899 1016 946 1055 cas
968 999 1115 1071 formulas,
1145 999 1243 1073 quibus

277 1088 418 1162 pecuniam
441 1094 487 1143 aut
510 1101 568 1142 rem
589 1084 706 1158 aliquam
723 1083 801 1140 nohis
818 1078 902 1140 ’dari⁴
924 1093 1052 1158 oportere
1068 1084 1243 1180 inpendimus,

276 1189 327 1228 sua
342 1173 370 1227 ui
386 1187 416 1227 ac
432 1177 566 1244 potestate
578 1169 685 1238 ualere3
701 1168 821 1225 ciusdem
837 1178 949 1224 naturae
961 1179 1025 1224 sunt
1037 1167 1159 1225 actiones
1171 1185 1243 1225 com·

279 1256 391 1326 medati,
412 1253 536 1326 lidueiae,
551 1256 725 1334 negotiorum
741 1262 883 1327 gestorum
898 1263 926 1310 et
943 1252 1010 1309 aliae
1025 1253 1242 1312 innumerabiles.

341 1335 391 1395 34.
407 1337 543 1396 Habemus
558 1337 647 1396 adhuc
660 1331 804 1394 ’alteriusl
824 1341 933 1412 generis
949 1336 1100 1394 fictiones
1088 1355 1116 1395 an
1132 1338 1242 1411 quibus·
1294 1343 1299 1351 '

278 1424 338 1480 darn
354 1422 495 1495 formulis,
517 1421 593 1479 uelut
614 1439 674 1480 curn
695 1424 734 1498 is,
757 1423 803 1497 qui
825 1439 858 1478 er
880 1423 968 1480 edicto
986 1421 1120 1479 bonorum
1135 1438 1244 1496 posses·

280 1509 384 1564 sionem
400 1508 491 1581 petiit,
514 1505 577 1564 dcto
593 1524 622 1564 se
637 1507 738 1564 herede
753 1509 823 1582 agit:
847 1523 907 1564 cum
923 1509 994 1564 enim
1010 1507 1170 1580 praetorio’
1174 1509 1243 1580 iure,

279 1583 348 1648 sed⁶
366 1608 421 1648 non
448 1591 584 1666 legitimo,
611 1593 738 1648 succedat
759 1594 788 1648 in
810 1592 900 1648 locum
923 1591 1058 1663 defuncti,
1088 1592 1245 1648 nonhabet

278 1677 398 1733 directas
413 1677 544 1747 actiones,
560 1686 588 1733 st
602 1693 691 1751 neque
713 1676 750 1748 id,
772 1675 845 1750 quod
867 1676 987 1734 defuncti
1008 1677 1074 1747 luit,
1097 1685 1190 1750 potest
1203 1678 1244 1732 ln·

280 1760 392 1819 tendere
407 1777 486 1817 suum
499 1775 572 1833 esse,
589 1776 683 1834 neque
696 1763 733 1833 id,
751 1762 828 1835 qnod
838 1763 863 1818 ei
875 1760 1031 1830 debehatur,
1047 1769 1140 1833 potest
1154 1761 1245 1816 inteu-

279 1845 345 1902 dere
370 1840 459 1922 (dari)
485 1845 536 1902 sibi
562 1852 707 1921 oportere;
734 1848 825 1921 itaque
851 1844 916 1903 irato
938 1861 967 1901 se
995 1844 1095 1900 herede
1117 1843 1244 1916 intendit,

279 1929 356 1987 uelut
379 1930 432 1988 hoc
454 1929 550 1988 modo:
573 1947 670 1990 1vnnx
685 1946 777 1988 asro.
814 1945 844 1988 sr
863 1944 963 1989 umus
979 1943 1130 2000 acueres,
1152 1928 1180 1984 id
1202 1936 1245 1987 est

279 2017 338 2090 ipse
357 2023 447 2086 actor,
468 2031 557 2075 arato
573 2031 655 2075 atrro
676 2032 777 2075 nasas
793 2032 898 2086 assur,
916 2031 980 2074 rau
1000 2029 1030 2072 ss
1044 2029 1182 2084 susurra,
1202 2030 1244 2072 nn

279 2158 339 2201 erat
355 2149 383 2200 S.
406 2150 434 2212 Q·.
448 2149 477 2203 S.
494 2149 521 2203 S.
541 2149 574 2200 Ε.
592 2148 620 2211 Q.
640 2148 700 2216 (V.)
718 2149 741 2200 Ι.
758 2149 789 2200 Ν.
804 2149 832 2200 S.
848 2149 879 2200 R.
894 2149 925 2199 E.
941 2149 976 2198 H.
991 2149 1024 2199 L.
1041 2148 1072 2198 N.
1089 2148 1120 2199 tt.
1141 2149 1244 2213 (Valer.

282 2221 360 2274 Proh.
373 2219 397 2286 e)
415 2223 469 2272 siae
488 2222 558 2286 qood
574 2236 621 2272 eae
639 2222 705 2287 lepis
723 2222 839 2272 actiones
855 2223 1015 2288 peneraliter
1029 2223 1201 2280 sustulerant,
1220 2227 1245 2270 et

280 2293 345 2344 daec
359 2308 393 2342 an
409 2294 474 2358 lepis
487 2294 558 2343 actio
573 2299 646 2354 esset,
661 2290 859 2359 quaerebatur)3
873 2292 921 2342 sed
933 2299 959 2342 et
968 2293 996 2341 in
1005 2292 1046 2342 lais
1061 2294 1148 2342 causis
1161 2293 1244 2342 sotere

280 2364 395 2414 nomines
412 2369 511 2413 tantum
529 2370 575 2413 aut
593 2364 666 2413 cirili
684 2365 752 2414 uelut
770 2365 868 2414 venditi
886 2365 925 2413 oei
943 2363 1024 2414 locati
1042 2369 1088 2412 ant
1106 2363 1245 2427 praetoria

278 2434 394 2496 formula
413 2435 464 2492 nti,
483 2449 549 2498 qaae
567 2435 604 2483 ad
620 2436 686 2501 lepis
704 2436 831 2485 actionem
855 2449 981 2498 expressa
999 2441 1073 2485 esset.
1110 2433 1246 2484 Eiusmodi

281 2518 342 2553 aero
363 2503 493 2567 formulas
515 2505 592 2554 etiam
615 2507 763 2556 necessaria
783 2513 932 2570 praetorem
955 2511 1017 2568 post
1041 2505 1157 2555 subiatas
1180 2506 1245 2570 lepis

280 2576 397 2625 actiones
416 2576 443 2624 in
462 2575 503 2626 liis
522 2577 610 2626 causis
627 2575 742 2635 dedisse,
763 2578 791 2626 in
810 2576 903 2642 quibus
920 2576 1083 2640 antiquiores
1104 2578 1174 2641 tepea
1194 2590 1244 2626 non

281 2645 462 2711 oblipationem
476 2643 556 2711 (oetnt
569 2647 610 2697 nis
619 2646 719 2696 cerdis:
732 2647 798 2697 dare
812 2647 910 2705 debete,
925 2648 1033 2696 damnas
1043 2645 1107 2711 esto)
1121 2647 1168 2696 sed
1181 2648 1246 2711 lepis

281 2723 379 2767 tantam
393 2719 519 2767 actionem
533 2720 723 2769 constituerant
735 2720 787 2784 (em.
796 2720 880 2785 pr.§§
882 2754 889 2768 .
866 2721 937 2781 §sn
952 2717 998 2784 ιι).
1022 2719 1109 2782 itaque
1123 2733 1178 2766 eam
1192 2733 1246 2766 rem

281 2788 325 2837 llic
338 2789 471 2851 exposuit,
485 2790 561 2839 enias
575 2803 655 2839 eausa
668 2789 705 2839 ad
717 2790 902 2854 explicandam
912 2791 977 2855 lepis
986 2790 1114 2838 actionum
1125 2789 1199 2849 ius5.
1211 2799 1244 2839 ιο.

281 2857 417 2922 digressos
433 2866 500 2910 erat.
575 2855 595 2926 ¹)
615 2858 683 2927 (con)
698 2875 749 2925 per
767 2869 852 2912 notam
870 2862 1002 2911 adiectot
1025 2855 1076 2908 733.
1104 2859 1164 2908 item
1186 2859 1245 2909 edd.

284 2924 391 3014 ²)iornra
404 2929 430 2982 G.
440 2931 498 2981 edd.
518 2928 577 2983 Vid.
588 2931 711 2982 Zeitsalrr.
720 2933 742 2996 f.
751 2932 838 2998 pescia.
850 2931 922 2985 RW.
936 2930 1014 2981 XIV.
1020 2945 1048 2995 p
1059 2941 1106 2982 ass.
1171 2925 1246 2995 ³)ita

281 3014 333 3059 sc,
346 3001 372 3050 ei
384 3015 436 3052 non
450 3017 468 3052 a
481 3005 581 3054 valente
589 3004 688 3068 pignus
702 3005 842 3067 acceperit,
859 3019 909 3069 quo
922 3010 1042 3068 spectare
1056 3002 1177 3052 uidentur
1194 3000 1245 3054 Cic.

288 3069 365 3121 Verr.
379 3082 401 3136 t,
416 3084 450 3124 ιι.
469 3077 493 3136 §-
505 3084 540 3126 ιτ.
554 3073 647 3124 uerba:
662 3070 829 3139 ‘publicanas
841 3077 938 3138 petitor
951 3082 1005 3125 ant
1015 3075 1181 3140 pipnerator,
1195 3086 1245 3122 non

283 3149 388 3206 ereptor
405 3159 487 3209 neque
500 3141 657 3209 possessor?
732 3141 754 3212 ⁴)
773 3145 830 3196 dare
851 3145 876 3196 0.
896 3145 936 3196 ed.
953 3145 1003 3212 Bp.
1077 3141 1128 3211 3)ι
1147 3144 1247 3194 addunt

282 3212 383 3264 Blnlrm.
397 3213 491 3266 Sclaed.
564 3212 586 3282 3)
599 3215 679 3267 iurees
695 3215 720 3267 0.

356 3337 381 3408 §-
395 3342 438 3392 32.
460 3341 499 3405 Cf.
514 3341 554 3403 ἐξ.
570 3352 603 3391 10.
618 3351 652 3393 ts.
673 3341 727 3392 Nec
741 3357 807 3406 qnae
821 3343 848 3390 in
864 3341 895 3390 L.
908 3351 928 3391 ι.
942 3342 966 3403 ξ.
976 3351 1010 3391 ιο.
1030 3341 1063 3389 D.
1076 3341 1103 3390 ai
1117 3339 1165 3390 ban
1178 3346 1246 3403 rapt.

284 3410 330 3478 (st,
344 3412 368 3476 8)
382 3418 594 3462 commemoratur
608 3415 715 3476 peeoris
733 3412 867 3471 abductio,
883 3412 1003 3476 putanda
1022 3419 1060 3461 est
1074 3418 1248 3475 persisterem

279 3485 403 3549 pipnoris
417 3485 560 3547 captionem
571 3483 646 3546 facta
660 3497 723 3534 asse.
782 3479 807 3552 ξ.
823 3486 865 3534 33.
887 3483 926 3546 Of.
940 3497 1022 3546 snpra
1037 3484 1077 3545 ἐξ.
1092 3494 1126 3534 18.
1141 3493 1175 3534 ιι.

284 3549 310 3620 ς.
325 3557 367 3604 34.
390 3554 429 3617 Of.
443 3566 465 3616 ι,
478 3566 514 3616 oa,
528 3566 562 3606 er.
581 3566 602 3616 s,
618 3567 664 3606 ιιι.
688 3570 770 3606 1v1>nx
788 3552 863 3622 asso]
879 3571 893 3604 c
908 3593 914 3605 .
929 3556 969 3617 ξς.
988 3565 1022 3606 aa.
1041 3565 1076 3606 aa.
1094 3565 1129 3605 aa.
1145 3564 1191 3604 rso.
1212 3562 1246 3604 ss.

286 3623 338 3694 Cic.
359 3623 436 3674 Verr.
451 3624 489 3674 II.
504 3638 525 3688 r,
540 3637 573 3676 ra.
589 3627 612 3688 ξ.
627 3637 660 3678 ιι.
679 3626 739 3676 Les·
754 3625 834 3676 Rois.
850 3641 871 3679 c.
886 3637 919 3677 ao.
