2680 4112
243 225 304 283 102
451 233 476 267 Δ.
496 231 660 267 cassamus.
680 241 713 250 -
732 229 756 262 1..
775 229 863 264 rvcavs
882 226 987 263 cassam

480 359 482 364 ’
563 385 602 450 Α.
626 380 887 450 obscramus

603 473 721 538 (eiusdem
735 473 838 537 aetatis).

302 575 328 634 l.
352 574 497 634 Cascellius
511 573 720 629 iurisconsultus
743 571 901 629 urbanitatis
918 571 1000 626 mirac
1015 569 1204 644 libertatisque

240 659 404 728 habebatur3
427 659 572 732 praecipue
595 666 684 714 tamen
706 656 729 712 is'
744 657 820 712 iocus
836 657 894 710 aius
909 656 1042 710 innotuit:
1059 653 1203 728 lapidatus

241 763 255 800 a
271 744 374 818 populo
389 743 520 813 Vatinius,
535 757 596 797 oum
611 740 799 813 gladiatorium
810 755 908 794 inuitus
920 738 1021 808 ederet,
1038 737 1204 808 obtinuerat,

242 838 273 884 ut
295 827 394 884 aediles
417 827 564 894 adicerent,
586 840 621 880 ne
644 825 703 896 quis
725 825 753 878 in
776 839 880 878 arenam
903 823 954 878 nisi
976 838 1087 895 pomum
1098 823 1204 877 misisse

240 911 335 968 uellet.
351 909 423 967 lorte
438 909 480 965 bis
496 908 589 964 diebus
604 907 749 962 Cascellius
765 906 906 963 consultus
921 923 936 961 a
952 905 1076 979 quodam,
1100 921 1132 960 au
1148 921 1204 960 nux

240 998 318 1070 pinea
340 1011 451 1067 pomum
473 1001 556 1063 esset,
578 991 730 1066 respondit:
764 989 803 1046 ‘Si
825 993 852 1045 in
869 989 1001 1045 Vatinium
1016 991 1147 1044 missurus
1163 1006 1204 1060 es,

240 1095 351 1154 pomum
367 1071 451 1134 est’.¹
468 1108 507 1118 -
525 1073 639 1132 llacrob.
656 1075 712 1130 Sat.
728 1073 758 1146 2,
775 1074 802 1130 6.
821 1070 849 1147 S.
868 1074 894 1131 1.
990 1083 992 1088 ·

304 1159 332 1219 2.
356 1162 497 1219 llercatori
518 1159 625 1229 deinde,
647 1157 871 1232 quemadmodum
892 1174 953 1213 cum
969 1158 1043 1213 socio
1059 1158 1149 1212 nauim
1165 1155 1205 1212 di·

240 1246 358 1317 uideret,
379 1247 558 1316 interroganti
580 1243 753 1316 respondisse
773 1242 901 1304 traditum
924 1241 1029 1296 ‘Nauim
1051 1243 1074 1296 si
1094 1239 1204 1311 diuidis,

240 1347 291 1387 nec
307 1340 336 1385 tu
352 1345 402 1385 nec
416 1330 506 1384 socius
522 1325 655 1382 habebis’.
671 1357 713 1368 -
725 1325 840 1382 blacrob.
855 1325 892 1381 ib.
910 1321 937 1400 S.
953 1316 1001 1381 2²

511 1471 571 1536 *L
594 1469 740 1536 IVLIVS
763 1469 936 1536 CAESAR
1214 1483 1262 1531 [aa]

604 1559 665 1626 (cos.
681 1576 702 1609 a.
718 1576 741 1610 u.
757 1558 847 1625 690).³

553 1652 893 1724 Auspiciorum.

302 1759 326 1820 1.
350 1759 433 1818 lulius
445 1760 542 1817 Cacsar
552 1769 630 1817 sarto
642 1759 745 1816 decimo
762 1761 942 1834 auspiciorum
954 1757 1123 1832 libronegat,
1135 1775 1206 1815 nun·

242 1848 313 1903 dinis
328 1847 483 1903 contionem
494 1844 621 1902 aduocari
635 1861 727 1918 posse,
749 1845 776 1900 id
791 1853 842 1914 est,
860 1859 921 1899 cum
935 1843 1037 1918 populo
1053 1845 1107 1918 agi,
1126 1843 1203 1900 ideo-

242 1948 294 2005 que
304 1929 625 2089 nundinissslicprpanorum
637 1927 728 1985 baberi
739 1929 845 1984 comitia
857 1944 911 1983 non
922 1943 1013 2002 posse.
1029 1957 1071 1968 -
1086 1925 1202 1983 llacrcb.

241 2017 296 2074 Sat.
315 2015 344 2088 1,
361 2015 409 2073 16.
448 2059 454 2073 .
515 2057 522 2072 .

304 2095 332 2156 2.
358 2098 454 2154 Caesar
479 2100 506 2153 in
533 2096 722 2171 auguralibus:
752 2094 793 2151 ‘Si
819 2097 923 2152 sincera
949 2055 1031 2167 pecus
1058 2093 1138 2156 crat’.
1162 2122 1204 2134 —-

240 2184 366 2240 Priscian.
384 2183 413 2252 6,
431 2181 479 2238 16.
498 2178 526 2255 S.
544 2181 594 2238 86.
611 2199 639 2254 p.
657 2180 717 2237 719
733 2180 841 2237 Putscb.
856 2196 883 2252 p.
901 2178 962 2236 270
974 2178 1065 2234 Hertz.

305 2263 334 2322 3.
358 2265 387 2320 L.
403 2265 512 2320 Caesar:
540 2263 700 2336 ‘certaeque
715 2281 758 2320 res
775 2262 954 2338 augurantur’
970 2259 1204 2320 clmuoououoriu·

241 2369 299 2406 ται.
319 2380 356 2390 -
372 2348 503 2404 Priscian.
518 2347 548 2420 8,
564 2347 593 2402 4.
611 2344 639 2421 S.
658 2343 707 2404 15.
724 2365 751 2421 p.
769 2348 827 2405 791
847 2347 956 2406 Putseh.
970 2364 998 2420 p.
1014 2347 1077 2406 380
1091 2349 1181 2406 Hertz.

304 2429 333 2489 4.
356 2431 482 2487 Maiorem
502 2431 642 2486 consulem
661 2429 690 2491 L.
707 2431 803 2487 Caesar
824 2440 902 2504 putat
924 2426 995 2488 dici⁴
1009 2430 1053 2487 uel
1069 2449 1142 2507 eum,
1157 2448 1205 2506 pe·

242 2534 291 2576 nes
307 2533 388 2591 quem
401 2515 488 2571 fasces
503 2516 567 2577 sint,
583 2515 628 2570 uel
644 2531 716 2587 aum,
732 2517 779 2587 qui
794 2517 870 2588 prior
884 2514 972 2573 lactus
987 2517 1036 2578 sit;
1052 2524 1205 2590 praetorem

241 2611 332 2658 autem
347 2601 475 2656 mucram
491 2597 630 2669 urbanum,
646 2600 765 2657 minores
776 2607 893 2656 ceteros.
905 2627 945 2640 —
959 2600 1030 2656 lieet.
1041 2616 1065 2653 v.
1078 2599 1206 2656 Maiorem

241 2703 270 2760 p.
287 2685 357 2742 161.

316 2846 337 2916 ¹)
353 2848 391 2912 Of.
409 2847 460 2898 Cic.
476 2848 504 2896 in
524 2847 611 2896 Vatiu.
626 2857 659 2900 15.
675 2873 708 2884 -
724 2846 755 2896 L.
771 2858 817 2898 205.
845 2847 917 2896 Μ.
933 2846 1205 2914 uerb.aipu.(50‚1c).

244 2921 314 2968 Ptin.
325 2925 416 2981 15,9et
423 2930 457 2970 na.
487 2914 676 2984 ¹)Elepantius
690 2916 795 2977 Quintil.
811 2916 834 2968 Ι.
851 2915 878 2966 0.
894 2929 915 2980 a,
927 2930 947 2969 a.
963 2920 986 2980 S.
1001 2930 1034 2970 at.
1056 2915 1206 2976 ‘Cascellio

242 2992 287 3054 qui
301 2991 444 3040 consulturi
457 2989 568 3038 dicenti:
584 2987 676 3037 Nauim
686 2987 805 3037 diuidere
815 2991 881 3038 uolo.
895 2983 1027 3048 ‘Perdes’,
1036 2985 1139 3052 inquit'.
1161 2985 1207 3037 Oe·

242 3068 325 3110 terum
336 3059 478 3110 Cascellius
487 3058 645 3122 daecsaceta
659 3073 784 3122 responsa
791 3058 858 3108 libro
866 3057 1057 3108 benedictorum
1064 3059 1207 3108 inseruisse

242 3131 330 3180 videri
344 3137 436 3195 puteat.
459 3129 496 3192 Of.
512 3129 543 3177 L.
559 3141 579 3179 u.
595 3131 663 3190 §.aa
691 3129 724 3177 D.
739 3130 770 3178 de
784 3131 850 3194 arip.
868 3130 919 3178 iar.
939 3130 971 3194 (1,
981 3128 1012 3195 a).
1047 3125 1136 3194 ³)Hic
1149 3143 1208 3178 cuna

242 3202 309 3251 idem
316 3201 400 3264 fuisse
419 3199 548 3258 uideatur,
563 3201 607 3263 qui
616 3207 723 3250 auctore
733 3198 849 3249 Macrab.
860 3198 914 3249 Sat.
925 3211 946 3262 a,
958 3212 978 3251 9.
1008 3200 1144 3249 Lentulum
1156 3200 1207 3264 fla·

242 3273 333 3322 minem
348 3270 497 3321 Martialem
511 3271 680 3335 inaupuracit
695 3271 740 3336 (cf.
751 3269 887 3319 mumanae
900 3269 988 3320 Geacd.
1001 3269 1113 3320 Romall.
1119 3284 1146 3334 p.
1157 3280 1197 3320 558

242 3339 385 3408 lll.p.1aa),
398 3357 449 3392 nau
459 3339 554 3399 dubito,
567 3342 628 3405 quin
643 3343 668 3390 ei
683 3341 712 3390 lei
719 3341 860 3406 aupuralee
872 3340 935 3390 libri
948 3339 1080 3390 tribuendi
1089 3341 1148 3389 aiut.
1180 3338 1206 3388 O.

244 3413 352 3463 Caesari
370 3411 495 3462 dictatori
512 3410 594 3460 tribui
612 3426 662 3461 nou
677 3426 764 3474 posce,
781 3413 857 3460 etiam
875 3412 941 3460 uidit
961 3410 1111 3476 Nipperdey
1125 3411 1152 3458 iu
1166 3409 1206 3459 ed.

244 3483 366 3533 Caesarie
374 3499 399 3547 p.
411 3493 457 3534 aaa.
487 3478 510 3546 ⁴)
525 3481 594 3532 Puta
608 3484 635 3530 iu
650 3482 777 3547 auguriis.
806 3481 872 3532 Feci.
883 3498 905 3531 o.
918 3481 1033 3531 Remissa
1047 3482 1166 3531 exercitu
1177 3495 1207 3543 p.

242 3565 289 3605 290.
305 3554 379 3616 iufra
393 3555 420 3602 iu
436 3552 472 3602 M.
488 3552 583 3603 Antist.
599 3551 719 3602 Labeone
733 3563 766 3603 18.
