2678 4116
235 261 296 327 182
542 277 727 312 (1111111111.
747 260 766 312 I.
787 262 896 313 36-39.

234 424 258 478 si
273 435 370 477 seruus
390 421 418 474 111
434 419 534 486 ibonis
551 420 615 491 tuis,
635 435 667 474 cx
682 421 740 474 iure
756 417 902 485 Quiritium
918 433 994 472 meus
1011 417 1072 484 erit,
1088 415 1201 472 Latinus

234 505 341 580 quidem
359 508 363 572 l
380 521 394 559 a
416 513 443 559 te
458 503 518 560 solo
535 501 593 559 fieri
609 511 710 576 potest,
733 505 824 559 iterari
841 511 930 558 autem
946 519 960 557 a
975 518 1029 572 me,
1048 517 1104 556 non
1120 503 1202 556 etiam

234 607 249 646 a
265 599 292 645 te
307 596 400 662 potest
416 597 443 644 et
461 605 493 644 eo
509 587 591 643 modo
607 604 683 644 meus
698 587 812 644 libertus
828 586 868 644 fn.
899 595 941 642 set
957 594 984 641 et
1000 588 1096 641 ceteris
1113 585 1201 640 modis

236 677 299 738 lius
312 671 455 740 Quiritium
472 680 633 730 consecutus
649 689 724 728 meus
741 672 855 728 libertus
872 669 911 728 iit.
941 669 1084 743 bonolrum
1101 677 1202 742 autem,

235 773 305 832 quae
320 775 392 814 nunc
411 751 473 812 aut¹
499 773 559 812 cum
579 759 602 812 is
618 759 764 828 morietur,
788 757 943 830 reliquerit,
968 753 1017 810 tibi
1039 755 1200 827 possessio!

234 844 325 914 datur,
337 858 501 916 quocunque
513 840 593 896 modo
605 842 647 896 ius
655 840 798 908 Quiritium
810 841 892 896 luerit
905 842 1093 906 consecultus.·
1104 838 1202 911 quodsi

234 929 311 984 cuius
327 929 393 982 etin
405 926 486 982 bonis
497 933 525 982 et
536 943 568 981 en
579 927 638 982 iure
649 925 794 992 Quiritium
807 927 844 980 sit
854 925 1043 996 manumissus,
1060 923 1091 979 ab
1105 923 1202 979 eodem

233 1013 337 1068 scilicet
353 1021 380 1067 et
395 1010 506 1066 latinus
522 1008 580 1066 fieri
595 1019 688 1083 potest
703 1019 731 1066 et
746 1011 788 1065 ius
805 1008 949 1076 Quiritium
965 1009 1104 1080 consequi.

263 1103 265 1107 ’
287 1093 347 1154 36.
372 1099 436 1154 Non
461 1105 556 1152 tamen
579 1099 749 1166 cuicumque
770 1097 880 1150 uolenti
899 1097 1101 1154 manumitmre
1122 1096 1200 1149 lieet.
1213 1101 1266 1154 [110]

232 1177 279 1238 3⁷.
296 1181 370 1238 Nam
385 1187 420 1255 is,
437 1182 527 1256 quiin
543 1179 665 1235 fraudem
677 1179 843 1235 creditorum
859 1177 904 1233 uel
919 1179 946 1232 in
962 1177 1081 1233 fraudem
1092 1179 1202 1250 patroni

232 1269 410 1336 manumittit,
426 1265 492 1322 nihil
508 1266 575 1338 agit,
592 1266 654 1336 quia
669 1263 712 1320 len
725 1264 799 1320 Aelia
811 1263 902 1318 Sentia
919 1261 1022 1335 inpedit
1037 1262 1199 1318 libertatem.

233 1348 280 1409 38.
301 1350 368 1405 item
390 1352 482 1407 eadem
504 1349 565 1422 lege
586 1351 683 1404 minori
698 1366 740 1405 xx
761 1365 893 1404 annorum
914 1346 1024 1402 domino
1045 1363 1099 1402 non
1121 1345 1200 1400 aliter

182 1445 223 1498 10,
236 1436 426 1492 manumittere
448 1435 629 1509 permittitur,
658 1450 737 1506 quarn
765 1435 788 1488 si
811 1431 929 1488 uindicta
953 1433 1027 1504 apud
1047 1424 1200 1508 conlsilium

231 1521 303 1574 iusta
314 1535 394 1574 causa
405 1518 625 1575 manumissionis
638 1509 1024 1590 11111101111111’1111111111111111112
1049 1511 1099 1572 39.
1111 1515 1201 1571 iustae

233 1612 322 1658 autern
345 1620 442 1660 causae
465 1601 682 1658 manumissionis
705 1611 770 1657 suut
792 1601 878 1656 ueluti
901 1603 924 1656 si
947 1602 1006 1674 quis
1029 1609 1133 1673 patrem
1154 1609 1201 1654 aut

232 1695 344 1742 matrem
366 1697 412 1744 ant
433 1689 623 1762 paedagogum
646 1695 694 1742 aut
716 1686 918 1742 conlactaneum
941 1687 1121 1742 manumittat.
1151 1685 1201 1740 sed

232 1781 260 1828 et
274 1771 337 1828 illae
352 1789 460 1844 causae,
483 1789 549 1846 quas
565 1773 691 1845 superius
710 1773 738 1826 in
753 1787 835 1826 seruo
858 1771 962 1825 minore
983 1787 1047 1826 xxx
1067 1786 1200 1826 annorum

232 1858 417 1930 exposuimus,
433 1857 553 1913 adhunc
569 1873 678 1930 quoque
694 1873 797 1926 casum,
818 1853 851 1910 de
867 1871 921 1928 quo
937 1854 1084 1927 loquimur,
1100 1853 1201 1909 adferri
1223 1911 1226 1915 ,

231 1951 359 2014 possunt.
404 1944 469 1998 item
492 1958 524 1998 en
547 1941 656 1998 diuerso
680 1942 728 1996 hae
751 1955 862 2010 causae,
892 1957 959 2011 quas
982 1939 1009 1994 in
1032 1941 1136 1994 minore
1157 1957 1200 1996 xx

232 2042 366 2083 annorum
389 2027 499 2084 domino
522 2026 695 2098 rettulimus,
718 2026 822 2100 porrigi
844 2033 961 2096 possunt
983 2033 1011 2078 et
1033 2023 1064 2078 ad
1088 2039 1199 2078 seruum

230 2197 335 2247 dubium
353 2199 486 2248 vocandus
504 2213 554 2246 aaa
574 2204 639 2245 erat.
716 2191 735 2259 ¹)
756 2195 809 2244 Per
824 2196 912 2244 claras
931 2195 1032 2242 litteras
1048 2195 1200 2258 singulares

231 2269 258 2318 ¹0.
277 2267 366 2318 Omisit
380 2267 433 2318 Kr.
449 2269 488 2319 ed.
504 2279 524 2316 1.
540 2269 568 2315 in
588 2273 710 2316 contexto
730 2281 779 2330 quo
795 2267 870 2326 facto
889 2282 911 2312 v.
932 2265 952 2313 is
972 2265 1058 2314 alieno
1077 2267 1134 2314 laco
1150 2279 1198 2326 po·

229 2341 281 2388 sita
292 2340 366 2402 ferri
380 2355 430 2388 non
441 2344 535 2402 potest,
550 2345 575 2386 et
584 2339 718 2396 miramur,
733 2337 802 2402 qood
815 2338 880 2386 civis
891 2335 961 2385 Rom.
973 2335 1061 2384 liberti
1074 2335 1200 2385 bonorum

225 2411 409 2472 possessionis,
428 2424 480 2458 non
494 2409 646 2458 hereditatis
660 2410 754 2457 mentio
766 2410 803 2470 fit.
832 2406 970 2471 Intellepe:
988 2421 1059 2464 nunc,
1074 2421 1131 2456 com
1145 2405 1199 2454 La·

229 2482 300 2529 tinus
310 2481 414 2529 ciuitate
424 2487 521 2528 motata
531 2481 653 2530 maiorem
668 2479 751 2542 (immo
761 2481 906 2537 maximam,
920 2477 991 2542 ‘qood
1004 2493 1070 2526 noca
1081 2477 1200 2526 Romana

230 2552 323 2600 ciuitas
346 2565 380 2599 ear
403 2552 527 2600 seruitute
549 2558 633 2600 ortam
652 2549 794 2598 libertatem
812 2551 838 2598 ei
856 2546 984 2614 assignat)
1004 2550 1098 2612 eapitis
1119 2549 1199 2597 demi·

230 2623 359 2670 nationem
374 2636 471 2685 pacans
484 2623 560 2670 etiam
579 2621 646 2671 bona
664 2637 712 2670 sna
727 2622 832 2679 amittit,
852 2635 918 2684 qnae
936 2620 973 2668 ad
990 2619 1200 2668 manumissorem

229 2708 281 2756 non
301 2693 353 2740 nisi
371 2693 442 2740 Data
460 2691 482 2740 b.
494 2709 522 2756 p.
538 2709 569 2742 ne
584 2693 719 2755 pertinere
734 2697 859 2755 pascuam
877 2697 902 2739 et
921 2691 1015 2740 deinde
1030 2705 1082 2738 curn
1099 2691 1119 2737 is
1135 2687 1199 2753 (iam

230 2765 296 2812 cinis
310 2762 382 2829 Rom.
395 2762 495 2829 factus)
510 2765 618 2823 moritur,
638 2779 685 2812 nec
705 2778 771 2827 qnae
789 2769 841 2811 tum
855 2763 949 2810 amittit
964 2760 1030 2810 bona
1044 2760 1198 2810 hereditatis

229 2835 289 2904 inre
306 2849 341 2882 ex
358 2838 412 2880 ΧΠ
428 2834 523 2884 tabulis
541 2835 577 2884 ad
595 2851 662 2893 enm,
683 2836 727 2898 qni
746 2850 802 2883 enm
824 2848 875 2882 non
894 2834 964 2881 exi.
984 2831 1011 2891 Q.
1028 2833 1093 2880 iuste
1107 2847 1198 2879 manu-

228 2906 342 2968 miserat,
353 2908 494 2968 peruenire
504 2913 635 2970 poterunt.
672 2903 742 2954 Sane
761 2904 823 2953 ltuic
837 2918 888 2953 non
900 2905 973 2966 facet
987 2919 1026 2961 ea,
1048 2917 1113 2966 qnae
1127 2917 1199 2952 nnnc

228 2975 377 3040 dominatur
393 2977 466 3039 falsa
486 2978 517 3026 de
532 2993 588 3040 cap.
605 2977 777 3026 deminutione
792 2976 921 3024 doctrina.
949 2973 1003 3022 Sed
1016 2977 1094 3038 lonpo
1108 2973 1197 3036 dispu-

229 3048 293 3096 tatio
307 3049 434 3097 nctionem
452 3051 528 3097 etiam
547 3047 642 3097 itabens
664 3047 725 3096 Gaii
738 3059 759 3103 3,
774 3058 800 3098 11
819 3045 896 3094 noina
916 3047 968 3094 loci
986 3061 1037 3094 non
1052 3052 1097 3094 est.
1136 3043 1197 3092 Vid.

228 3123 317 3183 antem
323 3125 432 3181 praeter
447 3131 468 3176 1,
483 3131 522 3170 160
537 3119 573 3167 ad
585 3129 606 3177 1,
621 3129 660 3170 151
674 3125 764 3167 notata
778 3125 802 3166 et
816 3129 837 3174 ³,
853 3127 899 3168 151.
982 3111 1003 3178 ²)
1018 3116 1090 3164 luerit
1106 3113 1132 3164 C.
1153 3111 1200 3162 Vst

231 3188 289 3252 edei.
313 3187 351 3251 Os.
366 3188 431 3238 Inst.
445 3185 491 3257 [si]
507 3185 604 3257 [luerit]
618 3190 657 3238 ed.
673 3188 722 3237 Kr.
737 3200 758 3238 1.

301 3345 344 3418 ἐξ.
360 3352 403 3400 36.
418 3353 460 3400 37.
476 3372 510 3392 --
521 3364 565 3412 pr.
580 3347 602 3396 I.
618 3348 686 3412 quib.
701 3363 736 3397 ecc
755 3363 826 3398 caue.
846 3363 954 3396 manum.
971 3343 1002 3410 (1,
1019 3343 1051 3411 6).
1082 3345 1120 3408 Os.
1140 3343 1196 3408 otp.

229 3432 298 3479 1,15.
345 3417 370 3488 §.
387 3423 428 3472 38.
445 3423 516 3482 =§.
531 3432 552 3470 1.
572 3419 661 3468 Leod.
684 3418 722 3482 Cf.
742 3418 798 3482 Uip.
813 3430 834 3476 1,
849 3430 882 3469 1o.
909 3416 1117 3467 1111111111.
1137 3415 1199 3464 Len

228 3491 303 3540 lton
321 3490 394 3554 Sulpi.
409 3504 442 3543 ss.
466 3491 499 3539 L.
513 3503 535 3541 1.
556 3490 582 3540 0.
597 3491 629 3540 de
648 3496 704 3540 test.
724 3492 776 3539 mit.
797 3488 833 3553 (e,
852 3489 897 3554 11).
971 3485 996 3556 §.
1012 3490 1053 3538 31.
1071 3487 1110 3550 Os.
1127 3500 1147 3544 1,
1162 3499 1198 3538 no.

227 3563 251 3624 ἓ.
266 3573 286 3612 5.
311 3562 415 3626 anib.
436 3578 471 3612 em
486 3578 507 3612 c.
528 3577 636 3610 manum.
657 3560 689 3626 (1,
703 3559 735 3625 a).
759 3561 791 3609 Ιι.
807 3572 827 3610 9.
848 3568 1092 3610 11-15.11.11.15.
1117 3557 1150 3606 D.
1165 3557 1198 3607 de

227 3647 336 3681 aeonum.
359 3634 428 3682 vind.
448 3631 497 3699 (10,
517 3631 548 3698 1).
577 3633 609 3681 L.
629 3644 663 3683 11.
691 3633 724 3680 D.
744 3633 789 3696 qui
807 3638 831 3680 et
845 3647 861 3679 a
880 3630 947 3694 quib.
969 3645 1079 3679 manum.
1099 3627 1144 3692 (40,
1164 3627 1197 3693 9).
