2680 4118
359 220 420 258 uos.
439 223 472 258 sn
490 222 551 259 ocu.
570 222 660 260 sacru
677 221 783 260 conato.
802 205 860 260 XII.
881 211 904 260 'l-
1039 203 1100 270 685

151 367 332 425 gaborum,
347 349 409 406 sub
424 350 532 408 titulo
554 349 608 406 ’de
629 350 766 424 abigeis
783 347 902 408 dicit:¹
924 349 949 410 1.
966 346 1104 410 ²locendia

150 428 190 492 si³
211 436 299 509 quiin
315 434 414 508 oppido
435 435 548 507 praedae
570 450 648 491 causa
669 429 861 504 ’admiserint,⁴
882 439 969 509 capite
988 437 1104 510 puniun-

151 527 215 576 tur:
238 520 284 592 qui
299 535 364 576 casu
378 517 492 574 insulam
508 526 554 574 aut
568 517 670 590 uillam,
691 534 746 574 non
762 535 794 574 ex
809 520 963 590 inimicitiis,
979 521 1104 578 incende·

152 603 217 674 rint,
239 601 338 660 leuius.
382 600 502 660 Fortuita
524 603 595 658 enim
617 601 737 658 incendia
758 601 790 658 ad
817 601 906 660 lorum
931 598 1104 661 remittenda⁵

153 693 227 756 suot,
243 693 276 741 ut
289 685 414 742 damnum
429 686 523 742 uicinis
539 687 679 747 sarciatur.

216 768 282 842 llap.
299 767 350 828 vlt.
385 767 550 842 Ulpianus
572 769 662 826 libro
684 785 774 828 xvnr.
797 769 834 826 ad
856 769 1021 843 edictum,
1044 769 1105 828 sub

153 853 261 910 titulo
283 853 311 910 si
333 851 506 910 latebitur
527 854 656 910 iniuria
679 854 830 911 occisum
852 869 943 924 esse,
967 857 1000 912 iu
1022 856 1104 910 sim-

152 935 243 1010 plum
265 935 311 994 'ut
331 929 563 996 condiceret.⁶
597 933 622 994 1.
639 930 717 994 ⁷lteur
732 937 756 994 si
771 936 884 994 insulam
900 954 985 996 meam
996 939 1105 996 adusse-

152 1021 190 1078 ris
206 1019 250 1078 uel
264 1019 426 1088 incenderis,
442 1020 563 1094 Aquiliae
578 1021 709 1078 actionem
724 1019 837 1078 habebo.
868 1021 996 1095 idemque
1011 1031 1063 1094 est,
1079 1031 1106 1078 et

153 1105 176 1161 si
199 1103 337 1162 arbustum
360 1119 460 1176 meum,
483 1103 526 1160 uel
550 1102 640 1162 uillam
657 1119 751 1162 meam.
795 1101 825 1162 2.
849 1103 950 1172 Quodsi
965 1105 1028 1162 dolo
1045 1107 1105 1179 quis

153 1188 267 1244 insulam
283 1189 425 1258 exusserit,
448 1189 527 1244 etiam
543 1189 637 1260 capitis
652 1203 739 1262 poena
754 1187 892 1262 plectitur,
915 1190 992 1262 quasi
1014 1191 1104 1246 incen-

81 1277 142 1327 [589]
153 1272 264 1328 diarius.
308 1267 336 1328 8.
362 1264 441 1326 ⁸’Si⁹
463 1272 523 1342 quis
544 1271 657 1326 insulam
679 1265 826 1345 ’(suam)¹⁰
848 1273 966 1330 uoluerit
982 1289 1105 1343 exurere,

153 1362 182 1410 et
196 1355 266 1426 ignis
282 1353 408 1410 etiamad
424 1355 505 1410 uicini
519 1353 632 1412 insulam
651 1357 821 1429 peruenerit,
843 1356 947 1430 Aquilia
970 1356 1107 1414 tenebitur

153 1437 215 1510 lege
229 1437 334 1493 uicino:
351 1453 406 1492 non
421 1438 509 1494 minus
525 1437 604 1494 etiam
619 1439 757 1514 inquilinis
770 1439 804 1496 ob
820 1456 863 1498 res
876 1457 970 1498 corum
986 1449 1106 1511 exustas,

153 1521 232 1577 etita
247 1519 334 1578 babeo
355 1519 424 1576 libro
444 1519 503 1580 ’xu
523 1515 744 1595 responsorum¹¹
765 1523 858 1586 refert.
902 1521 931 1582 4.
954 1524 1006 1582 Sed
1021 1527 1043 1581 si
1059 1527 1106 1582 sti·

154 1604 243 1678 pulam
258 1605 286 1662 ln
302 1621 366 1678 agro
381 1597 431 1662 'tuo
446 1605 611 1677 incenderis,
633 1608 758 1681 ignisque
778 1616 908 1680 euagatus
923 1608 955 1664 ad
970 1610 1107 1682 praedium

155 1690 235 1746 uicini
250 1689 417 1762 peruenerit,
433 1698 460 1746 et
472 1689 538 1747 illud
552 1692 710 1760 excusserit,
726 1690 831 1762 Aquilia
842 1691 885 1746 lex
897 1691 987 1748 locum
999 1691 1104 1762 babeat,

154 1789 188 1828 an
203 1774 231 1828 in
247 1773 348 1831 lactum
361 1775 431 1829 actio
447 1775 492 1844 sit,
509 1774 560 1829 luit
571 1774 747 1846 quaestionis.
783 1770 811 1830 ὅ.
829 1772 862 1828 Εῑ
876 1773 1013 1846 plerisque
1024 1775 1106 1846 Aqui·

154 1856 188 1912 lia
204 1857 247 1912 lex
262 1857 350 1914 locum
372 1856 470 1912 habere
485 1873 540 1912 non
556 1855 679 1926 uidetur,
700 1863 728 1912 ct
743 1855 780 1910 ita
795 1855 888 1928 Celsus
904 1855 972 1912 libro
986 1873 1105 1914 xxxv11.

154 1939 324 2011 digestorum
346 1937 448 1997 scribit.
492 1941 537 1994 Ait
558 1940 643 2009 enim,
666 1939 689 1993 si
704 1938 833 2011 stipulam
851 1939 1019 1997 incendentis
1034 1940 1106 2014 ignis

154 2015 329 2094 ’etlugerit,1²
348 2021 453 2093 Aquilia
468 2020 530 2094 lege
545 2036 606 2076 eum
621 2037 675 2077 non
693 2022 788 2094 teneri,
803 2021 850 2080 sed
866 2023 894 2078 in
909 2022 1010 2080 lactum
1025 2039 1107 2098 agen·

154 2102 232 2174 dum,
253 2103 327 2178 ‘quia
342 2120 398 2160 non
413 2104 596 2177 principaliter
610 2105 654 2161 bic
668 2106 785 2176 exussit,
808 2105 858 2164 sed
872 2105 936 2162 dum
953 2107 1024 2163 aliud
1039 2109 1107 2180 egit,

154 2188 194 2244 sie
215 2187 286 2261 ignis
305 2185 460 2260 processit’
505 2183 534 2244 6.
558 2185 639 2244 Cuius
653 2189 787 2245 sententia
808 2182 883 2246 'et¹8
904 2191 1036 2264 rescripto
1052 2190 1108 2247 diui

154 2269 249 2327 Seueri
260 2269 432 2344 comprobata
444 2279 486 2328 est
497 2273 524 2328 in
533 2271 598 2328 baec
609 2271 704 2329 uerba:
721 2267 875 2347 ‘Propter¹⁴
886 2275 988 2348 ignem,
999 2269 1107 2350 ’lqcra'i¹5

155 2353 244 2427 pabuli
260 2355 345 2428 gratia
366 2353 469 2426 lactus,
489 2355 567 2430 culpa
582 2371 723 2413 seruorum
739 2357 862 2414 Veturiae
878 2357 988 2414 Astiliae
1008 2375 1107 2432 euaga-

154 2445 200 2494 tus
215 2453 309 2512 agrum
324 2445 412 2511 tuum,
434 2446 465 2496 ut
478 2440 619 2514 proponis,
641 2439 820 2515 depopulatus
835 2450 887 2514 est,
908 2441 940 2498 ad
956 2443 1107 2518 exemplum

228 2636 249 2706 1)
262 2639 365 2690 Errore
377 2655 412 2690 ec
426 2643 596 2706 irrecriptiome
605 2656 638 2705 11,
648 2655 669 2707 4,
679 2656 700 2696 ti.
719 2647 854 2710 repetitum
868 2646 977 2696 uidetur.
1030 2641 1052 2712 ¹)
1068 2645 1105 2709 Of.

155 2710 186 2760 L.
202 2721 222 2761 9.
241 2711 274 2759 Ι).
289 2711 321 2759 de
335 2711 436 2760 incend.
451 2711 495 2778 (47,
510 2712 539 2779 a).
555 2729 627 2778 supr.
643 2731 664 2764 e.
679 2726 699 2765 2.
711 2725 731 2768 5.
783 2713 804 2782 8)
818 2715 958 2766 incendiarii
974 2716 1035 2766 odd.
1046 2717 1104 2767 edd.

156 2777 178 2846 4)
193 2781 222 2830 ad
237 2795 289 2830 eam
302 2781 411 2831 miserint
430 2782 471 2832 Vi.
491 2783 515 2832 id
533 2784 673 2834 admiserint
686 2784 716 2834 B.
737 2785 782 2836 Ve.
797 2786 836 2838 ed.
850 2786 891 2836 Bl.
958 2782 978 2850 Ε)
995 2787 1033 2850 Cf.
1049 2797 1070 2845 t,
1084 2799 1105 2837 4.

154 2852 178 2912 θ.
194 2863 213 2901 1.
228 2858 254 2900 et
267 2863 301 2910 11,
314 2863 335 2904 t.
351 2863 371 2906 o.
423 2849 445 2919 ⁰)
460 2861 484 2902 et
498 2868 551 2903 euro
566 2855 663 2905 doceret
678 2853 775 2920 (docere
795 2854 852 2922 Vc.)
869 2857 929 2906 odd.
952 2856 989 2920 Of.
1005 2857 1041 2906 ad
1053 2868 1074 2919 a,
1084 2869 1105 2908 4.

157 2918 177 2984 ἵ)
191 2920 289 2972 Emstan
302 2921 334 2970 L.
349 2932 382 2974 at.
398 2925 421 2984 ἕ.
438 2935 458 2974 t.
477 2923 509 2972 D.
524 2924 560 2973 ad
573 2927 621 2991 lep.
636 2924 723 2990 Aquil.
739 2925 770 2990 (a,
785 2926 815 2991 a).
877 2923 898 2992 8)
915 2926 1011 2976 Emerui
1024 2927 1056 2976 L.
1071 2938 1105 2978 at.

154 2992 177 3054 ἓ.
192 3003 213 3043 8.
232 2991 265 3040 D.
280 2991 335 3042 eod.
399 2990 422 3058 ⁹)
442 2992 482 3042 Vi.
498 3001 523 3042 et
536 2995 595 3060 Dz'p.
611 2996 669 3045 ltem
683 2996 704 3045 si
718 2995 749 3045 B.
774 2997 818 3046 Ve.
834 2995 889 3064 (qui
902 2999 1003 3048 scilieet
1016 3012 1107 3048 novum

155 3067 233 3124 caput
249 3061 293 3112 liic
311 3061 449 3128 incipiuni)
468 3064 507 3113 ed.
527 3063 567 3116 Bt.
642 3063 675 3131 ¹⁰)
693 3065 822 3130 Suppleoi.
851 3067 963 3118 Excidit
981 3067 1011 3118 ob
1024 3069 1107 3117 simile

155 3131 251 3180 sulam.
279 3130 312 3180 In
332 3131 392 3197 Dip.
412 3141 450 3182 est
468 3134 570 3184 uoluerit
587 3149 671 3186 meam.
703 3135 757 3186 Sed
773 3137 861 3188 eadem
875 3145 968 3200 posteo
983 3153 1034 3200 pro
1055 3138 1106 3198 lege

154 3201 248 3251 babent
268 3201 347 3250 ctiam.
381 3202 476 3252 Verius
493 3211 594 3262 nostem·
615 3207 649 3269 cf.
670 3209 692 3268 ξ.
708 3222 759 3270 seq.
836 3204 868 3272 11)
886 3207 916 3256 B.
937 3221 1106 3270 responsorum

153 3286 197 3322 xv.
221 3271 263 3324 Vi.
278 3272 317 3324 ed.
332 3271 373 3323 Bt.
388 3287 559 3335 responsurum
572 3290 598 3326 v.
618 3275 663 3326 Ve.
738 3273 771 3342 l²)
792 3277 836 3328 Vc.
851 3278 910 3338 fugit
919 3276 950 3325 B.
966 3277 1049 3337 cffugit
1063 3277 1105 3325 Vi.

154 3343 236 3403 effugit
249 3342 289 3392 ed.
304 3341 344 3391 Bi.
411 3340 444 3409 18)
459 3343 503 3392 Ex
518 3345 586 3394 Pul.
603 3348 635 3409 ej.
651 3347 683 3396 sit
700 3345 731 3395 B.
755 3347 800 3396 Ve.
823 3347 869 3395 scit
888 3347 929 3395 Vi.
954 3346 1046 3395 scilicet
1066 3346 1104 3395 ed.

153 3410 195 3460 Bl.
249 3407 281 3477 ¹⁴)
295 3413 402 3476 profiteri
417 3421 515 3480 propter
527 3415 588 3466 Gdd.
599 3431 633 3465 ex
643 3418 710 3466 malo
718 3418 903 3482 peminotione;
918 3417 968 3466 oid.
981 3415 1104 3466 Zeitscbr.

157 3479 237 3532 XIII.
251 3496 280 3545 p.
295 3494 328 3535 aa.
361 3484 461 3534 Praeses
482 3487 620 3549 prouinciae
642 3487 664 3535 si
684 3494 782 3550 propter
802 3487 841 3536 ed.
863 3485 905 3535 Bt.
982 3482 1014 3552 ¹⁵)
1033 3484 1105 3538 Scai.

153 3553 287 3614 supplevit.
