2672 4112
510 224 713 274 PRAEFATIO.
1049 229 1086 278 lx

129 398 209 461 quae
237 398 276 441 ex
304 376 458 440 librorum
480 376 676 460 argumentis
697 376 963 460 iurisprudsntise
985 379 1085 444 vindi·

128 459 231 526 canda
259 481 328 526 esse
356 459 561 542 videbantur,
591 460 637 528 ita
658 464 766 525 tamen
788 465 839 538 ut,
867 462 895 525 si
915 464 1086 546 scriptores

127 545 231 629 magis
261 544 325 609 alia
352 547 460 608 castra
488 547 612 608 secutos
641 565 709 608 esse
741 548 919 626 constaret,
949 547 987 610 de
1014 546 1085 630 hoc,

128 629 281 692 asterisco
302 627 425 692 nomini
440 647 548 691 eorum
563 628 720 710 apposito,
741 629 858 692 tirones
872 630 1084 696 admonerem.

128 711 197 777 Nec
218 716 328 777 tamen
350 713 397 776 ita
418 711 497 774 mihi
519 711 638 794 placeo,
661 715 697 776 ut
718 712 768 776 vel
789 711 872 776 hano
893 714 997 798 ipsam
1012 737 1085 779 nor·

128 817 214 860 mam
235 795 384 860 omnibns
405 795 519 860 harum
540 815 644 858 rerum
666 795 776 878 peritis
791 797 960 879 probatum
980 798 1020 862 iri
1034 799 1085 864 vel

128 880 162 943 in
195 879 378 944 adhibenda
411 899 449 942 ea
482 879 521 942 ad
544 879 686 962 singulos
719 880 887 962 scriptores
919 903 1085 965 nunquam

128 983 275 1046 peccasse
303 961 471 1027 confidam.
516 961 606 1037 Quod
633 961 673 1026 ad
700 965 840 1027 extreme
861 964 985 1048 imperii
1006 968 1084 1031 tem·

129 1067 207 1130 pore
221 1048 349 1126 attinet,
372 1047 444 1128 ipsa
464 1045 544 1109 ratio
558 1045 707 1124 faciebat,
727 1050 764 1110 ut
778 1051 904 1142 praeter
919 1047 1084 1115 Consulta-

128 1131 259 1213 tionem,
281 1129 576 1194 iurisconsultorum
597 1130 841 1194 occidentalruur
854 1131 966 1213 fetum,
989 1134 1084 1197 etiam

23 1243 30 1262 ν
149 1235 209 1277 uae
233 1235 272 1278 ex
295 1213 530 1278 commentariis
553 1213 747 1277 Graecorum
773 1214 852 1279 iuris
873 1215 1084 1300 interpretum

129 1234 309 1361 iustiniano
339 1297 445 1380 paullo
477 1297 673 1362 anteriorum
709 1318 898 1380 quamquam
929 1299 963 1362 in
995 1299 1084 1364 libris

129 1380 211 1444 iuris
239 1380 492 1464 postiustinianei
521 1383 707 1464 supersunt,
731 1380 805 1446 huie
827 1383 950 1466 corpori
973 1383 1083 1448 adiun-

129 1485 249 1548 gerem.
294 1463 360 1529 Nec
385 1464 590 1528 iniucundum
627 1464 676 1528 vel
712 1465 943 1530 infructuosum
978 1468 1083 1533 adole·

128 1547 292 1612 soentibus
313 1547 380 1611 lore
402 1570 503 1631 spero,
527 1549 581 1631 qui
596 1547 710 1631 amplis
725 1548 934 1614 Basilicorum
948 1552 1083 1616 volumi·
1139 1574 1142 1582 ·

41 1690 46 1699 .
128 1631 221 1696 nibus
245 1631 397 1696 deterreri
418 1631 532 1714 solent,
561 1631 588 1695 si
609 1631 669 1696 hae
691 1634 780 1716 quasi
802 1634 996 1716 promulside
1017 1657 1082 1700 mo·

42 1742 47 1779 :
127 1719 352 1780 momentorum
373 1716 451 1779 iuris
467 1715 751 1781 Graeco-Romani
763 1716 867 1782 studio
886 1717 1081 1783 imbuantur.

42 1802 47 1885 j
126 1797 153 1863 Ε
185 1798 312 1864 diverso
346 1799 458 1864 etiam·
475 1803 562 1864 recte
596 1804 690 1882 atque
723 1801 832 1865 ordine
863 1800 976 1866 fecisse
1003 1802 1083 1866 mibi

42 1934 49 1971 :
127 1883 248 1962 videor,
279 1883 363 1966 quod
391 1882 634 1968 Visigothorum
659 1883 963 1967 Interpretationem
991 1887 1082 1949 omisi

44 1978 49 1991 “
130 1970 161 2030 et
185 1988 225 2031 ne
246 1965 353 2030 Paulli
381 1967 507 2050 quidem
529 1966 704 2032 Sententiis
732 1968 860 2032 subieci.
904 1967 989 2031 Nam
1011 1989 1082 2033 cum

132 2050 260 2113 dicimus
292 2051 343 2114 ius
377 2051 676 2132 anteinstiniauum,
713 2051 810 2114 etiam
842 2048 1081 2134 Visigothorum

47 2206 52 2215 Ι
131 2132 409 2216 iurisprudentiam
431 2134 594 2199 excludere
615 2134 767 2215 videmur,
789 2133 935 2216 aquibus
949 2135 985 2198 in
1000 2136 1082 2200 ocei-

47 2236 53 2245 ·
128 2215 223 2281 deute
245 2239 311 2282 non
333 2218 439 2283 minus
460 2239 555 2301 quam
578 2217 789 2283 alustiniauo
811 2218 845 2280 iu
861 2218 984 2282 oriente
998 2239 1083 2283 nora

127 2300 203 2366 iuris
227 2304 260 2365 et
282 2302 423 2366 civitatis
445 2301 584 2366 conditio
605 2301 736 2384 incepit.
780 2301 831 2365 Ex
853 2301 934 2366 Gaio
955 2306 1081 2367 tantum

127 2385 161 2447 in
181 2405 298 2449 novam
319 2384 456 2449 formam
484 2386 523 2449 ab
544 2386 584 2449 iis
606 2385 734 2450 redacto
757 2384 911 2468 quaedam
932 2387 1081 2468 genuinis

128 2469 193 2532 eius
206 2468 467 2533 Institutionibus
482 2469 516 2532 in
527 2469 613 2533 uotis
626 2469 754 2548 subieci,
770 2469 949 2552 spectantia
959 2470 1082 2534 scilieet

126 2551 163 2614 ad
187 2573 241 2616 eos
265 2553 360 2635 locos,
383 2553 494 2636 quiin
517 2553 623 2617 codiee
644 2551 823 2616 Veronensi
844 2552 1017 2634 perierunt.

207 2634 298 2710 Quae
312 2637 486 2718 receperim
500 2636 551 2699 vel
565 2654 632 2700 non
647 2635 829 2718 receperim,
852 2637 992 2718 exposui.
1026 2636 1081 2701 Α]-

122 2721 227 2783 terum
257 2723 339 2800 erat,
368 2725 404 2784 ut
424 2724 552 2803 recepta
573 2719 835 2803 quemadmodum
858 2719 1080 2804 ordinaverim,

123 2802 272 2868 dicerem.
312 2803 374 2868 Sed
395 2803 548 2886 temporis
570 2803 713 2868 ordinem
727 2802 921 2886 sequendum
937 2824 1014 2886 esse,
1036 2805 1081 2868 ita

121 2906 170 2950 res
192 2889 269 2970 ipsa
291 2887 415 2969 clamat,
438 2892 475 2952 ut
497 2888 563 2953 eius
584 2887 743 2952 rationem
764 2885 894 2950 reddere
908 2887 1081 2970 insipidum

121 2969 213 3038 foret.
246 2968 418 3035 Difficilius
431 2973 510 3053 erat,
521 2970 710 3054 quibusdam
722 2970 928 3053 scriptoribus
942 2975 1080 3036 ceterum

121 3053 264 3136 ignotis,
293 3054 344 3118 vel
371 3055 514 3138 scriptis,
543 3076 677 3138 quorum
703 3056 848 3119 auctores
877 3055 1078 3140 ignorantur,

121 3157 176 3201 sua
204 3141 354 3220 tempora
380 3139 553 3222 assignare.
598 3137 775 3222 Scriptores
796 3137 844 3201 illi
866 3158 976 3203 omnes
999 3140 1079 3203 anti-

121 3221 243 3304 quioris
276 3222 346 3285 aevi
377 3225 469 3303 sunt,
506 3223 539 3286 in
571 3221 622 3286 his
654 3221 871 3306 ignorantiam
904 3222 1079 3305 confessus,

121 3305 230 3370 tamen
257 3305 482 3388 probabilitate
510 3306 645 3389 quadam
672 3326 748 3370 usus
769 3326 853 3388 sum,
882 3307 1019 3371 maxime
1041 3327 1080 3369 ex

26 3433 37 3448 r
122 3407 227 3452 rerum
260 3391 471 3453 tractatarum
503 3388 610 3455 indole
643 3389 841 3474 argumentis
874 3389 986 3453 ductis.
1038 3387 1080 3450 In

123 3472 248 3555 scriptis
272 3493 346 3536 vero
369 3494 443 3556 prae
466 3473 579 3538 ceteris
601 3494 729 3557 operam
752 3472 835 3554 dedi,
857 3476 894 3536 ut
909 3475 1078 3549 auctorem,
