2694 4110
262 215 325 284 806
473 229 569 266 aenou
589 227 641 266 ova.
660 228 724 264 nou.
742 226 828 264 vasae.
847 213 995 263 als—317.

260 357 467 418 Successoribus
489 356 627 414 donatoris
653 357 799 433 perfectam
818 356 992 414 donationem
1013 371 1144 412 reuocare
1159 372 1216 412 non

260 445 438 519 permittitur,
465 441 536 498 ’cum
558 435 652 517 (uel)¹
679 441 854 516 inperfectam
879 441 1057 514 perseuerans
1085 439 1216 495 uoluntas

260 544 309 603 per
332 525 387 584 doli
409 525 471 582 mali
498 524 699 598 replicationem
722 518 887 584 confirmet.²
917 523 986 580 unde
1002 523 1090 580 aditus
1104 539 1216 597 praeses

260 611 416 686 prouinciae
431 611 454 666 si
466 608 498 664 de
516 609 689 682 possessione
701 618 728 666 te
739 608 847 683 pulsum
859 607 1057 677 animaduertit,
1068 623 1117 664 nec
1127 623 1217 662 annus

261 695 394 766 excessit,
415 709 447 750 ex
467 691 611 748 interdicto
630 709 714 750 vuou
728 707 762 750 vr
782 693 889 748 restitui
905 687 987 767 ’(ίὶὺί)
1001 684 1076 748 rem³
1090 707 1149 748 cum
1166 707 1218 746 sua

260 793 340 835 causa
360 775 529 852 prouidebit;
546 775 590 832 uel
605 777 628 831 si
644 777 695 832 iroc
709 783 815 850 tempus
831 773 936 832 linitum
951 782 1004 847 est,
1014 772 1100 847 ¹(per)
1111 774 1216 830 lormu·

260 861 314 918 iam
334 852 520 936 promissam.¹
546 853 679 932 ’quodsi⁵
693 858 780 915 nullas
801 861 874 915 uires
893 858 1066 915 donationem
1089 857 1217 914 habuisse

260 945 374 1014 dicatur,
397 944 554 1018 quaestione
581 942 645 999 iacti
667 944 829 1014 examinata,
852 945 910 998 iure
932 959 1041 1016 praeses
1060 943 1218 1016 prouinciae

261 1029 421 1084 sententiam
449 1027 520 1082 ierre
541 1025 653 1083 curabit.
684 1026 735 1082 PP.
752 1025 824 1086 iiiiii.
839 1025 892 1086 isal.
909 1025 985 1082 liart.
1002 1025 1166 1082 Diocletiano
1182 1025 1216 1080 V.

261 1119 289 1167 et
303 1111 461 1167 Maximiano
476 1109 529 1166 iiii.
546 1103 651 1167 conss.¹

324 1191 388 1253 313.
410 1194 492 1250 iidem
512 1191 611 1249 ’Laelio
624 1193 783 1268 Sempronio
796 1187 952 1269 Laeporio.⁷
977 1193 1091 1251 [lomatio
1103 1193 1215 1269 praedii,

261 1278 334 1353 quod
355 1279 469 1352 mancipi
485 1284 537 1347 cst,
547 1279 619 1333 inter
629 1293 684 1334 uon
698 1286 824 1352 exceptas
833 1293 963 1352 personas
974 1278 1122 1334 traditione
1133 1285 1215 1351 atque

261 1362 456 1436 mancipatione
471 1358 625 1434 perfinitum
649 1363 706 1417 eius
723 1377 797 1432 uero,
811 1362 884 1435 quod
900 1378 950 1419 uec
960 1363 1074 1436 mancipi
1090 1370 1143 1432 est,
1157 1370 1214 1418 tra·

261 1447 362 1502 ditione
381 1443 450 1500 sola.
480 1444 510 1500 Si
531 1444 615 1518 igitur
636 1453 749 1518 patrona
771 1453 818 1501 tua
839 1447 867 1502 in
888 1444 968 1502 rebus
991 1446 1114 1501 humanis
1130 1462 1215 1518 agens

261 1527 416 1603 supradicto
433 1529 492 1583 iure
512 1543 545 1583 ex
560 1544 639 1584 causa
654 1528 817 1598 donationis,
829 1536 937 1585 retento
949 1529 1001 1585 sibi
1016 1529 1169 1600 usufructu,
1183 1529 1217 1584 ad

261 1621 289 1668 te
311 1611 424 1667 eundem
445 1610 559 1666 lundum
583 1611 730 1684 transtulit,
750 1612 897 1686 intellegis,
918 1613 960 1670 ius
975 1620 1053 1670 tuum
1074 1613 1139 1668 satis
1155 1625 1218 1669 csse

261 1696 408 1763 munitum
431 1696 454 1750 si
474 1687 584 1750 tamen⁸
598 1711 659 1751 cum
676 1703 827 1752 moreretur
841 1705 964 1770 patrona,
981 1711 1060 1770 quam
1074 1695 1216 1770 praedium

261 1779 377 1836 donasse
394 1793 595 1850 commemoras,
607 1779 807 1852 possessionem
822 1781 861 1836 rei
873 1779 987 1836 donatae
999 1795 1053 1836 non
1063 1781 1213 1836 reuocauit.

262 1862 336 1918 iusta
352 1878 419 1936 quae
441 1862 529 1917 aditus
543 1863 582 1937 is,
604 1864 681 1918 cuius
703 1861 737 1918 de
752 1879 782 1918 ea
797 1879 826 1919 re
848 1865 924 1919 notio
945 1871 1003 1935 est,
1025 1864 1215 1920 auctoritatem

262 1962 336 2002 suam
358 1947 521 2019 interponet.
552 1945 608 2002 ilat.
622 1940 790 2020 ’aquileiae⁹
805 1947 892 2020 pridie
906 1947 960 2009 kal,
973 1949 1037 2021 Apr.
1050 1946 1214 2003 Diocletiano

261 2031 332 2103 Aug.
349 2028 390 2086 Vl.
409 2037 436 2084 ct
451 2027 608 2084 Constantio
623 2027 655 2086 ll.
671 2022 791 2090 conss.¹⁰

324 2109 391 2171 314.
415 2111 496 2169 iidem
517 2110 635 2170 'Aurelio
645 2106 669 2148 ¹¹
686 2113 871 2186 Apollonides.
900 2115 929 2170 ln
945 2112 1028 2170 filiurn
1044 2115 1283 2189 apatredo·[a1s1

262 2198 401 2254 nationum
425 2197 583 2270 conscriptis
598 2195 796 2269 instrumentis,
810 2197 842 2253 'si
860 2213 920 2254 eum
930 2191 956 2231 ¹¹
970 2200 997 2254 in
1014 2215 1123 2255 uacuam
1137 2198 1215 2254 indu·

262 2289 335 2336 ctum
363 2280 577 2353 possessionem,
604 2279 701 2336 horum
729 2279 810 2337 lectio
834 2281 1001 2353 manifestat,
1023 2279 1159 2338 ’ceterum
1180 2283 1215 2338 de

262 2441 364 2488 videtur
379 2453 425 2487 non
440 2439 505 2488 Mai.
516 2437 549 2504 (i)
601 2435 620 2505 1)
635 2439 736 2490 Addidi
739 2457 750 2497 ;
761 2441 845 2504 fuerit
854 2441 927 2490 otim:
942 2441 987 2490 c'ii.
1035 2436 1057 2507 ⁸)
1068 2441 1107 2504 ΘΥ.
1117 2442 1157 2504 55.
1167 2453 1214 2493 soa.

262 2519 309 2559 aaa.
319 2521 365 2560 aso.
376 2518 422 2559 250.
475 2505 495 2572 ³)
512 2504 580 2557 ‘ribi’
597 2511 727 2560 eccidisse
740 2513 842 2560 uidetur
856 2511 887 2560 ob
896 2512 955 2572 -tui;
969 2518 993 2559 tc
1008 2511 1038 2560 V.
1049 2511 1089 2562 ed.
1100 2510 1213 2561 Mamaos.

263 2576 285 2643 ⁴)
301 2578 339 2641 Os.
354 2577 386 2627 L.
402 2590 467 2640 rpr.
479 2579 524 2640 fin.
550 2578 582 2626 D.
597 2579 628 2628 de
643 2583 669 2629 υἱ
683 2579 732 2646 (aa,
747 2581 791 2644 16).
815 2582 851 2630 ad
868 2581 990 2630 formulam
1006 2596 1029 2643 p.
1044 2581 1084 2631 ed.
1100 2581 1214 2631 Momms.

264 2647 284 2712 ⁵)
295 2648 362 2712 quasi
376 2647 404 2696 V
419 2647 442 2713 (l
450 2663 508 2696 nam
519 2664 532 2714 q
537 2662 557 2696 s.
573 2647 600 2696 V
600 2647 619 2697 ¹.
634 2665 691 2700 euna
699 2658 804 2713 puncto,
815 2667 871 2700 cum
881 2653 948 2715 quasi
958 2653 992 2701 sit
1001 2649 1042 2716 qs)
1052 2651 1109 2700 edd.
1119 2651 1214 2701 Hatita.

263 2718 390 2776 Meuanas,
413 2719 517 2784 uirpula
537 2722 711 2783 anteposita.
744 2721 791 2770 sed
811 2728 887 2770 antea
907 2722 939 2771 de
956 2724 1119 2784 possessione
1135 2723 1214 2784 pulso

263 2787 447 2853 quaerebatur,
466 2788 510 2837 ubi
523 2789 629 2840 donatio
643 2806 677 2840 au
692 2792 761 2841 uires
775 2791 905 2840 habuisset
918 2807 997 2842 necne
1011 2807 1061 2842 nou
1076 2791 1214 2854 referebat,

263 2874 331 2908 nuuc
349 2859 381 2908 de
399 2861 454 2908 alia
473 2861 657 2910 controversia.
731 2857 753 2928 ο)
772 2877 796 2910 a.
815 2871 862 2912 ssa.
941 2859 961 2928 ¹)
981 2861 1085 2912 Malim:
1101 2860 1127 2908 L.
1145 2860 1214 2909 delio

263 2928 394 2991 Symphoro
410 2929 503 2978 liberto.
527 2929 559 2978 Iu
574 2946 654 2996 marga.
665 2933 768 2980 lemma:
781 2931 833 2993 llic,
848 2931 944 2982 donatio
959 2932 1052 2995 praedii
1060 2931 1175 2994 mancipii
1184 2930 1214 2980 ab

264 3013 301 3058 eo,
316 2999 379 3062 quod
393 3013 436 3048 nec
451 3001 554 3063 mancipi
569 3007 613 3059 est,
628 3002 652 3050 in
667 3016 712 3064 quo
728 3001 856 3065 discrepet.
907 3000 928 3067 ⁸)
943 3003 1059 3052 Lemma:
1072 3001 1125 3063 llic,
1140 3001 1215 3050 doua-

263 3071 351 3118 tionem
366 3069 456 3132 praedii
471 3078 584 3132 patronas
599 3071 623 3119 iu
637 3071 747 3120 libertum
762 3073 794 3120 ita
809 3073 900 3121 firmam
915 3087 981 3129 esse,
1000 3073 1022 3122 si
1036 3072 1215 3137 possessionem

264 3141 328 3199 eius,
350 3154 403 3189 cum
424 3147 569 3199 moreretur,
590 3154 637 3190 non
658 3143 789 3191 reuocauit.
825 3143 863 3206 Of.
886 3144 909 3204 ξ.
931 3153 978 3194 aas.
1052 3139 1141 3208 ⁸)Ea
1166 3138 1214 3190 W.

263 3210 377 3261 Mortuus.
393 3213 464 3261 omis.
484 3210 541 3260 Vat.
596 3207 627 3276 ¹⁰)
642 3227 666 3262 a.
681 3223 728 3264 aso.
789 3208 822 3279 ¹¹)
838 3213 960 3262 Correxit
974 3212 1087 3263 Momms.
1108 3211 1215 3261 Aureliae

268 3281 299 3331 V.
314 3281 372 3331 edd.
386 3280 504 3331 Lemma:
517 3281 570 3339 ilic,
583 3281 735 3332 traditionem
749 3283 811 3332 inter
824 3289 935 3345 parentes
950 3290 974 3332 et
983 3283 1045 3332 iiiios
1055 3297 1103 3332 non
1112 3281 1215 3346 requiri:

263 3367 307 3401 nec
326 3352 402 3416 patris
421 3348 630 3419 indignationum]
651 3354 736 3402 iustam
755 3353 905 3402 donationem
924 3353 1012 3402 debers
1031 3352 1143 3402 rescindi.

267 3417 300 3486 ¹¹)
314 3436 367 3471 eum
386 3420 414 3470 V
413 3419 433 3470 ⁰¹.
449 3436 502 3471 eum
516 3422 573 3472 edd.
585 3430 683 3485 puncto
693 3424 779 3486 posito
789 3429 851 3486 post
864 3424 1005 3472 manifestat.
1035 3425 1056 3472 si
1071 3438 1127 3472 cum
1141 3421 1215 3472 aber-

264 3499 349 3540 rasset
362 3494 388 3539 in
402 3500 544 3554 sequentem
558 3493 805 3556 comprehensionem
818 3500 880 3556 post
896 3501 1003 3543 ceterum
1016 3493 1115 3556 effecit,
1134 3499 1162 3542 ut
1180 3490 1217 3541 tot

260 3574 313 3621 pro
327 3561 349 3608 sl
363 3561 391 3608 de
407 3561 477 3609 dubia
491 3561 649 3612 scriberetur
663 3563 714 3612 sino
727 3558 780 3628 (En)
794 3563 873 3612 dabla.
