2692 4114
396 217 462 254 rvrar
480 217 574 254 rernm
592 215 663 254 seur.
682 197 715 253 V.
734 205 776 254 20.
796 205 838 254 21.
1029 197 1093 264 549

400 363 463 404 mr.
478 363 530 406 XX.
559 363 601 404 De
615 361 837 406 irremissus.

207 451 251 516 ¹1.
274 455 405 514 ’incendia
421 457 443 512 si
466 450 531 530 qui²
551 459 579 512 iu
600 456 699 532 oppido
720 455 863 530 praedandi
885 470 963 514 causa
983 456 1095 532 iaciunt,

142 533 298 619 '(focile)³
313 543 401 614 capite
416 543 575 614 puniuntur.
619 535 647 596 2.
670 538 721 607 Qut
737 555 825 596 casam
839 549 885 596 aut
901 541 993 597 uillam
1008 543 1095 600 inimi·

142 629 264 683 citiarum
288 626 373 699 gratia
395 625 588 695 incenderunt,
611 623 767 680 humiliores
788 625 816 679 in
837 624 973 682 metallum
1000 635 1045 682 aut
1067 628 1095 683 in

143 727 212 785 opus
227 708 364 783 publicum
380 709 555 779 damnantur,
571 709 741 766 honestiores
755 709 783 763 in
797 707 912 764 insulam
927 709 1093 782 relegantur.

142 791 171 852 3.
200 793 319 850 Fortuita
347 792 468 849 incendia
490 794 522 848 ’si
544 786 658 866 iniquo⁴
689 808 752 850 casu
774 793 847 848 uenti
879 791 981 848 terente
1007 788 1094 850 'siue⁵

142 879 245 934 incuria
267 880 359 952 ignem
381 877 562 951 supponentis
585 877 726 950 adusque
755 877 836 932 uicini
863 891 943 950 agros
966 877 1093 948 euadunt,

141 955 222 1036 ’loll‘
244 963 266 1017 si
282 977 314 1017 ex
336 953 403 1016 'eis⁷
426 976 506 1034 seges
529 961 572 1016 uel
595 961 672 1016 uinea
695 959 739 1018 uel
761 959 849 1016 oliuae
870 959 915 1015 uel
940 957 1095 1016 fructiferae

143 1045 253 1102 arbores
269 1053 483 1111 concrementur,
500 1043 592 1100 datum
606 1044 731 1100 damnum
754 1045 938 1102 aestimatione
954 1045 1093 1105 sarciatur.

142 1127 172 1186 4.
197 1129 374 1185 Commissum
391 1143 456 1184 uero
473 1143 626 1199 seruorum,
641 1130 664 1183 si
680 1128 788 1186 domino
801 1127 934 1192 uideatur,
948 1143 1032 1184 noxae
1048 1127 1094 1184 de·

143 1213 245 1269 ditione
260 1205 410 1269 'sarcitur.⁸
437 1209 466 1269 h.
482 1211 607 1268 llcssium
622 1227 686 1268 sane
696 1227 745 1286 per
755 1209 846 1268 dolum
858 1213 1014 1268 incensores
1028 1207 1093 1282 (uel)

144 1298 284 1352 uinearum
299 1297 466 1352 oiiuarumue
482 1298 570 1352 autin
586 1296 722 1352 metallum
745 1293 903 1351 humiliores
924 1295 1095 1368 damnantur,

145 1389 191 1435 aut
206 1381 377 1435 honestiores
392 1381 419 1435 in
433 1379 547 1436 insulam
562 1380 728 1454 relegantur.
768 1377 797 1442 0.
817 1371 890 1446 tout
904 1387 987 1436 noctu
1003 1379 1095 1436 inueti-

145 1461 215 1519 ieras
232 1461 341 1518 arbores
356 1479 436 1518 manu
452 1463 519 1520 iacta
535 1463 696 1534 ceciderint,
717 1463 749 1518 ad
771 1473 878 1537 tempus
894 1463 1052 1538 plerumque
1067 1466 1095 1520 ln

145 1561 215 1621 opus
234 1545 371 1622 publicum
392 1547 566 1618 damnantur,
589 1555 636 1604 aut
655 1547 825 1604 honestiores
847 1545 971 1604 damnum
997 1549 1095 1604 sarcire

69 1647 131 1696 [aaa]
145 1639 282 1706 coguntur
298 1630 342 1687 uel
356 1631 430 1688 curia
445 1631 642 1688 submouentur
655 1631 701 1688 uel
715 1631 879 1704 relegantur.

202 1803 264 1845 mir.
280 1803 344 1845 xxi.
374 1802 416 1842 Dm
431 1799 716 1844 varlolrtnronmvs
732 1801 772 1842 ΕΤ
786 1799 1031 1842 ΜΔΤΗΕΜΑΤῙΟῘΒ.

206 1895 231 1954 1.
256 1890 501 1966 ¹⁰Vaticinatores‚
517 1897 562 1968 qui
578 1912 607 1951 se
622 1893 673 1951 deo
694 1895 789 1970 plenos
805 1893 974 1962 assimulant,
995 1895 1095 1952 idcirco

144 1983 254 2038 ciuitate
270 1980 367 2054 expelli
383 1980 483 2052 placuit
490 1995 552 2054 ‚ne
573 1979 689 2036 humana
704 1978 863 2036 credulitate
884 1977 984 2052 publici
1005 1995 1094 2035 mores

145 2064 177 2120 ad
195 2079 271 2138 spem
286 2063 398 2119 alicuius
414 2064 454 2118 rei
469 2072 723 2136 corrumperentur,
739 2062 784 2118 uel
799 2069 873 2120 certe
888 2078 919 2117 cx
935 2079 966 2118 eo
982 2063 1096 2136 popula·

144 2164 189 2206 res
206 2148 287 2204 animi
303 2146 486 2202 turbarentur.
521 2145 638 2218 ldeoque
653 2149 738 2222 primo
758 2144 873 2202 iustihus
895 2148 965 2202 caesi
985 2148 1096 2203 ciuitate

145 2231 303 2306 pelluntur;
318 2237 523 2303 perseuerantes
539 2237 627 2285 autem
640 2232 669 2286 in
680 2231 785 2292 uincula
798 2227 904 2303 publica
916 2232 1096 2293 coniiciuntur

91 2317 98 2332 ⁸
144 2317 240 2455 δικ
263 2311 378 2370 insulam
400 2313 578 2386 deportantur
600 2311 643 2369 uel
665 2324 737 2370 certe
758 2314 924 2388 relegantur.
960 2309 989 2372 2.
1014 2307 1096 2384 ¹¹Qur

144 2417 161 2454 n
251 2405 279 2454 et
301 2413 351 2453 usu
366 2397 411 2454 uel
432 2397 534 2454 ratione
557 2399 707 2471 incognitas
728 2395 874 2472 religiones
889 2398 1041 2470 inducunt,
1064 2415 1097 2455 ex

144 2481 243 2556 quihus
258 2482 336 2538 animi
358 2482 496 2538 hominum
519 2492 694 2552 moueantur,
718 2483 889 2538 honestiores
909 2473 1112 2558 deportantur,

144 2565 301 2623 humiliores
316 2567 403 2638 capite
418 2567 576 2639 puniuntur.
612 2561 640 2623 8.
658 2559 743 2633 ¹²Qur
757 2565 791 2622 de
806 2566 893 2622 salute
908 2568 1037 2641 principis
1052 2565 1097 2624 uel

145 2650 178 2706 de
193 2667 296 2706 summa
311 2648 472 2724 reipublicae
487 2651 699 2719 mathematicos,
717 2650 826 2718 ariolos,
841 2651 1014 2724 haruspices,
1029 2653 1096 2707 uati·

144 2736 278 2792 cinatores
300 2734 433 2804 consulit,
456 2751 516 2790 cum
532 2751 583 2806 eo,
605 2738 651 2808 qui
666 2733 852 2808 responderit,
875 2736 960 2808 capite
976 2736 1097 2808 punitur.

144 2816 173 2876 4,
200 2811 289 2874 ¹³Non
306 2827 409 2874 tantum
426 2818 589 2874 diuinatione
612 2817 689 2891 quis,
711 2817 759 2873 sed
779 2819 837 2892 ipsa
858 2817 969 2874 scientia
984 2818 1097 2894 eiusque

221 2995 269 3044 itt.
293 2995 357 3044 XX.
396 2991 617 3060 ²)§§.1-o.em
638 2995 681 3044 ud.
706 2995 763 3044 Vos.
797 2994 940 3045 lhoeterea
962 3003 1053 3046 extant
1071 2999 1098 3046 in

146 3065 384 3124 attoriense,
399 3065 442 3114 udi
455 3065 507 3114 vid.
522 3072 618 3115 notata.
666 3062 687 3130 ²)
702 3065 844 3115 incendiarii
858 3067 897 3130 qui
911 3067 968 3130 quid
984 3067 1028 3116 Od.
1039 3067 1096 3116 edd.

144 3132 480 3272 t>
496 3135 539 3271 ‘t
662 3134 937 3256 nuru-ano
952 3136 1098 3270 anu

147 3275 216 3326 Rom.
232 3275 313 3341 Bury.
329 3287 355 3327 18
366 3277 411 3338 fin.

219 3345 267 3395 itt.
287 3346 366 3395 XXI.
407 3343 439 3412 ¹⁰)
451 3345 489 3410 Cf.
502 3346 591 3397 Cottae.
602 3358 636 3406 15,
646 3359 665 3398 e.
681 3350 720 3410 §h
731 3359 791 3399 e-e.
806 3373 840 3384 -
858 3346 975 3409 Gothosr.
989 3347 1025 3395 od
1034 3345 1065 3394 L.
1076 3357 1097 3396 e

148 3415 523 3482 Ih.0.demaleficr‘s(e,1o).
591 3415 623 3485 ¹¹)
639 3419 678 3482 Of.
695 3419 783 3469 Collat.
799 3428 833 3476 15,
847 3429 867 3467 a.
883 3419 906 3478 ἐ.
921 3425 941 3466 2.
1008 3412 1097 3480 12)οῙ’.

145 3486 236 3537 Collat.
252 3497 286 3546 rt,
301 3498 320 3537 2.
336 3489 358 3550 ἕ.
369 3499 389 3538 a.
413 3487 519 3538 Tertutl.
534 3491 601 3552 apol.
612 3499 645 3540 85.
661 3488 711 3537 Iul.
723 3489 801 3537 dirm.
813 3487 893 3539 Malle.
904 3497 925 3550 t,
941 3489 985 3536 ult.
1000 3485 1096 3537 Sorom.

144 3555 204 3606 tter.
218 3559 281 3606 eccl.
296 3569 317 3616 o,
331 3568 365 3610 85.
419 3555 452 3624 18)
469 3559 506 3621 Cf.
523 3559 611 3608 Collat.
628 3569 661 3617 15,
676 3570 696 3608 2.
712 3560 734 3620 ξ.
750 3569 770 3608 t.
