2700 4118
255 126 319 191 680
448 140 510 176 atos.
529 141 564 175 nn
584 140 647 178 nort.
667 141 761 179 ceusu
780 139 891 182 concas.
909 123 942 178 X.
962 129 986 178 8.
1005 129 1028 178 9.

255 300 354 354 suero,
378 299 463 357 eaque
479 284 519 338 uti
536 281 582 338 tibi
599 286 762 359 permisero,
785 279 884 341 mutua
902 285 987 359 magis
1004 281 1123 355 uidetur,
1141 301 1228 360 quem

255 369 393 443 deposita,
413 383 444 424 ac
459 383 508 442 per
523 367 576 424 hoo
591 369 712 442 periculo
728 377 776 426 tuo
793 371 854 426 erit.
898 365 947 426 10.
973 361 1019 424 ¹Si
1033 385 1092 426 rem
1106 371 1177 444 apud
1193 378 1227 426 te

254 452 405 527 depositam
428 451 597 525 uendideris,
615 471 728 528 eamque
750 455 913 525 redemeris,
941 461 1059 528 postque
1078 469 1137 510 eam
1157 471 1223 530 pcr-

255 536 372 610 dideris,
391 537 477 594 semel
492 536 609 596 admisso
624 539 700 607 doio,
719 531 909 613 'perpetuata²
924 538 1041 611 depositi
1056 540 1161 595 actione
1178 546 1223 596 te·

255 621 371 679 neberis.
419 617 458 678 11.
482 615 539 677 ³En
560 637 641 680 causa
669 623 787 697 depositi
816 623 878 698 iege
900 622 1043 680 duodecim
1065 621 1222 680 tabularum

254 709 282 764 in
298 707 410 781 duplum
426 707 496 764 ectio
512 706 607 780 datur,
624 707 712 765 edicto
728 709 863 781 praetoris
877 709 906 763 in
920 707 1055 782 simplum.

318 790 383 866 iiap.
408 790 473 848 Vlii.
517 789 754 866 Gregorienus
783 791 875 848 libro
901 807 943 852 1v.
966 791 1028 848 sub
1053 791 1155 848 titulo
1179 793 1221 848 de

255 870 446 951 deposito.⁴
482 875 549 950 Imp.
570 876 720 933 Alexander
745 877 775 934 Α.
799 877 909 934 Mestrio
935 875 1024 936 militi.
1068 869 1156 949 '(Si)⁵
1176 877 1221 932 in·

254 977 337 1019 cursu
358 961 496 1017 latronum
519 969 676 1018 ornamenta
698 961 821 1036 deposita
840 961 911 1036 opud
929 959 1104 1017 interiectum
1126 960 1158 1016 ab
1179 963 1221 1017 eis

253 1048 406 1122 perierunt:
430 1045 621 1103 detrimentum
637 1046 670 1101 ad
684 1045 799 1104 heredes
815 1048 883 1117 eius,
907 1047 953 1120 qui
973 1045 1128 1118 depositum
1144 1061 1221 1102 acce·

254 1132 305 1206 pit,
321 1131 367 1206 qui
383 1129 476 1186 doium
493 1137 596 1186 tantum
613 1139 749 1204 praestare
765 1129 869 1203 debuit,
883 1147 940 1187 non
955 1131 1084 1204 pertinet.
1115 1128 1221 1197 Quodsi

255 1208 423 1291 'praetenui
437 1215 572 1271 latrocinii
588 1217 725 1272 commissi
739 1233 802 1287 res,
824 1231 892 1288 quae
912 1217 940 1270 in
959 1221 1095 1288 potestate
1110 1213 1221 1270 heredis

255 1307 329 1370 sunt,
346 1315 401 1355 non
413 1299 610 1370 restituuntur,
626 1308 681 1355 tam
694 1299 820 1374 depositi,
837 1317 916 1375 quam
929 1292 1020 1376 ’(αιί)7
1037 1299 1220 1355 exhibendum

255 1385 337 1454 actio,
357 1382 405 1438 sed
422 1389 449 1438 et
463 1383 491 1438 in
512 1399 569 1440 rem
586 1383 732 1442 uindicatio
748 1388 888 1458 competit.
927 1383 1220 1458 Prop.vr1.iiai.iul.

255 1467 368 1524 Maximo
383 1467 425 1524 his
441 1474 468 1522 et
483 1467 588 1525 Urbano
605 1463 692 1526 coss.⁸

318 1551 386 1627 Kep.
419 1551 462 1609 lX.
513 1551 639 1608 Paulus
675 1553 767 1610 libro
805 1569 1053 1627 responsorum
1089 1569 1119 1613 v.
1157 1553 1219 1610 sub

255 1636 363 1694 titulo
386 1653 423 1693 ex
446 1637 563 1694 locato
587 1646 618 1693 ot
640 1637 826 1695 conducto.
864 1632 960 1712 ⁹‘1mp
977 1639 1131 1694 Antoninus
1149 1637 1218 1704 luiio

254 1723 415 1797 Agrippino.
458 1721 587 1778 Dominus
606 1723 768 1779 horreorum
788 1723 939 1797 periculum
963 1723 1005 1778 uis
1028 1723 1150 1794 maioris,
1173 1721 1219 1778 uel

255 1806 413 1864 effracturae
434 1805 572 1863 latronum
593 1801 805 1882 '(ccnduotori)
815 1800 840 1840 ¹⁰
861 1817 1000 1881 praestare
1022 1823 1076 1864 non
1100 1808 1219 1881 cogitur.
1235 1819 1288 1873 [5⁸41

254 1890 301 1948 His
316 1891 495 1963 cessantibus,
512 1893 535 1948 si
550 1891 615 1964 quid
631 1907 663 1948 ex
679 1891 810 1966 depositis
823 1891 916 1965 rebus,
931 1891 1039 1948 inlaesis
1051 1893 1220 1948 extrinsecus

254 1976 360 2032 horreis
376 1977 467 2051 periit,
491 1975 616 2032 damnum
632 1976 818 2052 depositorum
835 1978 929 2034 sarciri
951 1975 1041 2034 debet.
1079 1977 1160 2050 Prop.
1176 1993 1219 2035 Ν.
1251 2037 1255 2044 A

253 2059 323 2118 Non.
346 2061 415 2118 Nou.
431 2060 567 2117 Antonino
589 2067 620 2118 A.
641 2078 683 2120 1v.
707 2055 749 2138 (et
769 2055 908 2140 Balbino)
926 2054 1220 2118 coss.'¹1—Pauius

253 2146 408 2220 respondit:
432 2147 497 2201 satis
514 2146 706 2220 ’praepositam
716 2139 740 2179 ¹²
756 2149 980 2204 constitutionem
995 2146 1144 2217 declarare,
1166 2145 1217 2217 his,

255 2231 301 2305 qui
316 2230 415 2287 horrea
430 2227 538 2304 locant,
555 2233 682 2287 maiorem
699 2233 753 2287 uim
769 2231 897 2306 imputari
912 2247 967 2288 non
984 2247 1075 2305 posse.

546 2311 648 2375 Explicit
663 2313 744 2362 titulus
760 2313 788 2362 de
809 2313 926 2376 deposito.

254 2513 286 2562 D.
302 2513 333 2562 de
347 2512 399 2562 reb.
414 2513 484 2562 cred.
501 2512 545 2577 (12,
560 2513 590 2580 1).
609 2514 641 2563 L.
657 2527 683 2566 54
693 2531 737 2578 pr.
753 2517 785 2568 D.
802 2517 884 2566 naond.
899 2478 944 2582 (it,
960 2515 991 2581 1).
1058 2513 1077 2581 ¹)
1097 2516 1136 2580 0,.
1151 2517 1182 2566 L.
1198 2530 1218 2568 1.

253 2586 275 2646 §-
287 2595 321 2636 25.
336 2583 368 2632 D.
380 2584 466 2646 depos.
482 2581 528 2648 (16,
542 2584 573 2649 a).
641 2583 661 2652 2)
675 2585 780 2650 Scripsi
793 2603 828 2636 ex
837 2588 869 2638 L.
880 2599 914 2638 91.
929 2589 952 2648 ξ.
967 2599 980 2638 e
996 2603 1048 2652 seq.
1064 2587 1096 2639 D.
1107 2589 1139 2637 de
1150 2587 1217 2638 verb.

254 2654 302 2705 obi.
318 2652 408 2721 (45,1).
429 2655 460 2704 L.
475 2666 508 2708 58.
523 2657 546 2718 ἓ.
562 2669 582 2706 1.
607 2656 639 2707 D.
654 2658 686 2706 de
697 2659 814 2720 fideiuss.
830 2657 879 2724 (46,
898 2657 930 2723 1).
953 2666 1093 2722 perpetuam
1107 2657 1138 2710 B.
1163 2674 1218 2722 per-

252 2733 324 2862 titi
337 2726 519 2848 iturea
539 2726 581 2848 Vi·
597 2725 829 2850 “iiieiifi
845 2729 986 2850 ittet·
1001 2745 1074 2868 uti
1088 2730 1146 2867 tt·
1161 2742 1218 2850 ii·

253 2870 322 2934 qood
335 2837 446 2932 amptius
464 2815 540 2918 ltabgt
558 2813 643 2919 ciream
658 2887 674 2920 a
692 2840 849 2922 Triboniano
864 2817 1048 2931 odditargoait,
1067 2837 1102 2922 ἀπ
1117 2817 1217 2922 inqul-

253 2942 349 2990 latt'one
359 2940 481 3002 perierit,
492 2942 644 3005 plerumque
659 2943 785 2991 incertum
796 2950 840 2992 est.
893 2940 914 3009 ⁵)
929 2942 974 2992 Eae
986 2943 1045 2993 uod.
1056 2943 1080 2992 J.
1091 2945 1215 3008 supplevi.

254 3007 275 3076 6)
290 3009 335 3058 Ex
351 3009 410 3059 Cod.
424 3009 448 3058 J.
473 3024 501 3058 ex
520 3019 643 3074 praetextu
660 3012 722 3062 Cdd.
738 3013 813 3072 edd.‚·
831 3015 878 3063 sed
891 3021 1015 3077 praetentu
1034 3016 1074 3064 cet
1088 3015 1132 3063 sub
1147 3029 1217 3078 prae-

252 3087 316 3130 textu
331 3081 437 3149 dieitur.
496 3077 515 3148 ⁷)
530 3082 785 3148 Pitia.auppleoitex
797 3085 891 3134 Ocea.
950 3081 970 3150 ⁸)
986 3097 1069 3136 aute
1125 3081 1217 3150 ⁹)an-

251 3158 304 3201 atat
317 3153 374 3201 sine
388 3167 512 3216 responso
526 3154 639 3205 subiecto
654 3155 686 3203 L.
702 3168 722 3205 1.
744 3155 769 3204 Ο.
786 3157 817 3205 de
832 3159 879 3206 loo.
895 3155 928 3222 (4,
940 3154 984 3222 55).
1042 3151 1075 3221 ¹⁰)
1090 3155 1136 3205 mc
1152 3155 1177 3206 0.
1192 3155 1215 3204 J.

251 3225 376 3288 supplevi.
400 3223 436 3272 Et
454 3226 501 3274 oia:
520 3228 635 3275 consutio
654 3227 703 3276 Itoc
719 3225 833 3277 Collator
852 3229 982 3284 omiserit,·
1001 3243 1060 3276 num
1078 3229 1103 3276 si
1121 3229 1216 3276 reseri-

247 3301 321 3359 ptom
344 3296 380 3344 od
403 3295 544 3359 depositum
562 3297 692 3360 refertor,
716 3313 803 3346 oerum
825 3306 945 3357 nonest,
969 3299 1098 3348 dominum
1117 3299 1217 3361 eulpam

247 3373 387 3502 iiiiii?
402 3381 450 3486 ⁰13⁷?
451 3367 641 3488 iiiiii?
637 3375 715 3489 titt
717 3369 1007 3506 pdngppduoppp
1021 3384 1206 3490 iiiiii.

251 3474 399 3570 propositam
419 3507 460 3556 Vt.
476 3509 516 3560 ed.
533 3507 574 3558 Bt.
620 3454 639 3503 p
767 3477 772 3488 '
818 3478 823 3490 α
869 3478 874 3490 ⁸
1006 3455 1041 3505 ’p
1072 3455 1087 3503 p
1201 3476 1215 3488 Ι,
