2678 4116
436 225 494 263 otu
512 227 603 262 rueris.
622 209 656 262 II.
676 215 824 264 aot—261.
1038 211 1103 275 279

153 365 239 416 totam
254 355 431 414 hereditatem
445 359 589 414 restituere
605 364 716 432 rogatus
732 358 783 428 sit,
804 356 880 414 locus
900 363 942 416 est
957 357 1106 432 Pegasiano

84 483 88 490 .
152 449 264 498 senatus
279 439 415 500 consulto.
449 436 515 500 25⁷.
538 440 585 498 Set
599 443 633 513 is,
649 442 695 514 qui
709 440 794 498 semel
809 441 903 498 adierit
917 442 1105 517 hereditatem,

152 527 175 582 si
191 524 273 582 modo
289 541 337 580 sna
352 523 493 581 uoluntate
508 524 611 595 adierit,
628 526 687 582 siue
701 525 843 580 retinuerit
855 534 976 598 quartam
988 534 1104 602 partem,

153 611 213 666 siue
228 607 347 664 noluerit
360 609 487 679 retinere,
504 610 562 682 ipse
574 609 701 664 uniuersa
712 623 793 664 onera
804 609 961 668 hereditaria
973 612 1104 668 sustinet:

153 701 196 750 set
216 701 309 766 quarta
330 691 437 764 quidem
458 700 562 748 retenta
583 693 660 766 quasi
680 693 766 766 partis
786 700 815 748 et
836 708 885 766 pro
900 702 978 767 parte
993 694 1104 768 stipula·

155 779 244 834 tiones
258 777 395 848 interponi
409 774 508 834 debent
524 785 657 850 tamquam
679 777 751 832 inter
772 778 929 850 partiarinm
943 777 1104 852 legatarium

154 870 182 917 et
202 859 341 932 heredem3
365 860 388 916 si
410 875 476 916 nero
498 867 581 917 totana
596 859 771 916 hereditatem
786 862 954 934 restituerit,
968 861 1001 918 ad
1016 877 1105 918 esem·

153 944 229 1018 plum
240 951 331 1000 emtee
342 950 370 1000 et
382 942 510 1002 uenditoe
519 943 675 1000 hereditatis
686 944 877 1018 stipulationes
889 945 1106 1018 interponendae

152 1036 227 1086 suut.
268 1025 338 1084 258.
362 1025 409 1084 Set
428 1029 452 1084 si
471 1038 579 1086 recuset
599 1029 717 1100 scriptus
737 1028 817 1084 heres
842 1027 916 1084 adire
931 1028 1105 1086 hereditatem

154 1111 189 1168 oh
204 1110 241 1176 id,
259 1109 330 1184 quod
347 1109 433 1182 dicat,
455 1127 511 1168 eam
527 1110 577 1166 sihi
591 1120 746 1184 suspectam
770 1126 830 1167 esse
852 1113 928 1182 qnasi
942 1111 1104 1183 damnosam,

153 1203 266 1252 cauetur
285 1195 437 1268 Pepasiano
459 1202 568 1252 senatus
590 1194 730 1264 consulto,
752 1201 783 1250 ut
804 1193 972 1252 desiderante
992 1209 1042 1264 eo,
1063 1196 1105 1252 cui

153 1280 300 1338 restituere
324 1287 437 1352 rogatus
457 1287 512 1349 est,
539 1279 615 1336 iussu
634 1271 640 1355 Ι
658 1277 789 1351 praetoris
816 1277 892 1334 adeat
917 1286 945 1335 et
970 1279 1103 1350 restituat,
1116 1280 1175 1328 121-

4 1381 8 1448 p
154 1363 322 1436 proindeque
342 1363 367 1416 ei
388 1368 416 1418 et
430 1363 458 1418 in
473 1377 552 1433 eum,
568 1363 614 1436 qui
635 1362 782 1434 receperit,
803 1363 921 1418 actiones
941 1361 1054 1435 dentur,
1075 1377 1106 1422 ae

79 1446 226 1509 [morioris
241 1453 282 1502 est
297 1461 327 1502 ex
342 1453 451 1502 senatus
466 1445 592 1502 consulto
609 1444 792 1504 Trebelliano:
814 1462 868 1519 quo
883 1461 947 1502 casu
962 1446 1043 1504 nullis
1058 1449 1106 1504 stl-

154 1527 338 1604 pulationihus
353 1543 422 1602 opus
438 1537 495 1601 est,
516 1530 578 1602 quia
592 1529 672 1586 simul
687 1539 715 1584 et
730 1529 807 1601 huic,
823 1531 869 1604 qui
883 1531 1011 1594 restitnit,
1027 1545 1105 1588 secu·

153 1614 220 1670 ritas
237 1611 325 1684 datur,
341 1620 368 1668 et
382 1613 501 1670 actiones
513 1613 689 1670 hereditariae
704 1614 728 1668 ei
742 1622 769 1669 et
780 1615 807 1670 in
820 1629 880 1670 eum
895 1613 1105 1685 transferuntur,

155 1698 202 1772 qui
216 1696 349 1770 receperit
363 1695 550 1753 hereditatem.
595 1691 663 1754 259.
684 1697 754 1752 Nihil
770 1704 859 1752 autem
875 1698 998 1768 interest,
1014 1706 1105 1754 utrum

152 1781 251 1854 aliquis
262 1796 294 1836 er
306 1794 365 1835 asse
376 1779 455 1836 heres
469 1773 633 1840 'institutus¹
649 1788 695 1835 aut
711 1787 794 1836 totam
808 1780 984 1836 hereditatem
1000 1788 1046 1836 aut
1055 1797 1105 1854 pro

154 1873 233 1938 parte
245 1865 389 1921 restituere
401 1871 525 1938 rogetur,
541 1881 575 1922 an
586 1880 618 1920 en
629 1870 706 1937 parte
719 1863 798 1919 heres
809 1863 951 1920 institutus
964 1873 1010 1920 aut
1021 1871 1106 1922 totam

154 1964 214 2004 eam
230 1956 331 2024 partem
347 1954 393 2004 aut
407 1949 491 2022 partis
506 1956 610 2022 partem
624 1948 769 2002 restituere
783 1954 906 2020 rogetur.
938 1962 999 2002 nam
1013 1955 1040 2002 et
1054 1947 1107 2004 hoc

153 2048 220 2088 casu
235 2031 267 2088 de
288 2041 382 2106 quarta
403 2038 479 2104 parte
501 2033 557 2087 eius
578 2031 664 2104 partis
684 2029 753 2086 ratio
777 2045 810 2086 ca
824 2029 976 2104 Pegasiano
997 2038 1106 2086 senatus

154 2115 282 2174 consulto
298 2115 389 2172 haberi
404 2113 484 2172 solet.
1050 2159 1053 2165 .

219 2193 290 2256 260.
313 2199 407 2256 Potest
422 2207 510 2256 autem
527 2199 642 2272 quisque
664 2199 743 2254 etiam
765 2213 809 2254 res
833 2195 953 2272 singulas
968 2213 1017 2271 per
1032 2195 1106 2254 fidel·

154 2284 327 2341 commissum
336 2283 501 2357 relinquere,
508 2282 584 2340 uelut
593 2279 715 2352 fundum,
729 2281 874 2353 hominem,
884 2288 999 2352 uestem,
1010 2297 1106 2356 argen-

154 2375 225 2439 tum,
241 2367 397 2442 pecuniam3
413 2376 441 2422 et
457 2366 500 2424 uel
515 2368 603 2440 ipsum
619 2365 745 2422 heredem
760 2381 874 2440 rogare,
890 2373 920 2422 ut
935 2364 1013 2422 alicui
1028 2367 1106 2422 resti·

154 2459 227 2522 tuat,
249 2449 294 2507 nel
309 2449 476 2523 legatarium,
499 2451 621 2522 quamuis
644 2465 658 2505 a
681 2449 811 2523 legatario
834 2449 917 2523 legari
933 2463 987 2506 non
1008 2451 1104 2524 possit.

154 2528 220 2594 261.
242 2534 308 2591 ltem
322 2541 415 2610 potest
430 2549 485 2590 non
499 2533 587 2590 solum
610 2533 722 2608 propria
743 2535 882 2590 testatoris
903 2549 947 2590 res
968 2549 1016 2608 per
1031 2531 1105 2590 fidei·

155 2617 330 2674 commissum
345 2615 472 2689 relinqui,
487 2615 535 2672 sed
550 2618 631 2673 etiam
642 2615 750 2673 heredis
766 2615 947 2690 autlegatarii
959 2625 1005 2673 aut
1017 2618 1106 2674 cuius·

155 2701 222 2758 libet
244 2700 369 2758 alterius:
391 2701 482 2771 itaque
503 2707 530 2756 at
545 2699 690 2772 legatarius
706 2711 760 2756 non
776 2699 864 2756 solum
879 2700 911 2756 de
926 2715 956 2756 ea
971 2715 1001 2756 re
1015 2701 1107 2774 rogari

154 2793 257 2859 potest,
279 2793 311 2841 ut
332 2799 389 2840 earn
412 2783 491 2839 alicnl
506 2785 641 2855 restituat,
656 2798 725 2856 qnae
748 2785 773 2840 ei
787 2783 877 2858 legata
900 2783 946 2855 sit,
964 2783 1107 2842 sedetiam

153 2917 367 2927 ——.-—-

230 3001 250 3070 ¹)
264 3005 399 3054 instituatur
417 3003 444 3053 V
445 3000 473 3053 ¹².

154 3127 367 3137 ..-..-.--..-.-

227 3193 253 3266 §-
267 3197 415 3260 25⁷·=§·
431 3195 546 3250 eicit.
568 3195 606 3259 Cf.
622 3195 653 3244 L.
669 3207 701 3247 21.
717 3206 750 3248 ss.
770 3195 802 3244 D.
818 3195 853 3245 ad
866 3194 913 3246 SC.
932 3195 1004 3244 Treh.
1020 3193 1063 3262 (ec.
1075 3193 1105 3260 1).

152 3266 215 3331 dep.
230 3278 263 3326 et,
279 3277 311 3319 15.
333 3267 408 3317 Paul.
422 3279 443 3326 t,
453 3277 474 3320 t.
489 3268 512 3330 ἐ.
522 3277 542 3318 2.
560 3281 642 3330 supra
656 3267 678 3328 ξ.
689 3275 736 3318 254.
782 3261 807 3334 §-
819 3269 878 3318 258.
900 3265 938 3329 Cf.
958 3266 1011 3328 lup.
1027 3277 1105 3322 25,1o.

157 3337 441 3400 Pact.s‚e.§§.a-a.
505 3332 530 3405 g.
546 3335 803 3398 259.=§.s.1.h.
819 3343 835 3386 t.
851 3334 940 3400 (nse).
1004 3331 1105 3404 §.tto

203 3423 248 3472 pr.
264 3407 286 3457 Ι.
301 3409 333 3458 de
347 3411 413 3474 einp.
428 3407 481 3458 reb.
492 3424 520 3471 p.
534 3407 615 3470 fdcss.
631 3405 661 3473 (2,
677 3405 721 3473 ot).
744 3406 781 3456 uel
801 3399 950 3470 legatarium]
971 3403 1005 3466 os.
1021 3407 1043 3466 5.
1059 3415 1105 3454 tat.

160 3477 325 3542 Utp.tt,20.
398 3474 915 3547 §.ect.=t.1.1.e0a.tup.es,s.
945 3473 1106 3531 Pontos.

154 3549 194 3610 ςξ.
209 3559 228 3599 a.
243 3560 264 3600 e.
