2694 4110
298 211 359 276 846
434 231 488 267 var.
505 231 606 267 cvrvso.
622 229 709 268 trano.
725 230 911 268 conaveramo.
931 214 960 268 V.
976 213 1074 271 'l—Vl.
1091 223 1113 270 2.

342 368 394 415 ter
416 367 533 416 catera
555 370 588 416 et
609 361 646 417 ad
663 362 788 419 locum:
810 361 838 418 Si
855 365 929 419 tutor
943 363 987 420 uel
1003 370 1112 420 curator
1126 366 1188 439 plus
1204 385 1256 442 pc·

341 445 424 514 tierit,
440 459 519 500 causa
535 444 614 502 cadit.
651 444 727 512 Quod
743 461 803 501 cum
824 445 923 502 iactum
945 461 1004 502 esse
1020 447 1103 520 dicas,
1118 449 1221 507 frustra
1240 470 1256 508 a

340 527 419 584 nobis
433 527 580 583 remedium
596 529 717 600 quaeris:
735 530 797 602 quia
812 537 839 585 te
855 531 924 586 ratio
937 531 1003 586 iuris
1023 532 1173 606 impugnat.
1201 533 1255 591 ΡΡ.

339 610 381 665 lV.
398 610 433 666 td.
450 609 586 668 Decembr.
602 611 764 683 Nicomedia,
780 612 936 670 Constantio
952 622 980 670 et
994 613 1105 670 Maximo
1121 613 1209 674 coss.l

381 691 407 752 7.
430 693 510 750 ’liam
526 695 621 751 eodem
637 711 753 769 corpore
768 704 795 752 et
811 700 868 754 tit:

339 773 441 834 lidem²
452 779 507 834 ΑΑ.
524 785 551 835 et
566 777 615 834 CC.
630 777 740 836 Claudio
755 778 908 838 Menandro.
937 779 1156 856 Quotiescunque
1178 785 1254 842 ordi-

340 863 408 918 natis
425 861 575 918 actionibus
591 861 689 934 aliquid
704 864 817 937 petitur,
832 863 893 920 ideo
905 866 1007 938 petitor
1023 867 1134 940 cogitur
1148 871 1255 941 specia-

342 946 404 1002 liter
419 961 505 1019 genus
525 945 579 1002 litis
602 946 691 1017 edere,
715 963 752 1023 ne¹
764 947 825 1020 plus
841 947 941 1013 debito,
957 955 1005 1004 aut
1020 964 1064 1022 co,
1084 950 1158 1024 quod
1174 967 1253 1009 com·

339 1031 418 1104 petit,
433 1028 596 1102 postuletur.
619 1030 681 1087 Siue
695 1032 786 1104 itaque
802 1029 1046 1103 fideicommissum,
1062 1035 1121 1088 siue
1138 1033 1252 1110 fundus,

340 1115 399 1169 siue
414 1129 475 1187 pars
491 1112 577 1184 fundi,
593 1115 651 1169 siue
666 1113 773 1185 domus,
789 1116 847 1170 siue
861 1130 923 1188 pars
935 1115 1039 1178 domus,
1055 1118 1113 1172 siue
1129 1115 1252 1175 debitum

341 1205 387 1254 aut
402 1196 582 1270 quodcunque
597 1205 715 1270 petatur,
730 1197 882 1271 specialiter
893 1199 1028 1272 designari
1046 1199 1127 1256 debet
1141 1204 1253 1296 petitio·

340 1283 382 1337 nis
405 1296 508 1336 summa
530 1280 574 1336 uel
585 1283 744 1398 quantitas,
760 1299 820 1339 cum
842 1298 929 1355 genus
944 1283 999 1338 litis
1015 1282 1113 1339 editur.
1143 1283 1170 1339 Si
1186 1287 1250 1358 quis

339 1366 424 1438 igitur
445 1363 535 1437 plus’
538 1357 597 1435 eo,³
618 1365 691 1439 quod
713 1365 737 1420 ei
761 1367 890 1438 competit
912 1365 956 1422 uel
978 1365 1106 1437 debetur,
1130 1370 1251 1442 petierit,

340 1463 395 1503 rem
412 1456 440 1503 et
454 1463 568 1519 causam,
584 1449 618 1504 de
633 1465 685 1521 qua
700 1451 799 1522 agitur,
811 1449 909 1522 perdit.
938 1447 1002 1504 Plus
1016 1445 1115 1507 enim⁴
1135 1453 1252 1525 petitur,

340 1532 409 1587 sicut
433 1533 570 1604 responsis
589 1532 753 1606 prudentum
773 1535 937 1602 continetur,
953 1549 1067 1605 summa,
1089 1534 1159 1606 loco,
1183 1544 1253 1592 tem·

340 1629 423 1688 pore,
447 1629 541 1686 causa,
572 1615 714 1688 qualitate,
737 1611 949 1674 aestinratione⁵
977 1609 1079 1672 Unde'
1085 1619 1162 1673 istius
1186 1619 1253 1693 lege

339 1691 485 1772 rescripti⁶
500 1701 591 1772 excipe
616 1698 797 1755 aduersarium
813 1680 883 1773 apud
898 1699 1014 1758 iudicem
1029 1709 1251 1776 competentem;

341 1798 420 1880 quem
443 1784 466 1838 si
485 1781 566 1838 iudex
587 1782 649 1856 plus
675 1784 784 1856 petiisse
807 1786 983 1856 perspexerit,
998 1785 1133 1840 exstinctis
1149 1785 1253 1841 aduer-

340 1867 402 1922 sarii
426 1868 464 1922 tui
486 1865 677 1939 petitionibus,
705 1883 754 1939 pro
777 1866 897 1940 partibus
920 1869 973 1922 tuis
988 1867 1145 1923 sententiam
1160 1867 1249 1927 (licet.

339 1949 390 2010 ΡΡ.
407 1949 513 2005 Medici.
531 1949 582 2006 Xll.
598 1947 651 2006 lral.
666 1949 780 2022 Aprilis,
796 1949 884 2008 Tusco
899 1958 927 2006 et
942 1951 1068 2023 Aquilino
1083 1943 1166 2008 coss.⁷

435 2029 487 2078 ’llic
501 2031 604 2094 require,
619 2029 720 2094 qualiter
734 2031 834 2080 actionis
849 2031 921 2080 editio
935 2031 1029 2093 pulsato
1044 2029 1106 2083 flat.⁸

381 2103 423 2160 vt.
444 2102 466 2161 1.
490 2102 617 2160 ‘lucrante
632 2103 683 2160 deo
699 2103 763 2176 quid
786 2107 895 2160 tractari
909 2104 1005 2160 debeat
1026 2104 1157 2161 aduersus
1173 2123 1247 2179 eum,
1259 2127 1315 2174 [aas]

299 2191 346 2263 qui
361 2205 391 2244 se
405 2187 532 2244 heredem
546 2189 611 2244 dicit
626 2187 749 2256 alicuius,
770 2195 815 2242 aut
830 2187 862 2242 ad
877 2203 907 2243 se
927 2187 1101 2244 increditatem
1117 2205 1250 2263 personae

298 2270 441 2328 cuiuslibet
464 2271 587 2326 aestimat
615 2287 696 2344 posse
717 2265 928 2344 competerei'9
970 2267 998 2330 2.
1021 2269 1054 2327 Et
1081 2271 1145 2328 dum
1168 2289 1250 2347 agere

371 2429 429 2496 1)α,
445 2442 491 2482 294
563 2425 875 2494 ²)tdemeodcmcorpore
895 2437 919 2478 et
937 2430 1023 2479 iisdem
1041 2432 1134 2483 edd
1169 2428 1250 2498 ⁸)Eac

297 2500 395 2551 Scbult.
411 2503 444 2563 ς).
463 2501 492 2548 ab
512 2514 540 2547 eo
559 2500 616 2548 edd.
690 2497 817 2565 ⁴)Malim
836 2509 921 2550 autem.
995 2497 1076 2566 ⁵)Sic
1094 2503 1151 2551 edd
1172 2504 1249 2566 idque

297 2586 384 2621 oerum
398 2586 465 2619 nuuc
476 2575 555 2632 pato:
564 2555 673 2632 praeter
686 2576 818 2634 quattuor
821 2573 887 2620 enim
897 2573 947 2620 iam
957 2586 991 2620 etc
1000 2578 1084 2620 vetere
1093 2574 1157 2636 lepis
1167 2576 1248 2623 actia-

298 2657 357 2691 num
372 2643 429 2690 iure
444 2639 555 2688 traditos
565 2641 626 2702 plus
635 2641 742 2703 petendi
756 2642 843 2690 modos
852 2647 914 2704 post
926 2643 1002 2690 etiam
1012 2643 1049 2690 ita
1059 2644 1146 2691 oelat'
1136 2645 1248 2692 iniuria·

297 2728 354 2761 rum
373 2713 412 2760 oei
430 2713 456 2760 oi
474 2709 596 2760 banorum
613 2717 746 2774 raptorum
764 2713 865 2761 actione
879 2713 941 2774 plus
959 2713 1017 2776 quis
1030 2719 1120 2774 petere
1134 2721 1247 2776 poterat,

298 2783 366 2846 quod
385 2798 440 2832 cum
459 2781 542 2830 iudici
556 2782 732 2831 aestimatione
750 2783 843 2831 relicta
862 2783 1019 2831 taxationem
1037 2789 1134 2831 tantam
1147 2798 1247 2846 ponere

297 2852 415 2910 debebat,
435 2855 489 2915 ipse
508 2866 561 2900 rem
574 2853 711 2900 aestimans
726 2853 883 2901 aestimatam
901 2867 1020 2900 summam
1034 2852 1143 2915 petebat.
1173 2851 1248 2917 (siue)

297 2923 417 2985 qualitatis
432 2921 596 2970 aestimatione
610 2923 666 2970 edd.
683 2937 751 2970 meae
766 2933 785 2972 1.
800 2933 821 2971 2.
882 2917 903 2986 4)
918 2921 977 2970 Leoe
991 2924 1116 2985 rescripti
1129 2929 1165 2972 est
1180 2923 1250 2986 quod

293 2991 497 3055 praescribitur,
513 2993 658 3040 continetur
672 2993 807 3054 rescripto.
841 2991 969 3041 Videntur
982 2999 1065 3040 autem
1080 2993 1248 3056 imperatores

296 3063 332 3118 id,
347 3063 416 3124 qaod
429 3063 573 3118 antecessit,
588 3063 638 3110 iam
647 3063 725 3124 prius
738 3064 820 3111 alicui
832 3064 1007 3125 rescripsisse,
1022 3063 1092 3126 quod
1103 3078 1171 3112 nunc
1186 3065 1248 3112 alle·

296 3139 367 3198 pant.
395 3131 431 3180 Et
444 3138 514 3180 recte
527 3131 635 3180 Haenei.
651 3133 686 3180 ad
699 3131 786 3183 Herm.
804 3132 829 3181 0.
840 3148 868 3195 p.
884 3144 917 3184 to.
932 3133 999 3182 banc
1018 3139 1096 3182 totam
1110 3133 1249 3196 periodum

296 3205 426 3266 rescripto
441 3203 565 3266 assipnat‚
579 3217 653 3265 quam
664 3202 746 3267 Pupp.
757 3201 968 3266 subscriptionem
982 3209 1041 3252 ante
1050 3218 1105 3252 eam
1114 3217 1248 3261 reuocans,

296 3273 353 3323 ICti
371 3288 425 3322 esse
440 3274 557 3336 putarim
575 3273 662 3321 sedis
681 3274 792 3331 iudices,
811 3288 862 3323 non
881 3274 990 3323 iudicem
1009 3281 1249 3322 commemoraturus

296 3351 360 3394 erat.
423 3341 443 3407 ⁷)
457 3359 481 3392 a.
496 3353 543 3394 295.
600 3339 620 3407 4)
635 3342 709 3392 Haec
724 3345 855 3392 consultor
869 3346 908 3392 uel
921 3345 989 3392 alius
999 3357 1135 3406 possessor
1149 3349 1249 3393 tracia·

296 3420 337 3461 tus
351 3414 387 3461 ad
399 3415 539 3477 marpinem
553 3428 574 3462 c.
586 3424 605 3463 s.
621 3413 791 3476 adscripsisse
806 3415 949 3463 credendus
963 3420 1008 3463 est.
1031 3415 1126 3462 similes
1139 3413 1249 3463 adnota-

296 3484 379 3530 tiones
393 3489 511 3545 repertae
525 3489 584 3530 suut
598 3485 625 3530 in
641 3482 684 3534 Fr.
705 3482 762 3558 (at.
773 3485 841 3531 uelut
855 3486 877 3544 ξ.
888 3495 935 3534 112.
987 3479 1008 3548 ⁹)
1027 3482 1081 3531 Vid
1090 3489 1140 3532 not.
1151 3483 1188 3532 ati
1196 3496 1217 3542 a,
1229 3497 1250 3534 t.

298 3550 412 3600 Ceterum
427 3552 593 3609 attendebas
608 3554 700 3614 actori,
715 3567 795 3616 supra
810 3551 840 3618 (a,
855 3552 877 3618 ι)
888 3556 993 3617 pulsato
1008 3553 1114 3603 consuli.
