2672 4112
226 232 266 288 66
564 240 592 278 rr.
611 239 722 276 rvunrvs
741 238 842 277 oronnae.

288 365 329 422 M.
352 365 436 420 lstum
450 366 548 438 ipsum,
564 366 661 425 Attice.

287 449 322 506 A.
345 447 386 504 l'u
400 464 466 506 uero
481 465 543 505 eum
557 465 609 506 nec
623 449 701 504 nimis
717 447 795 505 ualde
811 463 936 521 umquam
951 465 1002 506 uec
1016 451 1096 506 nimis
1107 467 1189 525 saepe

225 531 392 601 laudaueris;
414 549 475 588 nam
496 533 549 588 hoc
567 533 633 588 mihi
654 534 733 588 etiam
754 533 842 588 nostri
857 532 907 603 illi,
922 534 969 605 qui
984 533 1118 592 neminem
1134 537 1187 592 nisi

225 633 305 674 suum
319 615 422 672 laudari
436 615 545 686 uolunt,
560 615 723 692 concedunt,
735 623 766 672 ut
778 632 838 672 eum
850 615 983 672 arbitratu
994 632 1055 674 meo
1067 617 1187 691 diligam.

284 699 326 756 M.
348 700 418 756 Bene
437 699 529 756 hercle
548 699 658 757 iaciunt.
697 700 762 773 quid
784 700 855 758 enim
876 707 918 756 est
939 699 1072 773 elegantia
1086 708 1133 758 tua
1147 703 1188 758 di·

225 784 325 858 gniusi
347 785 423 842 euius
445 791 473 840 et
494 784 551 840 uita
573 791 601 840 et
616 784 702 840 oratio
717 793 863 840 consecuta
879 783 944 840 mihi
959 783 1067 841 uidetur
1082 783 1187 840 dillicil·

224 868 314 924 limam
329 866 401 922 illam
417 868 572 924 societatem
589 868 726 940 gravitatis
742 883 803 924 eum
818 867 994 924 humanitate.

287 952 322 1009 A.
345 950 414 1006 Sane
436 951 551 1024 gaudeo,
575 949 648 1024 quod
671 958 698 1007 te
720 950 901 1024 interpellani,
925 951 1052 1023 quoniam
1077 951 1186 1025 quidem

225 1043 279 1091 tam
294 1033 459 1108 praeclarum
470 1034 535 1090 mihi
548 1033 646 1090 dedisti
657 1033 750 1092 iudicii
761 1035 801 1090 tui
813 1035 1012 1105 testimouium
1030 1035 1078 1092 sed
1090 1051 1187 1111 perge,

225 1127 257 1176 ut
272 1133 409 1192 coeperas.

288 1199 316 1260 2.
338 1200 379 1257 M.
403 1200 554 1258 Laudemus
569 1202 654 1275 igitur
668 1202 744 1276 prius
761 1195 981 1276 (magistratus)¹
996 1201 1085 1276 legem
1100 1203 1187 1277 ipsam

223 1287 298 1342 ueris
314 1292 342 1342 et
356 1287 475 1359 propriis
492 1285 601 1358 generis
617 1287 659 1341 sui
674 1285 808 1342 laudibus.

287 1368 322 1426 Α.
345 1367 412 1424 Sane
428 1368 546 1441 quidem,
562 1370 635 1426 sicut
649 1368 683 1426 de
698 1368 861 1440 religionum
876 1369 938 1443 lege
954 1369 1052 1426 iecisti.

287 1451 327 1508 M.
351 1451 452 1508 Videtis
474 1453 570 1524 igitur,
593 1454 769 1525 magistratus
792 1452 862 1510 lranc
877 1469 937 1510 esse
952 1453 1016 1523 uim,
1039 1461 1071 1510 ut
1085 1456 1188 1528 praesit

223 1533 443 1610 praescribatquc
465 1542 538 1592 recta
561 1543 589 1592 et
611 1536 688 1592 utilia
710 1543 737 1592 et
760 1537 903 1594 coniuncta
925 1553 987 1592 eum
1008 1535 1129 1611 iegibus:
1155 1545 1187 1595 ut

223 1621 294 1677 enim
317 1617 517 1690 magistratibus
539 1618 630 1692 leges,
660 1620 698 1674 ita
722 1619 825 1694 populo
848 1628 978 1694 praesunt
999 1622 1184 1695 magistratus,

223 1719 341 1776 uereque
356 1702 409 1758 dici
422 1710 522 1776 potest,
538 1705 728 1777 magistratum
739 1704 829 1777 legem
840 1719 901 1760 esse
910 1703 1080 1776 loquentem,
1092 1704 1184 1780 legem

222 1795 312 1846 autem
330 1795 436 1844 mutum
450 1787 646 1860 magistratum.
680 1783 709 1844 8.
732 1787 800 1844 nihil
815 1804 898 1862 porro
914 1795 968 1844 tam
984 1796 1076 1862 aptum
1091 1797 1132 1846 est
1147 1789 1183 1846 ad

221 1873 263 1928 ius
284 1870 524 1944 condicionemque
537 1879 665 1943 naturae,
681 1871 754 1945 quod
770 1887 831 1928 cum
845 1871 923 1942 dico,
939 1871 1029 1945 legem
1043 1889 1058 1929 a
1073 1887 1114 1928 me
1129 1871 1184 1930 dici

140 2015 144 2024 ‚
222 1955 344 2030 intellegi
360 1955 440 2028 uolo,
462 1971 543 2028 quam
557 1956 715 2029 imperium,
738 1956 797 2011 sinc
812 1970 867 2028 quo
886 1971 936 2012 nec
951 1955 1047 2012 domus
1062 1955 1118 2012 ulla
1132 1971 1185 2012 nec

222 2041 317 2096 ciuitas
337 2055 387 2096 uec
407 2055 474 2112 gens
495 2056 545 2096 uec
559 2039 698 2096 hominum
713 2040 869 2096 uniuersum
885 2055 974 2114 genus
988 2047 1061 2096 stare
1075 2056 1127 2096 nec
1141 2055 1185 2096 re·

221 2139 281 2179 rum
301 2131 397 2180 natura
417 2125 504 2180 omnis
524 2139 575 2180 nec
593 2124 652 2197 ipse
673 2122 791 2180 mundus
810 2130 919 2196 potest3
941 2139 1002 2180 nam
1022 2131 1051 2180 et
1073 2123 1117 2180 hic
1132 2123 1184 2180 deo

221 2215 298 2282 paret
309 2214 338 2262 et
352 2207 416 2262 huic
431 2205 578 2262 oboediunt
589 2207 670 2262 maria
680 2214 823 2280 terraeque
834 2215 861 2262 et
876 2207 1015 2264 hominum
1031 2209 1087 2264 uita
1101 2209 1185 2264 iussis

221 2305 361 2364 supremae
381 2288 450 2362 legis
465 2288 642 2362 obtemperat.
679 2289 709 2346 ll.
733 2287 763 2347 4.
780 2291 868 2364 Atque
884 2299 915 2348 ut
929 2290 962 2346 ad
977 2291 1044 2349 haec
1059 2292 1184 2348 citeriora

170 2381 172 2384 '
221 2375 328 2430 ueniam
343 2379 370 2428 ct
385 2372 493 2428 notiora
507 2372 598 2444 nobis,
614 2389 707 2430 omnes
722 2375 849 2448 antiquae
860 2382 957 2448 gentes
968 2373 1079 2448 regibus
1087 2391 1184 2448 guon-

221 2457 282 2514 dam
297 2463 459 2530 paruerunt:
476 2456 548 2528 quod
564 2472 652 2530 genus
668 2459 773 2532 imperii
785 2459 901 2532 primum
913 2459 945 2514 ad
957 2459 1079 2516 homines
1091 2459 1183 2515 iustis·

223 2541 307 2596 simos
330 2547 357 2595 et
379 2539 590 2613 sapientissimos
613 2540 795 2618 deferebatur,
817 2542 844 2598 id
866 2535 955 2615 quod²
976 2543 1004 2598 in
1026 2559 1056 2600 rc
1077 2541 1184 2616 publica

221 2631 314 2680 nostra
329 2624 442 2680 maxime
458 2623 551 2694 ualuit,
564 2625 652 2697 quoad
663 2627 688 2682 ei
700 2625 799 2700 regalis
808 2633 930 2699 potestas
942 2625 1070 2700 praefuit,
1085 2625 1184 2682 deinde

222 2709 301 2764 etiem
323 2707 450 2781 deinceps
465 2709 584 2782 posteris
597 2707 777 2783 prodebatur.
799 2709 873 2783 quod
887 2717 915 2766 et
930 2712 957 2768 in
972 2710 1006 2766 iis
1021 2711 1111 2780 ctiam,
1134 2710 1183 2782 qui

221 2808 293 2848 nuno
307 2784 481 2864 regnantur‚³
497 2800 600 2858 manen
616 2791 715 2866 quibus
730 2799 821 2850 autem
835 2794 911 2868 regia
925 2800 1048 2868 potestas
1057 2809 1113 2850 non
1125 2792 1183 2866 pla·

223 2877 288 2948 cuit,
304 2892 360 2933 non
375 2877 519 2947 licemini,
534 2876 581 2932 sed
592 2892 647 2948 non
659 2893 766 2951 semper
776 2878 824 2934 uni
834 2893 931 2950 parere
943 2877 1100 2938 uoluerunt.
1130 2891 1183 2932 nos

112 2961 122 2980 '
221 2969 322 3034 autem,
335 2961 461 3034 quoniam
472 2961 548 3035 leges
560 2960 653 3020 damus
664 2961 755 3018 liberis
765 2961 885 3034 populis,
902 2977 1026 3036 quaeque
1036 2961 1070 3018 de
1082 2961 1184 3035 optima

221 3044 372 3120 republica
387 3046 559 3117 sentiremus,
574 3046 607 3102 in
622 3061 669 3102 sex
681 3044 758 3100 libris
774 3052 836 3100 ante
854 3045 985 3117 diximus,
1000 3044 1184 3102 accommoda·

221 3129 311 3186 bimus
333 3129 386 3186 hoc
406 3137 529 3206 tempore
543 3129 619 3204 leges
634 3129 666 3185 ad
680 3129 769 3199 illum,
792 3144 872 3202 quem
891 3127 1049 3203 probamus,
1064 3130 1184 3185 ciuitatis

222 3220 331 3272 statum.
361 3209 389 3272 ὅ.
411 3213 612 3288 magistratibus
635 3213 720 3286 igitur
742 3227 811 3286 opus
833 3220 885 3285 est,
906 3214 964 3269 sine
985 3229 1102 3286 quorum
1117 3228 1184 3286 pru·

222 3298 313 3356 denda
335 3313 366 3354 ac
382 3297 522 3372 diligentia
543 3313 603 3354 esse
623 3298 718 3354 ciuitas
741 3312 797 3352 non
819 3303 921 3371 potest,
944 3311 1115 3372 quorumque
1137 3295 1185 3351 de·

295 3485 315 3554 ¹)
334 3488 442 3537 Addidi.
482 3482 503 3551 ⁹)
521 3485 566 3535 Eae
584 3485 664 3536 Beleii
681 3488 714 3550 qi.
733 3487 840 3551 idque**
854 3484 879 3534 Α
893 3485 947 3549 idq3
965 3491 991 3534 ut
1004 3483 1031 3533 B
1047 3485 1117 3548 idque
1133 3479 1185 3550 [ut]

222 3559 261 3608 ed.
278 3557 309 3606 V.
349 3555 622 3622 ³)regnantABedd.
