2684 4112
232 177 298 243 472
504 196 683 232 1vu1rrsvuu1
702 197 772 232 seur.
791 178 824 231 ΙΙ.
844 184 922 232 2—4.

435 393 496 435 riu.
513 394 546 437 11.
575 395 616 434 DE
632 393 765 436 PECVNIA
781 393 986 436 OONS'H'PVTA·

297 492 321 552 1.
345 494 372 551 Si
394 495 437 566 id,
459 497 531 568 quod
552 497 615 552 mihi
637 495 734 552 Lucius
757 497 842 552 Titius
866 496 961 568 debet,
985 497 1138 554 soluturum
1162 507 1189 556 te
1200 517 1272 569 [aas]

236 579 393 650 constituas,
413 581 512 635 teneris
527 583 632 636 actione
648 582 776 653 pecuniae
791 582 963 638 constitutae.

404 658 449 738 [L.
467 663 493 724 6.
509 664 559 722 30.
581 665 616 720 Ι).
633 666 667 720 de
683 672 772 720 const.
787 679 853 736 pec.
871 658 936 740 (13,
953 657 1013 742 5).]

472 877 533 918 mr.
550 877 596 917 111.
626 878 667 917 nn
684 853 943 920 contruucnueevs,¹

299 977 324 1036 1.
348 972 512 1054 ²Stipulatio
529 988 571 1035 est
587 978 732 1034 uerborum
747 981 900 1054 conceptio,
912 978 945 1034 ad
961 995 1039 1052 quam
1052 981 1112 1052 quis
1123 997 1188 1036 con·

236 1080 305 1136 grue
327 1065 512 1137 iuterrogatus
534 1062 696 1136 respondet:
725 1063 800 1118 uelut
823 1063 994 1120 ‘ercunusl
1018 1064 1188 1122 secundo?

237 1143 365 1204 ‘nemsi
392 1145 509 1204 nuno?
538 1146 742 1204 ‘enourumsi
764 1145 955 1204 Pnouruuo:'
982 1145 1085 1205 ‘urum
1107 1165 1188 1206 nunu

232 1231 329 1287 umet
349 1246 437 1287 urum
452 1247 535 1286 nunu
550 1230 652 1287 umut'
675 1239 702 1285 et
718 1238 772 1286 tam
787 1247 855 1304 pure
870 1247 950 1302 quam
964 1230 1014 1286 sub
1030 1231 1190 1288 condicione

237 1315 341 1386 concipi
355 1321 457 1386 potest.

237 1517 301 1558 um.
317 1517 359 1559 tv.
390 1517 432 1556 un
448 1514 640 1559 commonere
655 1519 696 1558 nu
710 1517 866 1618 nunopmo
883 1497 973 1576 (rrum
983 1501 1035 1574 on)
1050 1518 1190 1562 erenonu

613 1601 791 1643 uruvctavu.

299 1701 324 1762 1.
347 1697 499 1777 ⁴Quicquid
520 1704 547 1759 iu
568 1720 624 1760 rem
645 1704 838 1760 commodatam
859 1703 893 1760 o'b
915 1703 1037 1760 morbum
1054 1705 1099 1761 uel
1113 1706 1191 1763 aliam

238 1790 369 1845 rationem
385 1790 535 1862 impensum
551 1795 602 1857 est,
617 1805 632 1843 a
647 1787 755 1842 domiuo
771 1789 852 1861 recipi
868 1797 968 1862 potest.
1005 1787 1033 1849 2.
1052 1783 1094 1844 ⁵Si
1117 1789 1190 1847 lacto

239 1872 373 1943 incendio,
390 1873 476 1943 ruina,
492 1871 634 1945 naufragio
650 1880 695 1926 aut
712 1887 765 1944 quo
781 1872 832 1927 alio
844 1871 923 1928 simili
939 1887 1003 1929 casu
1014 1887 1057 1928 res
1071 1889 1189 1930 commo·

238 1957 298 2013 data
314 1958 409 2012 amissa
425 1957 473 2027 sit,
498 1971 553 2012 nou
571 1954 705 2012 tenebitur
726 1971 758 2010 eo
774 1957 881 2011 numine
896 1957 934 2021 is,
958 1957 1000 2012 cui
1022 1955 1190 2013 commodata

239 2049 293 2096 est:
316 2043 367 2096 nisi
390 2039 476 2110 sorte,
499 2055 559 2096 cum
575 2048 668 2113 posset
683 2055 738 2094 rem
754 2041 948 2095 commodatam
969 2040 1070 2096 saluam
1091 2039 1190 2110 lacere,

237 2141 313 2180 suam
328 2124 465 2198 praetulit.
502 2119 532 2180 8.
555 2116 676 2179 ⁰Sernus
692 2123 736 2178 uel
752 2137 838 2195 equus
853 2123 890 2178 ’iu
905 2123 981 2178 aliam
997 2140 1102 2180 causam
1117 2141 1190 2180 com·

238 2201 358 2264 modati⁷
375 2209 429 2264 sla
450 2206 600 2264 latronibus
624 2207 667 2262 uel
689 2208 717 2262 ln
740 2205 811 2262 bello
835 2207 914 2263 occisi
936 2214 1008 2278 sunt,
1032 2209 1103 2264 actio
1117 2223 1190 2264 com·

239 2293 338 2349 modati
362 2291 457 2364 datur3
488 2289 612 2347 custodia
639 2293 708 2346 euim
736 2299 764 2346 et
786 2290 923 2364 diligentia
944 2291 984 2346 rei
1006 2292 1190 2348 commodatae

236 2375 395 2449 praestanda
418 2383 470 2430 est.
513 2371 542 2430 4.
568 2367 615 2429 8Si
637 2389 692 2428 rem
716 2374 881 2430 aestimatam
904 2373 951 2430 tibi
973 2375 1083 2447 dedero,
1107 2383 1137 2431 ut
1159 2391 1189 2432 ea

239 2459 366 2514 distracta
382 2457 498 2530 pretium
515 2457 547 2512 ad
563 2472 605 2512 me
620 2455 751 2530 deferres,
763 2473 846 2530 eaque
858 2460 979 2532 perierit,
991 2459 1124 2531 siquidem
1136 2475 1189 2533 ego

312 2677 360 2726 lte.
375 2675 427 2725 III.
464 2673 483 2742 ι)
499 2677 608 2726 Paullus
622 2679 771 2740 scripserit,
785 2679 809 2726 ei
823 2679 896 2728 modo
911 2681 967 2728 eius
980 2686 1018 2727 est
1031 2679 1074 2728 lie
1087 2680 1192 2727 titulus:

238 2749 271 2796 lle
286 2747 363 2797 stricti
378 2747 437 2796 iuris
452 2748 621 2796 contractibus.
674 2745 694 2814 ¹)
711 2748 748 2811 Cf.
764 2749 837 2812 infra
851 2759 872 2808 5,
887 2759 907 2799 o.
923 2751 946 2810 ξ.
961 2759 981 2798 1.
996 2749 1028 2798 L.
1043 2759 1063 2800 5.
1078 2751 1100 2812 ξ.
1116 2761 1135 2798 1.
1155 2748 1189 2797 D.

236 2819 269 2868 de
285 2817 352 2868 verb.
369 2817 416 2867 obl.
433 2816 477 2882 (45,
492 2817 522 2883 1).
545 2817 601 2867 Gai.
616 2830 637 2881 u,
652 2830 686 2870 92.

312 2887 360 2937 rte.
375 2887 426 2936 IV.
460 2884 481 2954 ³)
498 2889 605 2938 Paullus
614 2890 724 2954 sinpulio
733 2889 774 2938 lie
784 2889 959 2938 contractibus
968 2904 1120 2940 communem
1129 2891 1190 2938 titu-

238 2963 288 3009 lum
299 2959 466 3022 praemisisse
480 2961 594 3018 videtur,
610 2961 654 3024 qui
668 2961 696 3008 in
709 2959 848 3009 Breviorio
863 2975 919 3009 cum
933 2961 971 3009 tit.
987 2959 1018 3009 de
1033 2960 1191 3009 commodato

238 3030 364 3095 conflatus
378 3036 430 3087 est5
446 3030 479 3093 cf.
498 3030 587 3080 Collat.
603 3041 636 3088 ιο,
651 3041 671 3079 2.
704 3031 748 3080 ern
762 3045 797 3079 nu
807 3037 868 3093 post
881 3045 1010 3080 nneoemo
1022 3031 1104 3092 facile
1118 3031 1191 3080 exci-

238 3101 300 3150 dere
310 3102 404 3164 potuit.
456 3097 477 3166 ⁴)
494 3101 533 3163 Of.
548 3101 579 3149 L.
596 3111 628 3167 18,
644 3101 667 3160 ξ.
683 3109 702 3148 u.
722 3100 754 3148 D.
770 3101 889 3150 conzmod.
907 3097 951 3166 (m,
962 3099 993 3164 e).
1024 3101 1113 3150 Collet.
1124 3112 1159 3158 10,
1169 3111 1190 3150 s.

238 3173 261 3232 ξ.
273 3181 293 3222 5.
340 3168 362 3237 ὖ)
378 3169 416 3234 Cf.
432 3171 463 3219 L.
475 3181 495 3222 5.
507 3173 530 3232 ξ.
540 3183 561 3220 4.
581 3170 612 3218 D.
625 3169 743 3220 commod.
759 3169 804 3235 (1³,
814 3169 845 3236 u).
860 3170 926 3219 Lem.
944 3169 1024 3236 Burp.
1036 3183 1069 3221 te.
1114 3167 1135 3236 6)
1152 3171 1190 3234 Cf.

240 3241 270 3291 L.
281 3253 301 3294 o.
313 3243 335 3304 5.
348 3253 367 3292 a.
387 3242 419 3290 D.
436 3241 555 3292 eomiuod.
572 3237 616 3304 (rs,
627 3238 657 3304 u).
678 3240 709 3288 L.
725 3253 744 3290 1.
760 3243 782 3302 ξ.
797 3253 818 3292 s.
838 3241 870 3289 D.
886 3241 917 3289 de
931 3241 979 3290 obt.
995 3249 1020 3290 et
1033 3248 1083 3290 aet.
1099 3239 1144 3306 (44,
1160 3239 1191 3306 a).

239 3310 260 3379 ⁷)
274 3312 306 3362 In
319 3313 380 3363 odd.
391 3318 416 3361 el
426 3312 483 3360 edd.
495 3313 615 3374 tepenter
626 3317 686 3372 poet
700 3311 724 3358 in
738 3311 808 3359 bello.
833 3309 962 3360 Suadente
972 3311 1132 3376 Boecleinpio
1142 3312 1194 3361 due

237 3387 365 3434 revocavi.
404 3381 546 3445 Vestipium
565 3379 683 3429 turbatae
698 3383 825 3431 orationis
839 3389 888 3440 est,
910 3382 979 3446 quod
993 3382 1113 3445 plerique
1129 3382 1192 3432 cdd.

238 3453 331 3503 liabent
344 3465 429 3502 seruus
444 3451 481 3500 uel
496 3451 556 3498 alius
571 3463 627 3499 ecus
642 3457 666 3498 et
676 3465 760 3514 prope
774 3467 859 3501 umnec
874 3452 911 3500 uel
927 3453 950 3500 iu
965 3452 1043 3502 eliam.
1115 3449 1136 3519 8)
1152 3451 1191 3515 Cf.

238 3523 269 3572 L.
285 3535 318 3573 tt.
334 3525 357 3584 §-
373 3534 393 3572 1.
412 3521 445 3569 D.
461 3521 492 3569 de
502 3535 622 3583 praescr.
638 3521 706 3570 verb.
721 3520 766 3588 (19,
781 3520 812 3587 5).
