<?xml version="1.0" encoding="UTF-8"?>
<!DOCTYPE html PUBLIC "-//W3C//DTD XHTML 1.0 Transitional//EN"
    "http://www.w3.org/TR/xhtml1/DTD/xhtml1-transitional.dtd">
<html xmlns="http://www.w3.org/1999/xhtml" xml:lang="en" lang="en">
 <head>
  <title>
</title>
<meta http-equiv="Content-Type" content="text/html;charset=utf-8" />
  <meta name='ocr-system' content='tesseract 3.04.00' />
  <meta name='ocr-capabilities' content='ocr_page ocr_carea ocr_par ocr_line ocrx_word'/>
</head>
<body>
  <div class='ocr_page' id='page_1' title='image "./ivrisprvdentiae00huscgoog_0388.png"; bbox 0 0 2696 4120; ppageno 0'>
   <div class='ocr_carea' id='block_1_1' title="bbox 228 189 905 260">
    <p class='ocr_par' dir='ltr' id='par_1_1' title="bbox 228 189 905 260">
     <span class='ocr_line' id='line_1_1' title="bbox 228 189 905 260; baseline 0.006 -16"><span class='ocrx_word' id='word_1_1' title='bbox 228 194 293 260; x_wconf 78' lang='grc'>364</span> <span class='ocrx_word' id='word_1_2' title='bbox 516 209 575 244; x_wconf 82' lang='lat' dir='ltr'>cm</span> <span class='ocrx_word' id='word_1_3' title='bbox 591 209 689 246; x_wconf 79' lang='lat' dir='ltr'>nesure.</span> <span class='ocrx_word' id='word_1_4' title='bbox 708 189 755 244; x_wconf 87' lang='lat' dir='ltr'>IV.</span> <span class='ocrx_word' id='word_1_5' title='bbox 775 194 905 249; x_wconf 69' lang='lat' dir='ltr'>52⁸-53t</span> 
     </span>
    </p>
   </div>
   <div class='ocr_carea' id='block_1_2' title="bbox 229 344 1281 1864">
    <p class='ocr_par' dir='ltr' id='par_1_2' title="bbox 229 344 1197 936">
     <span class='ocr_line' id='line_1_2' title="bbox 230 344 1197 423; baseline -0.002 -13"><span class='ocrx_word' id='word_1_6' title='bbox 230 355 342 410; x_wconf 87' lang='lat' dir='ltr'>missum</span> <span class='ocrx_word' id='word_1_7' title='bbox 358 360 411 412; x_wconf 88' lang='lat' dir='ltr'>est.</span> <span class='ocrx_word' id='word_1_8' title='bbox 433 359 461 407; x_wconf 81' lang='lat' dir='ltr'>at</span> <span class='ocrx_word' id='word_1_9' title='bbox 475 353 499 406; x_wconf 85' lang='lat' dir='ltr'>si</span> <span class='ocrx_word' id='word_1_10' title='bbox 514 344 606 407; x_wconf 81' lang='lat' dir='ltr'>etinm¹</span> <span class='ocrx_word' id='word_1_11' title='bbox 623 354 737 408; x_wconf 74' lang='lat' dir='ltr'>taxatio</span> <span class='ocrx_word' id='word_1_12' title='bbox 750 353 846 422; x_wconf 84' lang='lat' dir='ltr'>posita</span> <span class='ocrx_word' id='word_1_13' title='bbox 859 353 976 422; x_wconf 87' lang='lat' dir='ltr'>nonsit,</span> <span class='ocrx_word' id='word_1_14' title='bbox 993 357 999 411; x_wconf 92' lang='lat' dir='ltr'>t</span> <span class='ocrx_word' id='word_1_15' title='bbox 1014 353 1117 423; x_wconf 81' lang='lat' dir='ltr'>quanti</span> <span class='ocrx_word' id='word_1_16' title='bbox 1127 353 1197 408; x_wconf 86' lang='lat' dir='ltr'>ueiit</span> 
     </span>
     <span class='ocr_line' id='line_1_3' title="bbox 231 432 1196 509; baseline -0.005 -14"><span class='ocrx_word' id='word_1_17' title='bbox 231 439 425 496; x_wconf 83' lang='lat' dir='ltr'>condemnere</span> <span class='ocrx_word' id='word_1_18' title='bbox 437 443 541 508; x_wconf 82' lang='lat' dir='ltr'>potest.</span> <span class='ocrx_word' id='word_1_19' title='bbox 571 432 634 494; x_wconf 61' lang='grc' dir='ltr'>Μ’.</span> <span class='ocrx_word' id='word_1_20' title='bbox 663 435 742 492; x_wconf 83' lang='lat' dir='ltr'><strong><em>Unde</em></strong></span> <span class='ocrx_word' id='word_1_21' title='bbox 757 438 840 509; x_wconf 81' lang='lat' dir='ltr'>quia,</span> <span class='ocrx_word' id='word_1_22' title='bbox 861 436 940 508; x_wconf 84' lang='lat' dir='ltr'>qnod</span> <span class='ocrx_word' id='word_1_23' title='bbox 955 439 1039 506; x_wconf 82' lang='lat' dir='ltr'>petit,</span> <span class='ocrx_word' id='word_1_24' title='bbox 1056 442 1061 497; x_wconf 86' lang='grc' dir='ltr'>Ι</span> <span class='ocrx_word' id='word_1_25' title='bbox 1077 435 1124 509; x_wconf 90' lang='lat' dir='ltr'>qui</span> <span class='ocrx_word' id='word_1_26' title='bbox 1139 435 1196 492; x_wconf 87' lang='lat' dir='ltr'>ior·</span> 
     </span>
     <span class='ocr_line' id='line_1_4' title="bbox 231 514 1195 594; baseline -0.004 -16"><span class='ocrx_word' id='word_1_27' title='bbox 231 522 330 578; x_wconf 83' lang='lat' dir='ltr'>muium</span> <span class='ocrx_word' id='word_1_28' title='bbox 351 521 465 594; x_wconf 80' lang='lat' dir='ltr'>accipit,</span> <span class='ocrx_word' id='word_1_29' title='bbox 486 520 628 576; x_wconf 81' lang='lat' dir='ltr'>intendere</span> <span class='ocrx_word' id='word_1_30' title='bbox 649 519 745 588; x_wconf 79' lang='lat' dir='ltr'>debet,</span> <span class='ocrx_word' id='word_1_31' title='bbox 770 517 829 575; x_wconf 88' lang='lat' dir='ltr'>’nec</span> <span class='ocrx_word' id='word_1_32' title='bbox 844 521 972 591; x_wconf 70' lang='lat' dir='ltr'>amolitus</span> <span class='ocrx_word' id='word_1_33' title='bbox 990 521 1080 576; x_wconf 77' lang='lat' dir='ltr'>iudex</span> <span class='ocrx_word' id='word_1_34' title='bbox 1094 514 1195 592; x_wconf 84' lang='lat' dir='ltr'>quam²</span> 
     </span>
     <span class='ocr_line' id='line_1_5' title="bbox 232 605 1197 678; baseline -0.005 -13"><span class='ocrx_word' id='word_1_35' title='bbox 232 615 305 665; x_wconf 82' lang='lat' dir='ltr'>certa</span> <span class='ocrx_word' id='word_1_36' title='bbox 326 605 552 663; x_wconf 79' lang='lat' dir='ltr'>condemnatione</span> <span class='ocrx_word' id='word_1_37' title='bbox 573 606 790 678; x_wconf 79' lang='lat' dir='ltr'>constringitur,</span> <span class='ocrx_word' id='word_1_38' title='bbox 812 607 864 660; x_wconf 88' lang='lat' dir='ltr'>sed</span> <span class='ocrx_word' id='word_1_39' title='bbox 877 619 932 660; x_wconf 88' lang='lat' dir='ltr'>nec</span> <span class='ocrx_word' id='word_1_40' title='bbox 948 607 953 672; x_wconf 85' lang='grc' dir='ltr'>Ι</span> <span class='ocrx_word' id='word_1_41' title='bbox 968 607 1069 661; x_wconf 88' lang='lat' dir='ltr'>iterum</span> <span class='ocrx_word' id='word_1_42' title='bbox 1083 605 1197 660; x_wconf 83' lang='lat' dir='ltr'>scudem</span> 
     </span>
     <span class='ocr_line' id='line_1_6' title="bbox 229 691 1196 766; baseline -0.006 -16"><span class='ocrx_word' id='word_1_43' title='bbox 229 693 382 766; x_wconf 77' lang='lat' dir='ltr'>formulam</span> <span class='ocrx_word' id='word_1_44' title='bbox 409 691 520 764; x_wconf 80' lang='lat' dir='ltr'>accipit,</span> <span class='ocrx_word' id='word_1_45' title='bbox 548 693 597 762; x_wconf 81' lang='lat' dir='ltr'>qui</span> <span class='ocrx_word' id='word_1_46' title='bbox 619 693 689 762; x_wconf 67' lang='lat' dir='ltr'>enit,</span> <span class='ocrx_word' id='word_1_47' title='bbox 718 695 745 745; x_wconf 88' lang='lat' dir='ltr'>et</span> <span class='ocrx_word' id='word_1_48' title='bbox 766 693 797 745; x_wconf 87' lang='lat' dir='ltr'>in</span> <span class='ocrx_word' id='word_1_49' title='bbox 818 691 1065 755; x_wconf 80' lang='lat' dir='ltr'>coudemtnntione</span> <span class='ocrx_word' id='word_1_50' title='bbox 1090 696 1196 746; x_wconf 83' lang='lat' dir='ltr'>certam</span> 
     </span>
     <span class='ocr_line' id='line_1_7' title="bbox 229 775 1197 850; baseline -0.005 -16"><span class='ocrx_word' id='word_1_51' title='bbox 229 780 395 850; x_wconf 80' lang='lat' dir='ltr'>pecuniam,</span> <span class='ocrx_word' id='word_1_52' title='bbox 411 779 587 848; x_wconf 76' lang='lat' dir='ltr'>quampotit,</span> <span class='ocrx_word' id='word_1_53' title='bbox 599 789 712 847; x_wconf 85' lang='lat' dir='ltr'>ponere</span> <span class='ocrx_word' id='word_1_54' title='bbox 723 775 812 845; x_wconf 85' lang='lat' dir='ltr'>debet,</span> <span class='ocrx_word' id='word_1_55' title='bbox 830 789 867 830; x_wconf 88' lang='lat' dir='ltr'>ne</span> <span class='ocrx_word' id='word_1_56' title='bbox 883 780 1082 848; x_wconf 84' lang='lat' dir='ltr'>consequatur</span> <span class='ocrx_word' id='word_1_57' title='bbox 1095 777 1197 838; x_wconf 86' lang='lat' dir='ltr'>minius</span> 
     </span>
     <span class='ocr_line' id='line_1_8' title="bbox 232 855 887 936; baseline -0.006 -18"><span class='ocrx_word' id='word_1_58' title='bbox 232 878 312 936; x_wconf 70' lang='grc'><strong>99999</strong></span> <span class='ocrx_word' id='word_1_59' title='bbox 329 855 421 917; x_wconf 79' lang='lat' dir='ltr'>uelit.³</span> <span class='ocrx_word' id='word_1_60' title='bbox 881 873 887 883; x_wconf 92' lang='lat'>·</span> 
     </span>
    </p>

    <p class='ocr_par' dir='ltr' id='par_1_3' title="bbox 231 940 1281 1864">
     <span class='ocr_line' id='line_1_9' title="bbox 295 940 1196 1017; baseline -0.003 -14"><span class='ocrx_word' id='word_1_61' title='bbox 295 940 343 1003; x_wconf 72' lang='lat' dir='ltr'>oi.</span> <span class='ocrx_word' id='word_1_62' title='bbox 361 944 388 1000; x_wconf 92' lang='lat' dir='ltr'>Si</span> <span class='ocrx_word' id='word_1_63' title='bbox 405 945 466 1016; x_wconf 87' lang='lat' dir='ltr'>quis</span> <span class='ocrx_word' id='word_1_64' title='bbox 481 943 633 1000; x_wconf 89' lang='lat' dir='ltr'>intentione</span> <span class='ocrx_word' id='word_1_65' title='bbox 648 943 710 1016; x_wconf 87' lang='lat' dir='ltr'>pius</span> <span class='ocrx_word' id='word_1_66' title='bbox 726 942 874 1017; x_wconf 83' lang='lat' dir='ltr'>conplexus</span> <span class='ocrx_word' id='word_1_67' title='bbox 887 942 981 1014; x_wconf 87' lang='lat' dir='ltr'>inerit,</span> <span class='ocrx_word' id='word_1_68' title='bbox 997 957 1089 1000; x_wconf 78' lang='lat' dir='ltr'>eausa</span> <span class='ocrx_word' id='word_1_69' title='bbox 1101 945 1196 1010; x_wconf 81' lang='lat' dir='ltr'>coditi</span> 
     </span>
     <span class='ocr_line' id='line_1_10' title="bbox 231 1027 1197 1102; baseline -0.005 -14"><span class='ocrx_word' id='word_1_70' title='bbox 231 1032 257 1088; x_wconf 89' lang='lat' dir='ltr'>id</span> <span class='ocrx_word' id='word_1_71' title='bbox 274 1039 315 1088; x_wconf 85' lang='lat' dir='ltr'>ost</span> <span class='ocrx_word' id='word_1_72' title='bbox 331 1045 386 1086; x_wconf 88' lang='lat' dir='ltr'>reur</span> <span class='ocrx_word' id='word_1_73' title='bbox 403 1029 502 1102; x_wconf 81' lang='lat' dir='ltr'>perdit,</span> <span class='ocrx_word' id='word_1_74' title='bbox 523 1045 574 1084; x_wconf 87' lang='lat' dir='ltr'>nsc</span> <span class='ocrx_word' id='word_1_75' title='bbox 589 1045 604 1084; x_wconf 81' lang='lat' dir='ltr'>n</span> <span class='ocrx_word' id='word_1_76' title='bbox 619 1036 746 1102; x_wconf 77' lang='lat' dir='ltr'>praetore</span> <span class='ocrx_word' id='word_1_77' title='bbox 761 1029 788 1083; x_wconf 93' lang='lat' dir='ltr'>in</span> <span class='ocrx_word' id='word_1_78' title='bbox 804 1027 943 1101; x_wconf 78' lang='lat' dir='ltr'>integrum</span> <span class='ocrx_word' id='word_1_79' title='bbox 958 1029 1130 1100; x_wconf 78' lang='lat' dir='ltr'>restituitur,</span> <span class='ocrx_word' id='word_1_80' title='bbox 1151 1044 1197 1084; x_wconf 83' lang='lat' dir='ltr'>er·</span> 
     </span>
     <span class='ocr_line' id='line_1_11' title="bbox 232 1112 1199 1190; baseline -0.006 -16"><span class='ocrx_word' id='word_1_81' title='bbox 232 1116 320 1190; x_wconf 85' lang='lat' dir='ltr'>ceptis</span> <span class='ocrx_word' id='word_1_82' title='bbox 340 1113 500 1188; x_wconf 84' lang='lat' dir='ltr'>quibusdem</span> <span class='ocrx_word' id='word_1_83' title='bbox 520 1112 642 1182; x_wconf 83' lang='lat' dir='ltr'>casibus,</span> <span class='ocrx_word' id='word_1_84' title='bbox 664 1115 693 1169; x_wconf 90' lang='lat' dir='ltr'>in</span> <span class='ocrx_word' id='word_1_85' title='bbox 712 1114 812 1186; x_wconf 85' lang='lat' dir='ltr'>quibus</span> <span class='ocrx_word' id='word_1_86' title='bbox 831 1129 928 1170; x_wconf 89' lang='lat' dir='ltr'>omnes</span> <span class='ocrx_word' id='word_1_87' title='bbox 948 1119 1065 1170; x_wconf 84' lang='lat' dir='ltr'>actores</span> <span class='ocrx_word' id='word_1_88' title='bbox 1084 1121 1199 1186; x_wconf 81' lang='lat' dir='ltr'>praetor</span> 
     </span>
     <span class='ocr_line' id='line_1_12' title="bbox 232 1177 1281 1274; baseline -0.005 -16"><span class='ocrx_word' id='word_1_89' title='bbox 232 1217 287 1258; x_wconf 92' lang='lat' dir='ltr'>nou</span> <span class='ocrx_word' id='word_1_90' title='bbox 308 1191 426 1274; x_wconf 73' lang='lat' dir='ltr'>patitur⁴</span> <span class='ocrx_word' id='word_1_91' title='bbox 446 1198 488 1258; x_wconf 80' lang='lat' dir='ltr'>otb</span> <span class='ocrx_word' id='word_1_92' title='bbox 509 1211 636 1253; x_wconf 86' lang='lat' dir='ltr'>errorem</span> <span class='ocrx_word' id='word_1_93' title='bbox 652 1215 734 1254; x_wconf 90' lang='lat' dir='ltr'>suum</span> <span class='ocrx_word' id='word_1_94' title='bbox 756 1199 862 1254; x_wconf 85' lang='lat' dir='ltr'>domno</span> <span class='ocrx_word' id='word_1_95' title='bbox 877 1197 978 1270; x_wconf 75' lang='lat' dir='ltr'>affiei;</span> <span class='ocrx_word' id='word_1_96' title='bbox 998 1214 1066 1253; x_wconf 87' lang='lat' dir='ltr'>num</span> <span class='ocrx_word' id='word_1_97' title='bbox 1081 1201 1196 1254; x_wconf 86' lang='lat' dir='ltr'>minori-</span> <span class='ocrx_word' id='word_1_98' title='bbox 1264 1177 1281 1198; x_wconf 76' lang='lat'><em>⁰</em></span> 
     </span>
     <span class='ocr_line' id='line_1_13' title="bbox 233 1282 1196 1354; baseline -0.005 -12"><span class='ocrx_word' id='word_1_99' title='bbox 233 1287 533 1342; x_wconf 62' lang='lat' dir='ltr'>instruendorum</span> <span class='ocrx_word' id='word_1_100' title='bbox 553 1285 677 1354; x_wconf 78' lang='lat' dir='ltr'>semiper</span> <span class='ocrx_word' id='word_1_101' title='bbox 696 1285 776 1339; x_wconf 84' lang='lat' dir='ltr'>utin</span> <span class='ocrx_word' id='word_1_102' title='bbox 797 1283 863 1339; x_wconf 84' lang='lat' dir='ltr'>otiis</span> <span class='ocrx_word' id='word_1_103' title='bbox 883 1286 981 1338; x_wconf 87' lang='lat' dir='ltr'>censis</span> <span class='ocrx_word' id='word_1_104' title='bbox 1005 1288 1033 1338; x_wconf 88' lang='lat' dir='ltr'>et</span> <span class='ocrx_word' id='word_1_105' title='bbox 1057 1282 1104 1339; x_wconf 85' lang='lat' dir='ltr'>in&#39;c</span> <span class='ocrx_word' id='word_1_106' title='bbox 1128 1297 1196 1337; x_wconf 86' lang='lat' dir='ltr'>sue·</span> 
     </span>
     <span class='ocr_line' id='line_1_14' title="bbox 233 1359 1197 1440; baseline -0.005 -15"><span class='ocrx_word' id='word_1_107' title='bbox 233 1372 338 1426; x_wconf 85' lang='lat' dir='ltr'>currit.</span> <span class='ocrx_word' id='word_1_108' title='bbox 367 1361 444 1424; x_wconf 73' lang='lat'>58⁸.⁵</span> <span class='ocrx_word' id='word_1_109' title='bbox 459 1367 532 1423; x_wconf 86' lang='lat' dir='ltr'>Pius</span> <span class='ocrx_word' id='word_1_110' title='bbox 542 1373 637 1423; x_wconf 87' lang='lat' dir='ltr'>nutem</span> <span class='ocrx_word' id='word_1_111' title='bbox 652 1373 791 1440; x_wconf 83' lang='lat' dir='ltr'>quattuor</span> <span class='ocrx_word' id='word_1_112' title='bbox 803 1374 808 1428; x_wconf 90' lang='grc' dir='ltr'>Ι</span> <span class='ocrx_word' id='word_1_113' title='bbox 820 1366 909 1422; x_wconf 90' lang='lat' dir='ltr'>modis</span> <span class='ocrx_word' id='word_1_114' title='bbox 922 1368 1036 1440; x_wconf 87' lang='lat' dir='ltr'>petitur,</span> <span class='ocrx_word' id='word_1_115' title='bbox 1050 1359 1115 1438; x_wconf 75' lang='lat' dir='ltr'>&#39;re⁰‚</span> <span class='ocrx_word' id='word_1_116' title='bbox 1132 1376 1197 1422; x_wconf 83' lang='lat' dir='ltr'>tern-</span> 
     </span>
     <span class='ocr_line' id='line_1_15' title="bbox 234 1450 1198 1528; baseline -0.003 -19"><span class='ocrx_word' id='word_1_117' title='bbox 234 1469 312 1528; x_wconf 85' lang='lat' dir='ltr'>pore,</span> <span class='ocrx_word' id='word_1_118' title='bbox 333 1451 406 1522; x_wconf 87' lang='lat' dir='ltr'>loco,</span> <span class='ocrx_word' id='word_1_119' title='bbox 427 1467 516 1507; x_wconf 82' lang='lat' dir='ltr'>ceusu.</span> <span class='ocrx_word' id='word_1_120' title='bbox 545 1467 585 1518; x_wconf 87' lang='lat' dir='ltr'>re,</span> <span class='ocrx_word' id='word_1_121' title='bbox 609 1451 684 1508; x_wconf 89' lang='lat' dir='ltr'>ueiut</span> <span class='ocrx_word' id='word_1_122' title='bbox 699 1455 726 1508; x_wconf 88' lang='lat' dir='ltr'>si</span> <span class='ocrx_word' id='word_1_123' title='bbox 743 1455 809 1525; x_wconf 83' lang='lat' dir='ltr'>quis</span> <span class='ocrx_word' id='word_1_124' title='bbox 822 1469 882 1524; x_wconf 84' lang='lat' dir='ltr'>pro</span> <span class='ocrx_word' id='word_1_125' title='bbox 897 1465 921 1508; x_wconf 76' lang='lat' dir='ltr'>rr</span> <span class='ocrx_word' id='word_1_126' title='bbox 935 1459 940 1513; x_wconf 89' lang='grc' dir='ltr'>Ι</span> <span class='ocrx_word' id='word_1_127' title='bbox 956 1450 1072 1522; x_wconf 85' lang='lat' dir='ltr'>milibus,</span> <span class='ocrx_word' id='word_1_128' title='bbox 1089 1467 1158 1525; x_wconf 81' lang='lat' dir='ltr'>quoe</span> <span class='ocrx_word' id='word_1_129' title='bbox 1173 1451 1198 1506; x_wconf 92' lang='lat' dir='ltr'>ei</span> 
     </span>
     <span class='ocr_line' id='line_1_16' title="bbox 234 1535 1270 1610; baseline -0.004 -16"><span class='ocrx_word' id='word_1_130' title='bbox 234 1537 382 1601; x_wconf 84' lang='lat' dir='ltr'>debentur,</span> <span class='ocrx_word' id='word_1_131' title='bbox 404 1553 446 1592; x_wconf 86' lang='lat' dir='ltr'>xx</span> <span class='ocrx_word' id='word_1_132' title='bbox 468 1535 540 1592; x_wconf 82' lang='lat' dir='ltr'>milia</span> <span class='ocrx_word' id='word_1_133' title='bbox 562 1537 687 1609; x_wconf 82' lang='lat' dir='ltr'>petierit,</span> <span class='ocrx_word' id='word_1_134' title='bbox 711 1543 762 1594; x_wconf 85' lang='lat' dir='ltr'>aut</span> <span class='ocrx_word' id='word_1_135' title='bbox 785 1538 807 1592; x_wconf 89' lang='lat' dir='ltr'>si</span> <span class='ocrx_word' id='word_1_136' title='bbox 825 1540 866 1608; x_wconf 87' lang='lat' dir='ltr'>is,</span> <span class='ocrx_word' id='word_1_137' title='bbox 889 1541 974 1593; x_wconf 86' lang='lat' dir='ltr'>euius</span> <span class='ocrx_word' id='word_1_138' title='bbox 990 1549 995 1602; x_wconf 80' lang='lat' dir='ltr'>t</span> <span class='ocrx_word' id='word_1_139' title='bbox 1012 1552 1044 1591; x_wconf 82' lang='lat' dir='ltr'>ex</span> <span class='ocrx_word' id='word_1_140' title='bbox 1059 1544 1137 1610; x_wconf 81' lang='lat' dir='ltr'>parte</span> <span class='ocrx_word' id='word_1_141' title='bbox 1153 1552 1197 1590; x_wconf 91' lang='lat' dir='ltr'>res</span> <span class='ocrx_word' id='word_1_142' title='bbox 1212 1548 1270 1602; x_wconf 74' lang='lat' dir='ltr'>[esst</span> 
     </span>
     <span class='ocr_line' id='line_1_17' title="bbox 234 1620 1198 1694; baseline -0.002 -16"><span class='ocrx_word' id='word_1_143' title='bbox 234 1629 322 1693; x_wconf 87' lang='lat' dir='ltr'>esset,</span> <span class='ocrx_word' id='word_1_144' title='bbox 344 1629 429 1676; x_wconf 85' lang='lat' dir='ltr'>totam</span> <span class='ocrx_word' id='word_1_145' title='bbox 445 1636 503 1674; x_wconf 80' lang='lat' dir='ltr'>earn</span> <span class='ocrx_word' id='word_1_146' title='bbox 518 1629 564 1676; x_wconf 85' lang='lat' dir='ltr'>nut</span> <span class='ocrx_word' id='word_1_147' title='bbox 580 1621 680 1676; x_wconf 85' lang='lat' dir='ltr'>maiore</span> <span class='ocrx_word' id='word_1_148' title='bbox 695 1635 728 1676; x_wconf 81' lang='lat' dir='ltr'>ex</span> <span class='ocrx_word' id='word_1_149' title='bbox 748 1630 925 1694; x_wconf 80' lang='lat' dir='ltr'>parternum</span> <span class='ocrx_word' id='word_1_150' title='bbox 942 1623 947 1687; x_wconf 84' lang='grc' dir='ltr'>Ι</span> <span class='ocrx_word' id='word_1_151' title='bbox 964 1637 1023 1676; x_wconf 83' lang='lat' dir='ltr'>esse</span> <span class='ocrx_word' id='word_1_152' title='bbox 1040 1620 1198 1676; x_wconf 85' lang='lat' dir='ltr'>intenderit.</span> 
     </span>
     <span class='ocr_line' id='line_1_18' title="bbox 235 1706 1197 1779; baseline -0.003 -16"><span class='ocrx_word' id='word_1_153' title='bbox 235 1714 372 1779; x_wconf 83' lang='lat' dir='ltr'>tempore,</span> <span class='ocrx_word' id='word_1_154' title='bbox 385 1707 464 1762; x_wconf 85' lang='lat' dir='ltr'>uelut</span> <span class='ocrx_word' id='word_1_155' title='bbox 475 1708 501 1762; x_wconf 87' lang='lat' dir='ltr'>si</span> <span class='ocrx_word' id='word_1_156' title='bbox 509 1709 538 1761; x_wconf 87' lang='lat' dir='ltr'>in</span> <span class='ocrx_word' id='word_1_157' title='bbox 550 1706 624 1761; x_wconf 83' lang='lat' dir='ltr'>diem</span> <span class='ocrx_word' id='word_1_158' title='bbox 635 1707 791 1777; x_wconf 78' lang='lat' dir='ltr'>stipulatus</span> <span class='ocrx_word' id='word_1_159' title='bbox 802 1713 807 1767; x_wconf 86' lang='lat' dir='ltr'>t</span> <span class='ocrx_word' id='word_1_160' title='bbox 820 1714 883 1761; x_wconf 77' lang='lat' dir='ltr'>ente</span> <span class='ocrx_word' id='word_1_161' title='bbox 893 1707 965 1762; x_wconf 86' lang='lat' dir='ltr'>diem</span> <span class='ocrx_word' id='word_1_162' title='bbox 973 1707 1100 1776; x_wconf 79' lang='lat' dir='ltr'>petierit.</span> <span class='ocrx_word' id='word_1_163' title='bbox 1121 1707 1197 1775; x_wconf 82' lang='lat' dir='ltr'>loeo,</span> 
     </span>
     <span class='ocr_line' id='line_1_19' title="bbox 234 1783 1196 1864; baseline -0.004 -16"><span class='ocrx_word' id='word_1_164' title='bbox 234 1795 313 1849; x_wconf 82' lang='lat' dir='ltr'>uelut</span> <span class='ocrx_word' id='word_1_165' title='bbox 328 1795 354 1847; x_wconf 87' lang='lat' dir='ltr'>si</span> <span class='ocrx_word' id='word_1_166' title='bbox 366 1792 403 1860; x_wconf 89' lang='lat' dir='ltr'>id,</span> <span class='ocrx_word' id='word_1_167' title='bbox 419 1793 496 1862; x_wconf 80' lang='lat' dir='ltr'>quod</span> <span class='ocrx_word' id='word_1_168' title='bbox 509 1797 589 1846; x_wconf 84' lang='lat' dir='ltr'>certo</span> <span class='ocrx_word' id='word_1_169' title='bbox 603 1791 667 1846; x_wconf 89' lang='lat' dir='ltr'>loco</span> <span class='ocrx_word' id='word_1_170' title='bbox 683 1783 688 1852; x_wconf 91' lang='grc' dir='ltr'>Ι</span> <span class='ocrx_word' id='word_1_171' title='bbox 705 1789 763 1846; x_wconf 82' lang='lat' dir='ltr'>dari</span> <span class='ocrx_word' id='word_1_172' title='bbox 778 1791 941 1864; x_wconf 86' lang='lat' dir='ltr'>promissum</span> <span class='ocrx_word' id='word_1_173' title='bbox 955 1797 1006 1853; x_wconf 89' lang='lat' dir='ltr'>est,</span> <span class='ocrx_word' id='word_1_174' title='bbox 1022 1788 1050 1844; x_wconf 94' lang='lat' dir='ltr'>id</span> <span class='ocrx_word' id='word_1_175' title='bbox 1066 1790 1196 1845; x_wconf 77' lang='lat' dir='ltr'>aliniaco</span> 
     </span>
    </p>
   </div>
   <div class='ocr_carea' id='block_1_3' title="bbox 234 1903 1201 3180">
    <p class='ocr_par' dir='ltr' id='par_1_4' title="bbox 234 1903 1201 3180">
     <span class='ocr_line' id='line_1_20' title="bbox 309 1903 1197 1975; baseline -0.007 -17"><span class='ocrx_word' id='word_1_176' title='bbox 309 1905 329 1975; x_wconf 90' lang='lat'>¹)</span> <span class='ocrx_word' id='word_1_177' title='bbox 340 1908 385 1957; x_wconf 81' lang='lat' dir='ltr'>Eur</span> <span class='ocrx_word' id='word_1_178' title='bbox 397 1903 450 1967; x_wconf 63' lang='lat' dir='ltr'>V&#39;2,</span> <span class='ocrx_word' id='word_1_179' title='bbox 460 1907 527 1956; x_wconf 89' lang='lat' dir='ltr'>unde</span> <span class='ocrx_word' id='word_1_180' title='bbox 534 1921 600 1970; x_wconf 87' lang='lat' dir='ltr'>quae</span> <span class='ocrx_word' id='word_1_181' title='bbox 607 1913 751 1970; x_wconf 85' lang='lat' dir='ltr'>sequuntur</span> <span class='ocrx_word' id='word_1_182' title='bbox 758 1907 812 1956; x_wconf 88' lang='lat' dir='ltr'>ulio</span> <span class='ocrx_word' id='word_1_183' title='bbox 821 1923 898 1956; x_wconf 87' lang='lat' dir='ltr'>sensu</span> <span class='ocrx_word' id='word_1_184' title='bbox 906 1921 980 1970; x_wconf 86' lang='lat' dir='ltr'>quam</span> <span class='ocrx_word' id='word_1_185' title='bbox 988 1911 1065 1954; x_wconf 86' lang='lat' dir='ltr'>antea</span> <span class='ocrx_word' id='word_1_186' title='bbox 1072 1904 1197 1968; x_wconf 82' lang='lat' dir='ltr'>fecerum,</span> 
     </span>
     <span class='ocr_line' id='line_1_21' title="bbox 234 1973 1196 2040; baseline -0.007 -9"><span class='ocrx_word' id='word_1_187' title='bbox 234 1981 395 2031; x_wconf 84' lang='lat' dir='ltr'>restituenda</span> <span class='ocrx_word' id='word_1_188' title='bbox 405 1986 489 2028; x_wconf 87' lang='lat' dir='ltr'>erant.</span> <span class='ocrx_word' id='word_1_189' title='bbox 509 1977 580 2028; x_wconf 87' lang='lat' dir='ltr'>Idem</span> <span class='ocrx_word' id='word_1_190' title='bbox 592 1980 658 2027; x_wconf 83' lang='lat' dir='ltr'>vetet</span> <span class='ocrx_word' id='word_1_191' title='bbox 670 1978 702 2026; x_wconf 89' lang='lat' dir='ltr'>de</span> <span class='ocrx_word' id='word_1_192' title='bbox 714 1985 768 2028; x_wconf 85' lang='lat' dir='ltr'>totu</span> <span class='ocrx_word' id='word_1_193' title='bbox 779 1979 803 2040; x_wconf 84' lang='lat'>5.</span> <span class='ocrx_word' id='word_1_194' title='bbox 811 1981 860 2038; x_wconf 66' lang='lat'>520,</span> <span class='ocrx_word' id='word_1_195' title='bbox 870 1977 915 2034; x_wconf 82' lang='lat' dir='ltr'>uhi</span> <span class='ocrx_word' id='word_1_196' title='bbox 922 1979 999 2027; x_wconf 87' lang='lat' dir='ltr'>mutto</span> <span class='ocrx_word' id='word_1_197' title='bbox 1008 1978 1089 2040; x_wconf 83' lang='lat' dir='ltr'>plura</span> <span class='ocrx_word' id='word_1_198' title='bbox 1099 1973 1196 2025; x_wconf 84' lang='lat' dir='ltr'>uStdo</span> 
     </span>
     <span class='ocr_line' id='line_1_22' title="bbox 235 2046 1200 2113; baseline -0.008 -10"><span class='ocrx_word' id='word_1_199' title='bbox 235 2055 302 2103; x_wconf 85' lang='lat' dir='ltr'>iectu</span> <span class='ocrx_word' id='word_1_200' title='bbox 315 2057 382 2101; x_wconf 88' lang='lat' dir='ltr'>sunt.</span> <span class='ocrx_word' id='word_1_201' title='bbox 411 2050 443 2099; x_wconf 89' lang='lat' dir='ltr'>In</span> <span class='ocrx_word' id='word_1_202' title='bbox 458 2050 499 2099; x_wconf 82' lang='lat' dir='ltr'>iiis</span> <span class='ocrx_word' id='word_1_203' title='bbox 513 2051 615 2099; x_wconf 82' lang='lat' dir='ltr'>litteras</span> <span class='ocrx_word' id='word_1_204' title='bbox 629 2064 723 2109; x_wconf 83' lang='lat' dir='ltr'>omnes,</span> <span class='ocrx_word' id='word_1_205' title='bbox 738 2064 804 2113; x_wconf 85' lang='lat' dir='ltr'>quae</span> <span class='ocrx_word' id='word_1_206' title='bbox 818 2051 900 2098; x_wconf 83' lang='lat' dir='ltr'>lectae</span> <span class='ocrx_word' id='word_1_207' title='bbox 913 2055 981 2107; x_wconf 85' lang='lat' dir='ltr'>sunt,</span> <span class='ocrx_word' id='word_1_208' title='bbox 996 2048 1081 2112; x_wconf 83' lang='lat' dir='ltr'>ipsus,</span> <span class='ocrx_word' id='word_1_209' title='bbox 1095 2061 1141 2096; x_wconf 85' lang='lat' dir='ltr'>ene</span> <span class='ocrx_word' id='word_1_210' title='bbox 1155 2046 1200 2096; x_wconf 83' lang='lat' dir='ltr'>ubi</span> 
     </span>
     <span class='ocr_line' id='line_1_23' title="bbox 234 2119 1199 2188; baseline -0.007 -14"><span class='ocrx_word' id='word_1_211' title='bbox 234 2125 366 2188; x_wconf 80' lang='lat' dir='ltr'>deficiunt,</span> <span class='ocrx_word' id='word_1_212' title='bbox 379 2123 491 2185; x_wconf 81' lang='lat' dir='ltr'>spatium</span> <span class='ocrx_word' id='word_1_213' title='bbox 500 2127 625 2171; x_wconf 78' lang='lat' dir='ltr'>accurate</span> <span class='ocrx_word' id='word_1_214' title='bbox 636 2122 747 2179; x_wconf 84' lang='lat' dir='ltr'>servani,</span> <span class='ocrx_word' id='word_1_215' title='bbox 760 2127 899 2183; x_wconf 83' lang='lat' dir='ltr'>praeterea</span> <span class='ocrx_word' id='word_1_216' title='bbox 913 2120 945 2169; x_wconf 90' lang='lat' dir='ltr'>de</span> <span class='ocrx_word' id='word_1_217' title='bbox 954 2134 1032 2169; x_wconf 87' lang='lat' dir='ltr'>sensu</span> <span class='ocrx_word' id='word_1_218' title='bbox 1041 2119 1199 2168; x_wconf 88' lang='lat' dir='ltr'>tantumsol·</span> 
     </span>
     <span class='ocr_line' id='line_1_24' title="bbox 235 2184 1199 2255; baseline -0.008 -10"><span class='ocrx_word' id='word_1_219' title='bbox 235 2197 330 2246; x_wconf 85' lang='lat' dir='ltr'>licitus.</span> <span class='ocrx_word' id='word_1_220' title='bbox 352 2193 467 2244; x_wconf 86' lang='lat' dir='ltr'>Ceterum</span> <span class='ocrx_word' id='word_1_221' title='bbox 481 2193 657 2255; x_wconf 81' lang='lat' dir='ltr'>exceptionem</span> <span class='ocrx_word' id='word_1_222' title='bbox 666 2191 710 2240; x_wconf 73' lang='lat' dir='ltr'>ieie</span> <span class='ocrx_word' id='word_1_223' title='bbox 719 2192 848 2241; x_wconf 85' lang='lat' dir='ltr'>dictorum</span> <span class='ocrx_word' id='word_1_224' title='bbox 858 2191 910 2240; x_wconf 88' lang='lat' dir='ltr'>nid.</span> <span class='ocrx_word' id='word_1_225' title='bbox 921 2193 949 2240; x_wconf 93' lang='lat' dir='ltr'>in</span> <span class='ocrx_word' id='word_1_226' title='bbox 959 2193 984 2252; x_wconf 82' lang='lat'>5.</span> <span class='ocrx_word' id='word_1_227' title='bbox 993 2201 1027 2246; x_wconf 77' lang='lat' dir='ltr'>tt.</span> <span class='ocrx_word' id='word_1_228' title='bbox 1079 2184 1100 2254; x_wconf 83' lang='lat'>¹)</span> <span class='ocrx_word' id='word_1_229' title='bbox 1115 2189 1199 2248; x_wconf 83' lang='lat' dir='ltr'>idest,</span> 
     </span>
     <span class='ocr_line' id='line_1_25' title="bbox 236 2257 1200 2330; baseline -0.008 -14"><span class='ocrx_word' id='word_1_230' title='bbox 236 2273 358 2330; x_wconf 84' lang='lat' dir='ltr'>utsoepe,</span> <span class='ocrx_word' id='word_1_231' title='bbox 373 2271 398 2313; x_wconf 86' lang='lat' dir='ltr'>et</span> <span class='ocrx_word' id='word_1_232' title='bbox 409 2263 589 2312; x_wconf 85' lang='lat' dir='ltr'>tantummodo.</span> <span class='ocrx_word' id='word_1_233' title='bbox 641 2257 753 2328; x_wconf 76' lang='lat' dir='ltr'>⁶)Initio</span> <span class='ocrx_word' id='word_1_234' title='bbox 763 2274 809 2314; x_wconf 78' lang='lat' dir='ltr'>int</span> <span class='ocrx_word' id='word_1_235' title='bbox 825 2277 869 2325; x_wconf 89' lang='lat' dir='ltr'>usq</span> <span class='ocrx_word' id='word_1_236' title='bbox 883 2261 941 2310; x_wconf 90' lang='lat' dir='ltr'>ueiit</span> <span class='ocrx_word' id='word_1_237' title='bbox 956 2257 1008 2310; x_wconf 72' lang='lat' dir='ltr'>W.</span> <span class='ocrx_word' id='word_1_238' title='bbox 1032 2261 1103 2312; x_wconf 84' lang='lat' dir='ltr'>Unde</span> <span class='ocrx_word' id='word_1_239' title='bbox 1115 2266 1200 2324; x_wconf 87' lang='lat' dir='ltr'>potest</span> 
     </span>
     <span class='ocr_line' id='line_1_26' title="bbox 235 2326 1201 2402; baseline -0.007 -15"><span class='ocrx_word' id='word_1_240' title='bbox 235 2340 311 2387; x_wconf 87' lang='lat' dir='ltr'>etiem</span> <span class='ocrx_word' id='word_1_241' title='bbox 318 2337 417 2399; x_wconf 77' lang='lat' dir='ltr'>fuisse:</span> <span class='ocrx_word' id='word_1_242' title='bbox 427 2330 468 2383; x_wconf 84' lang='lat' dir='ltr'>‘ut</span> <span class='ocrx_word' id='word_1_243' title='bbox 477 2340 651 2398; x_wconf 81' lang='lat' dir='ltr'>consequntur</span> <span class='ocrx_word' id='word_1_244' title='bbox 659 2348 714 2384; x_wconf 89' lang='lat' dir='ltr'>eam</span> <span class='ocrx_word' id='word_1_245' title='bbox 725 2328 860 2402; x_wconf 63' lang='lat' dir='ltr'>quoiusque</span> <span class='ocrx_word' id='word_1_246' title='bbox 871 2329 949 2381; x_wconf 89' lang='lat' dir='ltr'>uelit’.</span> <span class='ocrx_word' id='word_1_247' title='bbox 970 2332 1039 2382; x_wconf 86' lang='lat' dir='ltr'>Ante</span> <span class='ocrx_word' id='word_1_248' title='bbox 1049 2331 1141 2396; x_wconf 79' lang='lat' dir='ltr'>accipie</span> <span class='ocrx_word' id='word_1_249' title='bbox 1156 2326 1201 2380; x_wconf 65' lang='lat' dir='ltr'>lm</span> 
     </span>
     <span class='ocr_line' id='line_1_27' title="bbox 234 2400 1198 2472; baseline -0.007 -16"><span class='ocrx_word' id='word_1_250' title='bbox 234 2423 284 2472; x_wconf 87' lang='lat' dir='ltr'>pro</span> <span class='ocrx_word' id='word_1_251' title='bbox 294 2406 390 2468; x_wconf 79' lang='lat' dir='ltr'>occipit.</span> <span class='ocrx_word' id='word_1_252' title='bbox 410 2403 477 2455; x_wconf 87' lang='lat' dir='ltr'>Edd.</span> <span class='ocrx_word' id='word_1_253' title='bbox 492 2406 569 2453; x_wconf 87' lang='lat' dir='ltr'>etiam</span> <span class='ocrx_word' id='word_1_254' title='bbox 579 2403 628 2454; x_wconf 88' lang='lat' dir='ltr'>Kr.</span> <span class='ocrx_word' id='word_1_255' title='bbox 639 2417 659 2454; x_wconf 82' lang='grc'>9.</span> <span class='ocrx_word' id='word_1_256' title='bbox 675 2411 773 2454; x_wconf 85' lang='lat' dir='ltr'>tantum</span> <span class='ocrx_word' id='word_1_257' title='bbox 783 2403 861 2452; x_wconf 82' lang='lat' dir='ltr'>uerba</span> <span class='ocrx_word' id='word_1_258' title='bbox 876 2405 942 2453; x_wconf 85' lang='lat' dir='ltr'>lecta</span> <span class='ocrx_word' id='word_1_259' title='bbox 957 2411 982 2452; x_wconf 88' lang='lat' dir='ltr'>et</span> <span class='ocrx_word' id='word_1_260' title='bbox 995 2405 1023 2453; x_wconf 87' lang='lat' dir='ltr'>in</span> <span class='ocrx_word' id='word_1_261' title='bbox 1034 2405 1087 2467; x_wconf 78' lang='lat' dir='ltr'>sine</span> <span class='ocrx_word' id='word_1_262' title='bbox 1104 2400 1108 2471; x_wconf 67' lang='grc' dir='ltr'>Ι</span> <span class='ocrx_word' id='word_1_263' title='bbox 1124 2415 1198 2466; x_wconf 88' lang='lat' dir='ltr'>usque</span> 
     </span>
     <span class='ocr_line' id='line_1_28' title="bbox 235 2470 1199 2539; baseline -0.006 -12"><span class='ocrx_word' id='word_1_264' title='bbox 235 2478 295 2528; x_wconf 81' lang='lat' dir='ltr'>uelit</span> <span class='ocrx_word' id='word_1_265' title='bbox 311 2475 412 2526; x_wconf 76' lang='lat' dir='ltr'>natent.</span> <span class='ocrx_word' id='word_1_266' title='bbox 467 2471 490 2539; x_wconf 80' lang='lat'>⁴)</span> <span class='ocrx_word' id='word_1_267' title='bbox 508 2473 578 2536; x_wconf 84' lang='lat' dir='ltr'>Quae</span> <span class='ocrx_word' id='word_1_268' title='bbox 593 2477 660 2525; x_wconf 85' lang='lat' dir='ltr'>lectu</span> <span class='ocrx_word' id='word_1_269' title='bbox 672 2483 740 2534; x_wconf 89' lang='lat' dir='ltr'>sunt,</span> <span class='ocrx_word' id='word_1_270' title='bbox 755 2490 789 2524; x_wconf 84' lang='lat' dir='ltr'>eoo</span> <span class='ocrx_word' id='word_1_271' title='bbox 807 2470 852 2523; x_wconf 72' lang='lat' dir='ltr'><em>W</em></span> <span class='ocrx_word' id='word_1_272' title='bbox 862 2475 994 2537; x_wconf 84' lang='lat' dir='ltr'>praestiti,</span> <span class='ocrx_word' id='word_1_273' title='bbox 1009 2476 1036 2524; x_wconf 89' lang='lat' dir='ltr'>in</span> <span class='ocrx_word' id='word_1_274' title='bbox 1052 2490 1101 2539; x_wconf 84' lang='lat' dir='ltr'>quo</span> <span class='ocrx_word' id='word_1_275' title='bbox 1116 2481 1199 2523; x_wconf 87' lang='lat' dir='ltr'>tamen</span> 
     </span>
     <span class='ocr_line' id='line_1_29' title="bbox 235 2544 1199 2610; baseline -0.007 -11"><span class='ocrx_word' id='word_1_276' title='bbox 235 2555 313 2599; x_wconf 86' lang='lat' dir='ltr'>antea</span> <span class='ocrx_word' id='word_1_277' title='bbox 320 2554 358 2597; x_wconf 86' lang='lat' dir='ltr'>est</span> <span class='ocrx_word' id='word_1_278' title='bbox 365 2547 469 2608; x_wconf 71' lang='lat' dir='ltr'>integrm</span> <span class='ocrx_word' id='word_1_279' title='bbox 479 2545 503 2594; x_wconf 85' lang='lat' dir='ltr'>lt.</span> <span class='ocrx_word' id='word_1_280' title='bbox 510 2547 657 2610; x_wconf 58' lang='lat' dir='ltr'>inemptum</span> <span class='ocrx_word' id='word_1_281' title='bbox 663 2547 749 2609; x_wconf 77' lang='lat' dir='ltr'>fnisse</span> <span class='ocrx_word' id='word_1_282' title='bbox 757 2547 839 2596; x_wconf 85' lang='lat' dir='ltr'>statui</span> <span class='ocrx_word' id='word_1_283' title='bbox 847 2545 888 2609; x_wconf 82' lang='lat' dir='ltr'>qb.</span> <span class='ocrx_word' id='word_1_284' title='bbox 896 2559 979 2595; x_wconf 81' lang='lat' dir='ltr'>omnes</span> <span class='ocrx_word' id='word_1_285' title='bbox 989 2547 1056 2596; x_wconf 80' lang='lat' dir='ltr'>nctoi</span> <span class='ocrx_word' id='word_1_286' title='bbox 1065 2560 1102 2609; x_wconf 87' lang='lat' dir='ltr'>pr.</span> <span class='ocrx_word' id='word_1_287' title='bbox 1111 2546 1128 2594; x_wconf 80' lang='grc' dir='ltr'>ῑι</span> <span class='ocrx_word' id='word_1_288' title='bbox 1136 2544 1199 2608; x_wconf 81' lang='lat' dir='ltr'>psti-</span> 
     </span>
     <span class='ocr_line' id='line_1_30' title="bbox 236 2616 1200 2683; baseline -0.005 -13"><span class='ocrx_word' id='word_1_289' title='bbox 236 2627 282 2670; x_wconf 88' lang='lat' dir='ltr'>tur.</span> <span class='ocrx_word' id='word_1_290' title='bbox 297 2617 441 2683; x_wconf 72' lang='lat' dir='ltr'>Exquibus</span> <span class='ocrx_word' id='word_1_291' title='bbox 449 2633 504 2666; x_wconf 89' lang='lat' dir='ltr'>eum</span> <span class='ocrx_word' id='word_1_292' title='bbox 512 2624 647 2682; x_wconf 81' lang='lat' dir='ltr'>appareat,</span> <span class='ocrx_word' id='word_1_293' title='bbox 659 2617 823 2682; x_wconf 68' lang='lat' dir='ltr'>inconditum</span> <span class='ocrx_word' id='word_1_294' title='bbox 831 2619 858 2665; x_wconf 92' lang='lat' dir='ltr'>in</span> <span class='ocrx_word' id='word_1_295' title='bbox 867 2616 931 2667; x_wconf 86' lang='lat' dir='ltr'>Just.</span> <span class='ocrx_word' id='word_1_296' title='bbox 940 2616 1024 2668; x_wconf 89' lang='lat' dir='ltr'>Instit.</span> <span class='ocrx_word' id='word_1_297' title='bbox 1031 2617 1098 2666; x_wconf 88' lang='lat' dir='ltr'>duos</span> <span class='ocrx_word' id='word_1_298' title='bbox 1106 2629 1200 2666; x_wconf 83' lang='lat' dir='ltr'>causas</span> 
     </span>
     <span class='ocr_line' id='line_1_31' title="bbox 236 2685 1200 2755; baseline -0.007 -14"><span class='ocrx_word' id='word_1_299' title='bbox 236 2693 264 2741; x_wconf 89' lang='lat' dir='ltr'>in</span> <span class='ocrx_word' id='word_1_300' title='bbox 278 2692 406 2755; x_wconf 71' lang='lat' dir='ltr'>inteyrum</span> <span class='ocrx_word' id='word_1_301' title='bbox 415 2687 588 2738; x_wconf 82' lang='lat' dir='ltr'>restitutionis</span> <span class='ocrx_word' id='word_1_302' title='bbox 597 2691 701 2738; x_wconf 82' lang='lat' dir='ltr'>inverso</span> <span class='ocrx_word' id='word_1_303' title='bbox 711 2689 804 2739; x_wconf 87' lang='lat' dir='ltr'>ordine</span> <span class='ocrx_word' id='word_1_304' title='bbox 814 2689 943 2746; x_wconf 87' lang='lat' dir='ltr'>retulisse,</span> <span class='ocrx_word' id='word_1_305' title='bbox 958 2690 985 2737; x_wconf 88' lang='lat' dir='ltr'>in</span> <span class='ocrx_word' id='word_1_306' title='bbox 998 2687 1058 2737; x_wconf 83' lang='lat' dir='ltr'>Gaii</span> <span class='ocrx_word' id='word_1_307' title='bbox 1066 2685 1131 2736; x_wconf 86' lang='lat' dir='ltr'>Inst.</span> <span class='ocrx_word' id='word_1_308' title='bbox 1138 2692 1200 2750; x_wconf 82' lang='lat' dir='ltr'>post</span> 
     </span>
     <span class='ocr_line' id='line_1_32' title="bbox 235 2761 1199 2824; baseline -0.008 -12"><span class='ocrx_word' id='word_1_309' title='bbox 235 2763 300 2812; x_wconf 79' lang='lat' dir='ltr'>daec</span> <span class='ocrx_word' id='word_1_310' title='bbox 314 2778 336 2812; x_wconf 88' lang='lat' dir='ltr'>o.</span> <span class='ocrx_word' id='word_1_311' title='bbox 346 2772 379 2810; x_wconf 89' lang='lat'>11.</span> <span class='ocrx_word' id='word_1_312' title='bbox 389 2766 414 2808; x_wconf 87' lang='lat' dir='ltr'>ei</span> <span class='ocrx_word' id='word_1_313' title='bbox 423 2775 446 2808; x_wconf 90' lang='grc'>9.</span> <span class='ocrx_word' id='word_1_314' title='bbox 457 2771 490 2809; x_wconf 81' lang='lat' dir='ltr'>le.</span> <span class='ocrx_word' id='word_1_315' title='bbox 504 2762 619 2823; x_wconf 83' lang='lat' dir='ltr'>priorem</span> <span class='ocrx_word' id='word_1_316' title='bbox 632 2761 721 2822; x_wconf 84' lang='lat' dir='ltr'>spatii,</span> <span class='ocrx_word' id='word_1_317' title='bbox 735 2762 882 2810; x_wconf 77' lang='lat' dir='ltr'>litterarum</span> <span class='ocrx_word' id='word_1_318' title='bbox 895 2761 1056 2824; x_wconf 86' lang='lat' dir='ltr'>reliquarum</span> <span class='ocrx_word' id='word_1_319' title='bbox 1070 2764 1095 2806; x_wconf 86' lang='lat' dir='ltr'>et</span> <span class='ocrx_word' id='word_1_320' title='bbox 1107 2769 1199 2805; x_wconf 84' lang='lat' dir='ltr'>sensus</span> 
     </span>
     <span class='ocr_line' id='line_1_33' title="bbox 236 2826 1198 2894; baseline -0.008 -12"><span class='ocrx_word' id='word_1_321' title='bbox 236 2835 338 2882; x_wconf 87' lang='lat' dir='ltr'>ratione</span> <span class='ocrx_word' id='word_1_322' title='bbox 356 2830 457 2889; x_wconf 77' lang='lat' dir='ltr'>nabitu,</span> <span class='ocrx_word' id='word_1_323' title='bbox 475 2833 515 2881; x_wconf 86' lang='lat' dir='ltr'>eie</span> <span class='ocrx_word' id='word_1_324' title='bbox 532 2831 605 2894; x_wconf 76' lang='lat' dir='ltr'>sere,</span> <span class='ocrx_word' id='word_1_325' title='bbox 625 2838 652 2879; x_wconf 87' lang='lat' dir='ltr'>ut</span> <span class='ocrx_word' id='word_1_326' title='bbox 665 2847 734 2881; x_wconf 88' lang='lat' dir='ltr'>nunc</span> <span class='ocrx_word' id='word_1_327' title='bbox 746 2831 814 2894; x_wconf 82' lang='lat' dir='ltr'>feei,</span> <span class='ocrx_word' id='word_1_328' title='bbox 832 2832 936 2880; x_wconf 89' lang='lat' dir='ltr'>restitui</span> <span class='ocrx_word' id='word_1_329' title='bbox 950 2844 1028 2894; x_wconf 78' lang='lat' dir='ltr'>posse</span> <span class='ocrx_word' id='word_1_330' title='bbox 1041 2826 1198 2877; x_wconf 75' lang='lat' dir='ltr'>existimaui.</span> 
     </span>
     <span class='ocr_line' id='line_1_34' title="bbox 238 2900 1201 2970; baseline -0.007 -17"><span class='ocrx_word' id='word_1_331' title='bbox 238 2901 260 2970; x_wconf 77' lang='lat'>⁶)</span> <span class='ocrx_word' id='word_1_332' title='bbox 270 2903 357 2953; x_wconf 86' lang='lat' dir='ltr'>Etiam</span> <span class='ocrx_word' id='word_1_333' title='bbox 367 2903 394 2951; x_wconf 90' lang='lat' dir='ltr'>in</span> <span class='ocrx_word' id='word_1_334' title='bbox 403 2901 461 2962; x_wconf 77' lang='lat' dir='ltr'>hae,</span> <span class='ocrx_word' id='word_1_335' title='bbox 471 2918 546 2967; x_wconf 84' lang='lat' dir='ltr'>quam</span> <span class='ocrx_word' id='word_1_336' title='bbox 553 2902 610 2966; x_wconf 77' lang='lat' dir='ltr'>feci</span> <span class='ocrx_word' id='word_1_337' title='bbox 618 2903 651 2963; x_wconf 78' lang='lat'>5,</span> <span class='ocrx_word' id='word_1_338' title='bbox 658 2904 739 2964; x_wconf 85' lang='lat' dir='ltr'>plura</span> <span class='ocrx_word' id='word_1_339' title='bbox 747 2903 894 2952; x_wconf 85' lang='lat' dir='ltr'>etcertiore</span> <span class='ocrx_word' id='word_1_340' title='bbox 905 2915 983 2966; x_wconf 85' lang='lat' dir='ltr'>usque</span> <span class='ocrx_word' id='word_1_341' title='bbox 993 2901 1029 2950; x_wconf 87' lang='lat' dir='ltr'>ad</span> <span class='ocrx_word' id='word_1_342' title='bbox 1035 2900 1111 2964; x_wconf 67' lang='lat' dir='ltr'>finem</span> <span class='ocrx_word' id='word_1_343' title='bbox 1117 2913 1145 2962; x_wconf 86' lang='lat' dir='ltr'>p.</span> <span class='ocrx_word' id='word_1_344' title='bbox 1152 2908 1201 2948; x_wconf 80' lang='lat' dir='ltr'>soc.</span> 
     </span>
     <span class='ocr_line' id='line_1_35' title="bbox 236 2969 1200 3038; baseline -0.008 -13"><span class='ocrx_word' id='word_1_345' title='bbox 236 2975 309 3026; x_wconf 86' lang='lat' dir='ltr'>dedit</span> <span class='ocrx_word' id='word_1_346' title='bbox 322 2969 374 3034; x_wconf 70' lang='lat' dir='ltr'>W,</span> <span class='ocrx_word' id='word_1_347' title='bbox 388 2988 437 3038; x_wconf 84' lang='lat' dir='ltr'>quo</span> <span class='ocrx_word' id='word_1_348' title='bbox 449 2974 605 3038; x_wconf 84' lang='lat' dir='ltr'>factumest,</span> <span class='ocrx_word' id='word_1_349' title='bbox 619 2980 647 3022; x_wconf 88' lang='lat' dir='ltr'>ut</span> <span class='ocrx_word' id='word_1_350' title='bbox 656 2975 839 3036; x_wconf 82' lang='lat' dir='ltr'>supplementa,</span> <span class='ocrx_word' id='word_1_351' title='bbox 854 2988 920 3037; x_wconf 80' lang='lat' dir='ltr'>qnae</span> <span class='ocrx_word' id='word_1_352' title='bbox 932 2979 1009 3022; x_wconf 83' lang='lat' dir='ltr'>antea</span> <span class='ocrx_word' id='word_1_353' title='bbox 1018 2985 1109 3022; x_wconf 89' lang='lat' dir='ltr'>sensns</span> <span class='ocrx_word' id='word_1_354' title='bbox 1118 2983 1200 3020; x_wconf 86' lang='lat' dir='ltr'>eausa</span> 
     </span>
     <span class='ocr_line' id='line_1_36' title="bbox 237 3039 1201 3108; baseline -0.009 -11"><span class='ocrx_word' id='word_1_355' title='bbox 237 3047 348 3098; x_wconf 74' lang='lat' dir='ltr'>menime</span> <span class='ocrx_word' id='word_1_356' title='bbox 369 3045 433 3096; x_wconf 88' lang='lat' dir='ltr'>Iust.</span> <span class='ocrx_word' id='word_1_357' title='bbox 453 3045 645 3096; x_wconf 85' lang='lat' dir='ltr'>Institutionum</span> <span class='ocrx_word' id='word_1_358' title='bbox 666 3058 713 3107; x_wconf 81' lang='lat' dir='ltr'>ope</span> <span class='ocrx_word' id='word_1_359' title='bbox 737 3044 951 3108; x_wconf 76' lang='lat' dir='ltr'>informaveram,</span> <span class='ocrx_word' id='word_1_360' title='bbox 970 3045 1053 3108; x_wconf 79' lang='lat' dir='ltr'>panio</span> <span class='ocrx_word' id='word_1_361' title='bbox 1076 3039 1201 3092; x_wconf 79' lang='lat' dir='ltr'>mutanda</span> 
     </span>
     <span class='ocr_line' id='line_1_37' title="bbox 236 3105 1200 3180; baseline -0.008 -12"><span class='ocrx_word' id='word_1_362' title='bbox 236 3125 327 3169; x_wconf 87' lang='lat' dir='ltr'>essent.</span> <span class='ocrx_word' id='word_1_363' title='bbox 348 3115 440 3178; x_wconf 82' lang='lat' dir='ltr'>Quoad</span> <span class='ocrx_word' id='word_1_364' title='bbox 452 3116 531 3167; x_wconf 82' lang='lat' dir='ltr'>uerba</span> <span class='ocrx_word' id='word_1_365' title='bbox 544 3116 655 3166; x_wconf 74' lang='lat' dir='ltr'>manime</span> <span class='ocrx_word' id='word_1_366' title='bbox 669 3115 766 3164; x_wconf 87' lang='lat' dir='ltr'>incerti</span> <span class='ocrx_word' id='word_1_367' title='bbox 778 3122 839 3166; x_wconf 86' lang='lat' dir='ltr'>sunt</span> <span class='ocrx_word' id='word_1_368' title='bbox 851 3132 873 3168; x_wconf 85' lang='lat' dir='ltr'>o.</span> <span class='ocrx_word' id='word_1_369' title='bbox 887 3126 913 3168; x_wconf 78' lang='grc'>99</span> <span class='ocrx_word' id='word_1_370' title='bbox 927 3122 953 3165; x_wconf 86' lang='lat' dir='ltr'>et</span> <span class='ocrx_word' id='word_1_371' title='bbox 966 3127 1000 3166; x_wconf 79' lang='grc'>94.</span> <span class='ocrx_word' id='word_1_372' title='bbox 1052 3110 1073 3180; x_wconf 78' lang='lat'>⁶)</span> <span class='ocrx_word' id='word_1_373' title='bbox 1088 3127 1129 3163; x_wconf 85' lang='lat' dir='ltr'>res</span> <span class='ocrx_word' id='word_1_374' title='bbox 1148 3105 1200 3161; x_wconf 69' lang='lat'>1⁷¹².</span> 
     </span>
    </p>
   </div>
   <div class='ocr_carea' id='block_1_4' title="bbox 235 3219 1201 3642">
    <p class='ocr_par' dir='ltr' id='par_1_5' title="bbox 235 3219 1201 3642">
     <span class='ocr_line' id='line_1_38' title="bbox 308 3219 1200 3293; baseline -0.011 -17"><span class='ocrx_word' id='word_1_375' title='bbox 308 3221 332 3293; x_wconf 84' lang='lat'>5.</span> <span class='ocrx_word' id='word_1_376' title='bbox 347 3227 389 3276; x_wconf 76' lang='grc'>93.</span> <span class='ocrx_word' id='word_1_377' title='bbox 411 3223 449 3288; x_wconf 82' lang='lat' dir='ltr'>Cf.</span> <span class='ocrx_word' id='word_1_378' title='bbox 464 3225 504 3285; x_wconf 92' lang='lat'>55.</span> <span class='ocrx_word' id='word_1_379' title='bbox 519 3233 552 3273; x_wconf 84' lang='lat' dir='ltr'>oe.</span> <span class='ocrx_word' id='word_1_380' title='bbox 565 3231 600 3272; x_wconf 87' lang='lat' dir='ltr'>es.</span> <span class='ocrx_word' id='word_1_381' title='bbox 616 3233 661 3272; x_wconf 78' lang='lat'>1³1.</span> <span class='ocrx_word' id='word_1_382' title='bbox 680 3223 704 3284; x_wconf 84' lang='lat'>5.</span> <span class='ocrx_word' id='word_1_383' title='bbox 719 3233 753 3272; x_wconf 84' lang='lat' dir='ltr'>os.</span> <span class='ocrx_word' id='word_1_384' title='bbox 777 3219 800 3272; x_wconf 88' lang='lat' dir='ltr'>I.</span> <span class='ocrx_word' id='word_1_385' title='bbox 814 3223 846 3272; x_wconf 87' lang='lat' dir='ltr'>de</span> <span class='ocrx_word' id='word_1_386' title='bbox 860 3229 911 3276; x_wconf 85' lang='lat' dir='ltr'>net.</span> <span class='ocrx_word' id='word_1_387' title='bbox 927 3220 963 3287; x_wconf 80' lang='lat' dir='ltr'>(e,</span> <span class='ocrx_word' id='word_1_388' title='bbox 977 3219 1009 3286; x_wconf 86' lang='lat' dir='ltr'>e).</span> <span class='ocrx_word' id='word_1_389' title='bbox 1034 3221 1111 3270; x_wconf 85' lang='lat' dir='ltr'>Paul.</span> <span class='ocrx_word' id='word_1_390' title='bbox 1126 3231 1151 3280; x_wconf 87' lang='lat'>1,</span> <span class='ocrx_word' id='word_1_391' title='bbox 1166 3228 1200 3268; x_wconf 86' lang='lat' dir='ltr'>ro.</span> 
     </span>
     <span class='ocr_line' id='line_1_39' title="bbox 236 3289 1201 3360; baseline -0.011 -12"><span class='ocrx_word' id='word_1_392' title='bbox 236 3298 259 3360; x_wconf 81' lang='lat'>5.</span> <span class='ocrx_word' id='word_1_393' title='bbox 275 3309 295 3348; x_wconf 85' lang='lat'>1.</span> <span class='ocrx_word' id='word_1_394' title='bbox 317 3297 428 3347; x_wconf 81' lang='lat' dir='ltr'>Censuit.</span> <span class='ocrx_word' id='word_1_395' title='bbox 442 3305 493 3354; x_wconf 80' lang='lat' dir='ltr'>5‚t.</span> <span class='ocrx_word' id='word_1_396' title='bbox 514 3293 545 3341; x_wconf 82' lang='lat' dir='ltr'>L.</span> <span class='ocrx_word' id='word_1_397' title='bbox 556 3305 567 3343; x_wconf 89' lang='lat'><strong>1</strong></span> <span class='ocrx_word' id='word_1_398' title='bbox 579 3293 625 3356; x_wconf 82' lang='lat' dir='ltr'>fin.</span> <span class='ocrx_word' id='word_1_399' title='bbox 644 3292 675 3342; x_wconf 88' lang='lat' dir='ltr'>D.</span> <span class='ocrx_word' id='word_1_400' title='bbox 690 3291 793 3357; x_wconf 84' lang='lat' dir='ltr'>qnando</span> <span class='ocrx_word' id='word_1_401' title='bbox 808 3293 864 3342; x_wconf 90' lang='lat' dir='ltr'>dies</span> <span class='ocrx_word' id='word_1_402' title='bbox 878 3292 977 3356; x_wconf 86' lang='lat' dir='ltr'>ususfr.</span> <span class='ocrx_word' id='word_1_403' title='bbox 988 3291 1019 3356; x_wconf 82' lang='lat' dir='ltr'>(t,</span> <span class='ocrx_word' id='word_1_404' title='bbox 1029 3291 1061 3356; x_wconf 86' lang='lat' dir='ltr'>s).</span> <span class='ocrx_word' id='word_1_405' title='bbox 1083 3289 1127 3339; x_wconf 71' lang='lat' dir='ltr'>st.</span> <span class='ocrx_word' id='word_1_406' title='bbox 1143 3289 1201 3338; x_wconf 85' lang='lat' dir='ltr'>Vni.</span> 
     </span>
     <span class='ocr_line' id='line_1_40' title="bbox 235 3363 1201 3426; baseline -0.012 -5"><span class='ocrx_word' id='word_1_407' title='bbox 235 3380 269 3420; x_wconf 83' lang='grc'>99.</span> <span class='ocrx_word' id='word_1_408' title='bbox 285 3379 319 3421; x_wconf 85' lang='lat' dir='ltr'>ss.</span> <span class='ocrx_word' id='word_1_409' title='bbox 340 3368 427 3416; x_wconf 86' lang='lat' dir='ltr'>Ptnnt.</span> <span class='ocrx_word' id='word_1_410' title='bbox 443 3363 520 3415; x_wconf 86' lang='lat' dir='ltr'>Most.</span> <span class='ocrx_word' id='word_1_411' title='bbox 535 3376 556 3426; x_wconf 85' lang='grc'>9,</span> <span class='ocrx_word' id='word_1_412' title='bbox 571 3378 590 3415; x_wconf 90' lang='lat'>1.</span> <span class='ocrx_word' id='word_1_413' title='bbox 606 3379 628 3412; x_wconf 87' lang='lat' dir='ltr'>v.</span> <span class='ocrx_word' id='word_1_414' title='bbox 645 3375 692 3414; x_wconf 71' lang='grc' dir='ltr'>ιιι.</span> <span class='ocrx_word' id='word_1_415' title='bbox 713 3364 764 3416; x_wconf 76' lang='lat' dir='ltr'>dte.</span> <span class='ocrx_word' id='word_1_416' title='bbox 776 3364 808 3414; x_wconf 86' lang='lat' dir='ltr'>de</span> <span class='ocrx_word' id='word_1_417' title='bbox 819 3365 869 3416; x_wconf 82' lang='lat' dir='ltr'>ine.</span> <span class='ocrx_word' id='word_1_418' title='bbox 880 3375 901 3426; x_wconf 85' lang='grc'>9,</span> <span class='ocrx_word' id='word_1_419' title='bbox 912 3376 946 3415; x_wconf 84' lang='lat'>19.</span> <span class='ocrx_word' id='word_1_420' title='bbox 965 3365 989 3426; x_wconf 90' lang='lat'>5.</span> <span class='ocrx_word' id='word_1_421' title='bbox 1000 3375 1034 3416; x_wconf 81' lang='lat' dir='ltr'>or.</span> <span class='ocrx_word' id='word_1_422' title='bbox 1055 3363 1087 3412; x_wconf 87' lang='lat' dir='ltr'>de</span> <span class='ocrx_word' id='word_1_423' title='bbox 1101 3367 1168 3412; x_wconf 87' lang='lat' dir='ltr'>orat.</span> <span class='ocrx_word' id='word_1_424' title='bbox 1180 3371 1201 3422; x_wconf 92' lang='lat'>1,</span> 
     </span>
     <span class='ocr_line' id='line_1_41' title="bbox 237 3431 1200 3502; baseline -0.013 -11"><span class='ocrx_word' id='word_1_425' title='bbox 237 3451 271 3491; x_wconf 82' lang='grc'>99.</span> <span class='ocrx_word' id='word_1_426' title='bbox 285 3441 324 3502; x_wconf 83' lang='lat'>55.</span> <span class='ocrx_word' id='word_1_427' title='bbox 336 3449 374 3490; x_wconf 83' lang='grc'>199</span> <span class='ocrx_word' id='word_1_428' title='bbox 384 3451 436 3500; x_wconf 82' lang='lat' dir='ltr'>seq.</span> <span class='ocrx_word' id='word_1_429' title='bbox 451 3442 517 3486; x_wconf 88' lang='lat' dir='ltr'>oret.</span> <span class='ocrx_word' id='word_1_430' title='bbox 528 3441 597 3498; x_wconf 83' lang='lat' dir='ltr'>part.</span> <span class='ocrx_word' id='word_1_431' title='bbox 607 3446 642 3486; x_wconf 83' lang='grc'>99.</span> <span class='ocrx_word' id='word_1_432' title='bbox 652 3435 675 3496; x_wconf 82' lang='lat'>5.</span> <span class='ocrx_word' id='word_1_433' title='bbox 686 3445 720 3486; x_wconf 92' lang='grc'>99.</span> <span class='ocrx_word' id='word_1_434' title='bbox 735 3451 787 3498; x_wconf 85' lang='lat' dir='ltr'>pro</span> <span class='ocrx_word' id='word_1_435' title='bbox 801 3434 877 3485; x_wconf 85' lang='lat' dir='ltr'>Ruso.</span> <span class='ocrx_word' id='word_1_436' title='bbox 894 3434 961 3486; x_wconf 85' lang='lat' dir='ltr'>Com.</span> <span class='ocrx_word' id='word_1_437' title='bbox 971 3447 992 3486; x_wconf 83' lang='lat' dir='ltr'>t.</span> <span class='ocrx_word' id='word_1_438' title='bbox 1008 3436 1076 3497; x_wconf 78' lang='lat'><strong>511.</strong></span> <span class='ocrx_word' id='word_1_439' title='bbox 1096 3431 1200 3482; x_wconf 83' lang='lat' dir='ltr'>Sueten.</span> 
     </span>
     <span class='ocr_line' id='line_1_42' title="bbox 240 3503 1201 3570; baseline -0.009 -11"><span class='ocrx_word' id='word_1_440' title='bbox 240 3509 328 3560; x_wconf 79' lang='lat' dir='ltr'>Otand.</span> <span class='ocrx_word' id='word_1_441' title='bbox 342 3521 376 3559; x_wconf 81' lang='lat' dir='ltr'>lt.</span> <span class='ocrx_word' id='word_1_442' title='bbox 400 3506 505 3567; x_wconf 83' lang='lat' dir='ltr'>Quintil.</span> <span class='ocrx_word' id='word_1_443' title='bbox 520 3505 542 3555; x_wconf 89' lang='lat' dir='ltr'>I.</span> <span class='ocrx_word' id='word_1_444' title='bbox 561 3504 589 3556; x_wconf 90' lang='lat'>0.</span> <span class='ocrx_word' id='word_1_445' title='bbox 604 3517 625 3570; x_wconf 86' lang='grc'>9,</span> <span class='ocrx_word' id='word_1_446' title='bbox 639 3518 660 3558; x_wconf 82' lang='grc'>9.</span> <span class='ocrx_word' id='word_1_447' title='bbox 680 3507 704 3568; x_wconf 90' lang='lat'>5.</span> <span class='ocrx_word' id='word_1_448' title='bbox 718 3517 753 3558; x_wconf 85' lang='lat' dir='ltr'>se.</span> <span class='ocrx_word' id='word_1_449' title='bbox 773 3504 864 3556; x_wconf 87' lang='lat' dir='ltr'>Senee.</span> <span class='ocrx_word' id='word_1_450' title='bbox 879 3518 920 3566; x_wconf 80' lang='lat' dir='ltr'>ep.</span> <span class='ocrx_word' id='word_1_451' title='bbox 935 3518 970 3564; x_wconf 74' lang='lat' dir='ltr'>re.</span> <span class='ocrx_word' id='word_1_452' title='bbox 985 3508 1008 3568; x_wconf 90' lang='lat'>5.</span> <span class='ocrx_word' id='word_1_453' title='bbox 1024 3517 1058 3556; x_wconf 80' lang='grc' dir='ltr'>ιο.</span> <span class='ocrx_word' id='word_1_454' title='bbox 1080 3503 1147 3554; x_wconf 83' lang='lat' dir='ltr'>Fest.</span> <span class='ocrx_word' id='word_1_455' title='bbox 1161 3515 1201 3566; x_wconf 81' lang='lat' dir='ltr'>ep.</span> 
     </span>
     <span class='ocr_line' id='line_1_43' title="bbox 237 3580 445 3642; baseline -0.019 -12"><span class='ocrx_word' id='word_1_456' title='bbox 237 3597 259 3630; x_wconf 87' lang='grc' dir='ltr'>υ.</span> <span class='ocrx_word' id='word_1_457' title='bbox 275 3580 344 3629; x_wconf 85' lang='lat' dir='ltr'>Litis</span> <span class='ocrx_word' id='word_1_458' title='bbox 355 3595 382 3642; x_wconf 83' lang='lat' dir='ltr'>p.</span> <span class='ocrx_word' id='word_1_459' title='bbox 398 3589 445 3629; x_wconf 84' lang='lat'><strong>116.</strong></span> 
     </span>
    </p>
   </div>
   <div class='ocr_carea' id='block_1_5' title="bbox 0 0 1362 4120">
    <p class='ocr_par' dir='ltr' id='par_1_6' title="bbox 0 0 1362 4120">
     <span class='ocr_line' id='line_1_44' title="bbox 0 0 1362 4120; baseline 0 0"><span class='ocrx_word' id='word_1_460' title='bbox 0 0 1362 4120; x_wconf 95' lang='lat' dir='ltr'> </span> 
     </span>
    </p>
   </div>
  </div>
 </body>
</html>
