2680 4112
465 293 492 329 ιι.
509 291 639 329 vacamus
657 293 763 330 rsosvs.
1033 285 1094 343 133

129 410 185 464 vol.
206 405 270 468 1111
288 427 316 478 p.
335 415 385 464 aot
408 425 466 477 seq.
486 409 635 463 ‘Notarum
657 409 787 464 laterculi
810 410 911 464 edente
934 409 987 464 Th.
1007 411 1095 465 Mom-

130 477 269 598 :atu
282 475 1005 612 atlataaduasaaaiaatae
1019 479 1095 600 stt·

131 628 195 665 cum
214 561 398 680 opepeditus,
421 625 480 663 non
501 611 545 664 est
562 611 638 688 quod
655 583 758 676 dictim,
781 627 856 664 nova
877 585 948 666 ha’ec
971 591 1096 667 subsidia

131 679 219 732 etiam
238 693 256 730 a
272 693 319 730 me
336 677 366 730 in
383 678 493 730 iteratis
515 693 588 732 curis
610 677 702 731 Probo
725 678 763 731 im
785 679 858 732 ensis
880 678 1007 733 adhibita
1024 697 1094 735 esse.

130 747 142 798 l
195 761 239 822 ue·
250 759 364 822 prorsus
381 745 562 798 retractatam
584 744 688 812 accipis
703 695 790 798 Proi’i
807 744 971 808 editionem,
989 747 1020 800 in
1039 764 1096 816 qua

129 813 178 866 lau
200 813 241 865 ata
254 811 363 864 cod1ces
375 811 412 888 ad
426 827 518 930 nuper
530 827 666 876 excussos,
685 817 725 866 ed.
743 813 787 879 (a
804 813 894 880 edttio)
911 813 946 866 ad
958 813 1096 868 Momssni

130 895 237 934 novam
254 878 398 932 referendi
409 895 460 930 sun
475 919 481 932 .
516 879 648 932 Ceterum
659 880 689 931 in
701 879 752 944 hie,
771 893 843 946 quae
862 883 946 933 antea
963 881 1096 935 exhibue-

130 963 238 1012 ramus,
256 961 313 999 non
332 945 485 998 admodum
496 945 588 998 multa
599 945 735 999 mutanda
746 945 868 999 fuerunt.
893 947 1017 1001 Accessit
1028 963 1095 1002 vero

130 1014 174 1067 his
189 1013 376 1082 augmentum
388 1027 441 1064 nec
453 1012 561 1065 ambitu
574 1013 705 1082 exiguum
718 1013 748 1066 et
759 1029 791 1066 ar
830 1015 926 1066 mento
937 1014 1040 1078 nobile,
1053 1016 1095 1068 in·

131 1081 269 1150 signitum
280 1080 310 1132 in
327 1079 381 1132 hac
398 1095 473 1132 nova
490 1079 614 1133 editione
631 1096 708 1133 num.
727 1087 764 1145 6.,
802 1095 818 1133 e
837 1095 892 1148 quc
909 1095 983 1132 nunc
1001 1080 1097 1149 eliqua

82 1147 292 1217 [otlpraefanda
308 1147 381 1204 sunt.
417 1145 506 1200 Citius
524 1147 613 1208 enim,
637 1163 721 1213 quam
739 1152 968 1214 exspectaveram
985 1147 1045 1212 vel,
1063 1150 1097 1202 ut

130 1216 228 1268 verius
246 1213 347 1272 dicam.
359 1213 474 1281 praeter
485 1227 565 1282 spem
577 1212 772 1266 confirmatum
784 1215 828 1267 est
844 1213 873 1266 id
886 1214 962 1282 quod
973 1213 1003 1266 in
1015 1231 1095 1282 supe·

129 1283 206 1335 riore
253 1279 408 1334 raefatioue
435 1279 471 1333 de
493 1279 591 1333 avulsa
615 1281 643 1334 et
666 1281 779 1348 perdita
805 1282 931 1334 extrema
952 1280 1097 1335 Valeriani

130 1298 263 1416 opuseifli
277 1348 358 1414 parte
375 1345 558 1412 conieceram,
595 1362 633 1400 ua
649 1349 733 1400 notae
752 1363 787 1402 ex
804 1347 883 1400 ‘iuris
899 1347 989 1401 civilis
1005 1348 1095 1401 libris’

129 1364 598 1484 petitsccomprehensaofucrin‘i.
631 1412 1095 1469 Scilicetinmembranisaldom·
1164 1432 1167 1439 ·

133 1496 207 1534 seno
219 1480 347 1533 adhibitis
364 1483 408 1534 est
426 1480 515 1534 codex
533 1479 722 1547 Einsidlensis,
741 1481 847 1535 saeculi
863 1480 897 1547 X,
916 1482 1095 1550 alphabetico

133 1547 237 1601 ordine
254 1547 375 1616 digestus
393 1549 423 1600 et
445 1548 540 1600 cetera
562 1547 676 1614 quidem
695 1564 712 1602 a
728 1547 867 1617 Papiana,
892 1565 964 1616 quae
982 1549 1094 1616 dicitur,

129 1617 266 1668 notarum
283 1613 391 1684 sylloge
407 1629 464 1668 non
481 1614 621 1680 diversus,
640 1613 690 1668 sed
708 1613 876 1683 quibusdam
894 1617 1095 1672 additamentis

129 1681 265 1751 insignis,
287 1697 358 1749 quae
381 1681 517 1749 pleraque
541 1697 575 1734 ex
598 1681 688 1734 Probo
714 1683 836 1751 genuino
860 1683 953 1751 petita
974 1699 1047 1749 esse,
1066 1686 1096 1738 et

128 1749 140 1802 i
162 1749 305 1802 seherum
316 1749 447 1800 notarum
458 1747 571 1801 habitus
588 1749 618 1802 et
628 1748 658 1800 in
670 1748 725 1802 fine
743 1749 901 1803 subiectum
934 1751 1096 1804 testationis

153 1816 291 1870 robianae
304 1815 449 1868 exordium
461 1813 636 1868 Momsenum
649 1816 752 1870 docuit.
781 1815 818 1868 Et
829 1831 900 1884 quas
923 1833 968 1869 am
981 1817 1095 1883 quidem

128 1883 233 1936 harum
250 1885 381 1936 notarum
404 1883 576 1935 conveniunt
598 1898 661 1935 cum
683 1883 735 1946 his,
755 1899 824 1960 quas
846 1883 901 1936 iam
918 1899 1094 1952 noveramus,

128 1951 165 2003 ut
180 1949 294 2002 tantum
306 1947 489 2002 emendandis
505 1949 539 2002 iis
550 1949 686 2002 inservire
698 1951 821 2016 possmt;
841 1948 913 2002 aliae
925 1965 992 2002 vcro
1004 1966 1095 2009 novae

129 2017 207 2072 sunt.
241 2015 300 2070 Has
318 2015 478 2070 Momsenus
522 2062 527 2072 .
547 2021 597 2069 275
615 2031 672 2080 seq.
691 2015 783 2069 soluto
800 2014 898 2069 ordine
917 2016 1095 2084 alphabetico

127 2083 298 2204 ἕειιιρρῂιίιὶι,
317 2083 464 2202 nectquosd
481 2033 559 2202 aEtUd
571 2082 719 2160 consilium
725 2083 767 2202 ai?
785 2081 1094 2203 ordingndffistseficu·

164 2167 178 2202 s
203 2167 227 2202 si
276 2165 396 2204 serm.
449 2167 514 2202 lu
557 2165 683 2202 susioor
795 2165 861 2202 men
910 2167 923 2202 s
986 2167 1027 2203 ιιι
1058 2168 1094 2206 ne

129 2167 316 2280 asceudant),
337 2190 475 2284 ,siesse
502 2217 588 2292 noae
603 2167 695 2293 {utel
718 2165 855 2270 aetia
882 2218 970 2274 erens.
1009 2217 1095 2271 Nolui

129 2286 229 2338 minen
255 2284 286 2336 in
309 2299 339 2337 re
361 2285 421 2336 tam
443 2283 510 2337 exili
532 2283 568 2336 ab
591 2283 692 2338 ordine
715 2283 803 2337 semel
825 2285 930 2337 statuto
953 2283 1093 2352 recedere,

129 2353 253 2404 maxime
272 2367 336 2404 oum
353 2352 391 2413 is,
408 2366 464 2417 quo
482 2349 589 2403 Probus
607 2367 673 2404 usus
695 2351 749 2410 est,
777 2351 888 2404 restitui
910 2351 988 2404 nullo
1010 2353 1093 2405 modo

128 2418 230 2487 possit
264 2417 338 2471 Nam
356 2417 466 2472 etiamsi
498 2433 622 2482 chamus,
634 2419 726 2486 ipsum
740 2416 863 2471 Probum
874 2417 947 2472 hanc
964 2421 1094 2474 notarum

151 2487 243 2539 artem
260 2484 414 2538 secundum
432 2435 616 2552 alphabetum
634 2485 784 2546 ordinasse.
805 2487 880 2539 certe
898 2486 922 2538 is
940 2487 1008 2539 ordo
1022 2487 1094 2542 alius

167 2553 197 2615 t,
216 2567 319 2620 aequo
337 2568 404 2604 usus
423 2551 530 2604 estscri
550 2555 595 2604 tor
613 2551 673 2605 cod.
687 2551 870 2606 Einsidlcnsis
883 2552 979 2607 ciusve
998 2554 1094 2608 arche-

130 2618 203 2687 typi.
236 2617 307 2672 Eum
325 2618 400 2671 enim
418 2569 549 2695 appare?
554 2633 611 2695 non
623 2619 734 2671 tantum
753 2619 898 2672 continuas
910 2619 997 2688 ipsius
1009 2620 1094 2674 Probi

128 2687 262 2739 notarum
274 2685 408 2739 formulas
424 2701 476 2753 pro
489 2685 605 2738 arbitrio
622 2685 652 2738 in
665 2685 823 2753 complures
841 2685 1028 2754 discerpsisse,
1042 2687 1091 2741 ssd

129 2752 219 2807 etiam
237 2767 272 2805 ex
289 2751 398 2817 eadem,
415 2768 472 2806 uua
489 2751 613 2806 alterave
629 2753 742 2806 tanturn
754 2752 851 2806 littera
869 2753 977 2815 omissa,
995 2754 1092 2822 plures

128 2819 240 2884 fecisse,
259 2819 340 2872 velut
355 2823 422 2874 Dolo
443 2823 482 2872 Vs
500 2823 572 2872 Meto
593 2822 647 2874 Tuo
670 2821 700 2872 et
716 2824 782 2873 Dolo
804 2825 842 2872 Ve
861 2823 942 2886 Malo,
961 2825 1093 2876 Familiam

131 2891 291 2940 Testamenti
308 2889 392 2940 Causa
410 2887 440 2940 et
464 2889 618 2940 Testamenti
640 2890 737 2952 Causa,
756 2889 786 2940 et
802 2885 938 2954 quasdam
960 2887 1093 2942 formulas

127 2953 201 3008 adeo
220 2952 373 3018 mutilasse,
391 2954 423 3006 ut
440 2969 521 3006 sensu
539 2953 662 3015 careant,
679 2952 759 3006 velut
770 2957 842 3006 Muto
857 2957 911 3008 Tuo
927 2959 1031 3008 Factum
1044 2961 1094 3009 Est

127 3026 266 3076 Possessio
284 3025 354 3074 Data
371 3023 431 3084 Est,
448 3024 531 3073 Rebus
548 3023 626 3074 Recte
643 3025 785 3076 Praestari.

195 3087 272 3150 Dixi,
289 3085 339 3140 has
356 3102 444 3140 novas
462 3088 542 3140 notas
555 3103 590 3140 ex
606 3093 670 3140 iuris
693 3093 774 3140 deltis
792 3091 864 3140 libris
882 3089 1007 3156 sumptas
1025 3104 1091 3144 esee.

127 3154 211 3220 Quod
240 3155 363 3222 probant
389 3153 512 3222 exempli
533 3152 626 3231 gratia
649 3152 786 3206 eiusmodi
807 3155 891 3208 notae
918 3159 985 3208 Mitt
1005 3161 1092 3210 Heres

126 3227 198 3287 Erit,
218 3223 403 3284 HeredemQuc
417 3225 500 3274 Meum
518 3220 678 3288 similesque
696 3221 872 3274 testamentis
885 3221 929 3275 vel
941 3223 1091 3276 contracti·

125 3289 179 3342 bus
196 3287 340 3357 propriae,
359 3287 461 3355 quibus
478 3301 531 3342 neo
549 3287 577 3339 in
595 3287 713 3356 legibus,
730 3303 782 3342 neo
799 3289 828 3341 in
846 3289 917 3358 legis
935 3289 1092 3344 actionibus

125 3372 178 3410 nec
196 3357 227 3407 in
246 3354 345 3408 edictis
366 3354 511 3422 perpetuis
533 3354 610 3407 locus
634 3356 702 3407 erat.
738 3354 798 3408 Nec
819 3355 884 3408 huic
907 3354 1092 3409 adversantur

125 3423 235 3476 multae
253 3421 340 3486 aliae,
362 3437 631 3540 quaewfluan'quam¹
643 3421 766 3505 primum
787 3423 818 3474 in
839 3423 912 3491 legis
935 3421 1091 3474 actionibus

125 3487 1091 3623 testatatetta?atdttttzlettalstede}
