2696 4120
229 201 293 267 280
515 217 575 254 atu
592 217 692 254 misma.
710 199 747 253 11.
765 205 908 256 262-268.

230 361 263 418 de
278 361 344 436 alia,
366 361 424 416 siue
444 361 528 434 ipsius
550 359 675 435 legatarii
696 361 755 417 sine
774 359 858 416 aliena
874 361 919 417 sit.
955 353 1026 418 hoo¹
1043 359 1133 417 solnm
1149 361 1198 418 ob·

231 445 395 504 seruandum
410 453 462 514 est,
478 462 512 501 ne
524 444 586 519 plus
599 447 740 519 quisquam
754 443 934 518 rogetnraliis
945 446 1101 516 restituere,
1118 462 1197 520 quam
1256 475 1261 484 ·

155 545 211 594 tat.
232 532 290 605 ipse
306 546 338 586 ex
356 538 520 587 testamento
536 531 653 604 ceperit3
673 546 734 585 nam
752 523 756 606 l
773 529 847 603 quod
862 529 976 603 amplius
992 538 1045 601 est,
1064 530 1198 587 inutiliter

229 615 401 688 relinquitur.
446 608 518 672 262.
539 612 605 669 Cum
621 623 710 670 autem
726 613 871 670 alienares
892 630 941 688 per
959 613 1196 672 fideicommissum

229 699 401 772 relinquitur,
419 715 530 756 neeesse
545 707 587 754 est
598 700 633 772 ei,
650 701 695 772 qui
712 706 825 773 rogatus
836 706 888 771 est,
904 705 951 754 aut
962 699 1051 772 ipsam
1063 699 1197 756 redimere

229 791 256 840 et
271 792 424 857 praestare,
448 792 495 839 aut
517 785 736 840 aestimationem
759 787 821 839 aius
835 782 960 854 soluere,
979 787 1054 840 sicut
1067 785 1138 841 iaris
1153 792 1197 840 est

229 873 257 925 et
271 871 361 942 siper
375 867 571 924 damnationem
587 867 672 923 aliena
689 883 733 924 res
754 867 843 942 legata
866 869 915 924 sit:
936 875 1002 924 sunt
1022 874 1127 939 tamen,
1149 870 1195 942 qui

229 961 342 1027 putant,
370 954 393 1010 si
420 969 476 1008 rem
505 969 554 1026 per
582 950 820 1010 fideicommissum
846 952 966 1009 relictam
989 952 1114 1008 dominus
1140 969 1195 1008 non

229 1038 345 1103 mandat,
369 1039 491 1111 extingui
507 1036 759 1110 fideicommissum
783 1037 830 1092 sed
854 1036 931 1093 aliam
947 1053 1007 1093 esse
1024 1053 1131 1094 eausam
1146 1053 1197 1111 per

228 1121 427 1178 damnationem
443 1121 536 1196 legati.

291 1203 363 1264 266.
392 1205 513 1262 libertas
545 1221 656 1280 quoque
684 1221 765 1261 seruo
792 1222 841 1282 per
874 1203 1110 1262 fideicommissum
1137 1205 1195 1260 dari

228 1299 336 1364 potest,
366 1299 397 1346 ut
420 1290 464 1347 uel
493 1291 572 1347 heres
595 1299 710 1364 rogetur
734 1291 940 1360 manumittere,
969 1290 1013 1347 uel
1035 1289 1192 1364 legatarius.

228 1369 370 1432 attritae
380 1377 512 1446 interest,
524 1371 618 1431 utram
632 1377 725 1432 desua
736 1369 873 1448 proprio²
886 1391 967 1431 seruo
980 1381 1193 1449 testatorroget‚
1210 1380 1272 1436 [266]

228 1476 262 1515 an
278 1459 311 1514 de
326 1475 370 1529 eo,
386 1461 433 1534 qui
447 1461 532 1532 ipsius
547 1459 655 1515 heredis
668 1468 714 1516 aut
728 1459 853 1534 legatarii
863 1459 906 1516 uel
919 1461 998 1515 etiam
1014 1460 1135 1516 extranei
1150 1461 1195 1519 sit.

227 1538 295 1601 666.
308 1543 401 1617 ltaque
411 1551 438 1599 et
450 1542 552 1599 alienus
564 1559 661 1600 seruus
674 1543 769 1600 redimi
781 1552 809 1600 et
824 1543 976 1600 manumitti
988 1543 1082 1600 debet:
1099 1545 1196 1618 quodsi

228 1628 354 1684 dominus
368 1644 429 1683 eum
444 1644 499 1683 non
516 1629 625 1698 tendat,
641 1645 704 1686 sane
715 1630 883 1703 extinguitur
898 1627 1104 1685 fideicommissa
1116 1627 1195 1684 liber·

229 1721 277 1783 tas,
296 1712 426 1786 quiahoc
443 1729 514 1770 casu
534 1705 633 1787 prettti
654 1715 822 1787 computatio
842 1713 916 1769 nulla
936 1714 1094 1770 interuenit.
1124 1707 1193 1774 266.

229 1795 280 1865 Qui
296 1805 386 1854 autem
409 1814 440 1853 en
463 1796 671 1854 fideicommissa
692 1798 902 1866 manumittitur,
925 1813 980 1854 non
1004 1799 1142 1854 testatoris
1164 1797 1195 1854 lit

227 1880 351 1953 libertus,
367 1883 471 1938 etiamsi
487 1884 624 1938 testatoris
639 1899 736 1938 seruus
755 1881 859 1954 faerit,
880 1883 932 1938 sed
946 1883 1016 1955 elus,
1038 1884 1085 1955 qui
1100 1899 1194 1938 mana-

227 1969 317 2026 mittit.
360 1961 428 2027 267.
453 1968 555 2041 Atqui
578 1966 682 2024 directo
712 1975 874 2022 testamento
897 1965 968 2022 liber
990 1983 1050 2022 esse
1072 1965 1194 2039 iubetur,

227 2049 304 2107 uelut
319 2052 372 2108 hoa
386 2051 480 2107 modo:
502 2066 634 2110 suranna
655 2066 772 2110 snnvvs
790 2045 900 2126 (mars)
918 2063 1012 2110 mama
1031 2067 1127 2123 asro,
1150 2051 1194 2108 uel

226 2136 294 2193 hoa:
312 2152 450 2194 auronum
466 2151 590 2196 annuum
604 2153 692 2195 marn
706 2153 845 2194 nranuvu
859 2150 935 2193 assu
951 2152 1056 2208 mano,
1072 2137 1096 2194 ia
1107 2136 1195 2212 ipsius

226 2223 366 2277 testatoris
390 2219 420 2276 lit
442 2221 565 2279 libertus.
609 2237 660 2279 neo
678 2221 746 2276 alius
766 2220 839 2276 ullus
860 2219 965 2277 directo
982 2237 1014 2276 en
1030 2227 1193 2278 testamento

225 2305 376 2362 libertatem
393 2305 491 2361 habere
507 2313 610 2380 potest,
627 2322 706 2379 qnam
722 2306 769 2378 qul
783 2313 900 2378 utroque
917 2313 1038 2380 tempore
1054 2308 1194 2362 testatoris

226 2405 258 2444 en
274 2391 333 2444 iure
349 2389 500 2458 Quiritium
512 2389 617 2462 fuerit,
634 2397 662 2447 et
677 2407 733 2464 quo
745 2389 858 2462 faceret
873 2396 1079 2462 testamentum,
1096 2399 1123 2448 et
1139 2407 1194 2466 quo

226 2465 409 2552 moreretur]

148 2569 206 2618 126.
290 2551 372 2616 ⁴268.
386 2557 499 2615 llultum
512 2567 602 2618 autem
613 2558 747 2616 differunt
757 2573 803 2628 aa,
816 2574 885 2632 quae
896 2573 945 2632 per
955 2557 1193 2616 litleicommissum

298 2690 317 2760 ¹)
332 2694 377 2744 Ea
390 2694 454 2744 Inst.
466 2695 510 2744 sed
519 2696 564 2744 hoo
576 2694 602 2746 0.
618 2693 828 2746 addemnatam
840 2693 1054 2758 eapraeoedenta
1063 2693 1095 2741 sit
1104 2699 1192 2744 natam

224 2764 334 2816 videtur.
357 2764 460 2816 Errare
473 2765 522 2832 By.
538 2767 577 2816 ed.
588 2776 608 2820 a.
629 2781 666 2816 me
680 2767 760 2829 prius
774 2764 818 2814 sed
832 2761 903 2828 (ante
918 2762 1000 2829 etiem)
1014 2764 1130 2812 amittere
1143 2764 1190 2811 ait.

226 2830 247 2898 ²)
262 2833 307 2883 Ex
320 2835 384 2884 Inst.
403 2835 494 2886 uasat.
514 2838 649 2901 suppleuit.
721 2831 741 2900 ³)
756 2835 801 2884 Em
820 2833 867 2884 V't
880 2843 905 2885 et
917 2833 985 2884 Stat
1003 2835 1051 2897 <27⁶4
1070 2833 1193 2882 similiter

224 2906 358 2969 quaedam,
373 2923 438 2971 qaae
451 2916 594 2973 sequuntur
608 2909 631 2970 6
647 2919 701 2965 267,
715 2922 750 2956 em
764 2905 828 2956 Inst.
907 2904 929 2971 ⁴)
945 2905 1110 2954 Haeeedaat
1124 2904 1194 2954 duae

225 2977 309 3026 tineae
320 2978 380 3040 fere
394 2994 504 3044 vacuae,
518 2979 642 3030 rubricae
657 2979 811 3028 destinatae.

296 3080 467 3151 §.262.=§.
479 3099 499 3136 1.
523 3086 603 3137 Lair.
623 3084 754 3148 Utpass.
776 3082 884 3146 Parti,
896 3095 914 3133 1.
929 3084 952 3145 6
964 3096 984 3136 a.
1004 3082 1036 3132 L.
1049 3093 1082 3132 u.
1097 3082 1195 3144 621..

224 3164 258 3204 66.
273 3155 296 3216 6
309 3157 352 3205 alt.
363 3157 396 3206 D.
407 3158 438 3207 de
449 3160 497 3224 lea.
508 3169 528 3210 a.
566 3153 767 3225 66263-267.
780 3154 818 3218 Ul.
830 3155 862 3203 de
871 3155 965 3204 ordine
974 3169 1057 3217 supra
1067 3154 1107 3216 66
1118 3163 1194 3204 185—

224 3235 276 3286 16ος
291 3225 322 3275 de
336 3243 365 3276 re
380 3249 414 3272 =
427 3231 450 3291 6
466 3239 486 3280 2.
504 3227 527 3277 Ι.
542 3229 598 3278 eod.
615 3225 651 3294 (2,
666 3225 712 3292 et).
735 3223 845 3288 Theoplt.
860 3236 934 3288 1,14‚
950 3237 970 3275 1.
1034 3219 1060 3294 6.
1075 3225 1136 3275 263.
1153 3223 1193 3287 Cf.

125 3339 129 3346 .
223 3294 443 3361 bratteata.
467 3298 697 3362 Uiatorem.
718 3295 1043 3358 Paot.t,1a.§.t.4,1e.
1095 3290 1120 3363 6.
1131 3297 1193 3346 264.

226 3365 264 3429 Cf.
284 3379 308 3431 e,
328 3380 375 3421 am.
395 3381 442 3421 am.
466 3368 535 3432 Epir.
555 3371 571 3418 t.
592 3383 615 3418 a.
638 3366 692 3430 Ula.
707 3379 732 3428 a,
752 3378 785 3418 ιο.
849 3362 875 3434 6
891 3367 952 3418 266.
973 3365 1043 3430 Epit.
1061 3368 1077 3415 t
1094 3382 1116 3416 o.
1136 3365 1194 3429 Uip.

224 3448 249 3498 a,
268 3449 302 3488 11.
321 3439 353 3488 L.
373 3451 394 3492 a.
415 3439 440 3490 0.
458 3439 482 3490 t.
501 3446 518 3488 t.
540 3438 576 3503 (r,
595 3437 627 3502 a).
647 3439 670 3500 6
686 3449 706 3490 2.
726 3435 808 3486 Lair.
881 3432 907 3506 6
923 3439 983 3488 266.
1001 3437 1040 3500 Of.
1060 3435 1156 3502 Utar,
1171 3447 1193 3488 a.

162 3553 166 3559 .
223 3506 364 3570 Emitte.
437 3504 462 3577 6
478 3511 538 3560 267.
555 3508 594 3572 Cf.
614 3507 669 3572 Uip.
685 3518 706 3570 2,
721 3519 776 3559 ne.
797 3520 821 3570 1,
836 3519 869 3559 26.
944 3504 1045 3576 6268.
1067 3507 1106 3572 Os.
1121 3505 1187 3571 apa

223 3588 245 3640 a,
260 3589 280 3628 r.
299 3579 323 3639 6
338 3590 359 3629 o.
379 3579 491 3641 intrat.
506 3591 552 3630 ast.
