2700 4118
329 228 389 262 nos.
409 229 442 262 nr
461 229 521 262 nou.
540 227 630 264 asanaa
649 228 754 263 connis.
773 212 794 264 I.
816 217 856 265 12.
878 217 918 265 13.
1035 212 1094 276 651

148 357 303 428 Claudium,
332 359 432 429 optime
455 358 614 429 imperator.
644 366 671 414 et
693 356 843 414 Euaristum
866 361 998 433 enganni,
1028 359 1099 433 quod

148 441 274 498 Claudius
297 439 365 512 Lupi
387 439 458 496 filius
480 441 508 496 in
530 442 673 511 conuiuio,
696 440 759 496 dum
781 459 847 515 sago
870 443 999 514 iactatur,
1022 443 1101 516 culpa

149 525 222 580 llarli
238 523 352 579 Euaristi
366 525 403 579 ita
419 523 487 578 male
503 533 628 596 acceptus
643 525 738 587 fuerit,
763 533 794 580 ut
815 535 878 597 post
891 525 961 582 diem
977 529 1100 600 quintum

150 617 311 664 moreretur.
355 609 443 680 Atque
471 607 629 679 apparebat,
659 607 758 663 nullam
780 609 943 665 inimicitiam
970 610 1044 666 'cum
1067 627 1100 667 eo

150 685 284 748 Euaristi¹
314 690 407 747 fuisse.
451 690 498 746 sed
521 685 695 763 cupiditatls²
716 691 821 764 culpam
844 693 1021 748 coercendum
1045 711 1101 750 cre·

151 775 221 846 didi,
245 783 275 830 ut
290 776 372 830 ceteri
387 774 506 830 eiusdem
522 776 617 830 aetatis
639 777 751 830 iuuenes
768 775 983 832 emendarentur.
1027 776 1101 833 ldeo·

152 873 205 932 que
220 857 301 913 llario
318 857 439 914 Euaristo
455 857 532 926 urbe,
553 857 628 912 ltalia
642 857 678 913 ’ct
693 852 846 930 prouincia³
860 859 963 916 Raetica
978 861 1005 915 in
1021 861 1100 934 quin-

152 943 297 1014 quennium
313 941 454 1010 interdixi,
477 949 504 996 et
518 941 638 1012 decreui,
656 951 687 996 ut
702 941 829 1014 impendii
843 942 933 998 ’causa
948 939 1015 1002 Ηὸ.4
1047 943 1101 998 duo
1171 949 1173 954 '

150 1025 221 1081 milia
236 1027 305 1099 patri
327 1019 457 1082 ’iuuenis⁶
473 1023 644 1097 persolueret
659 1023 808 1096 Euaristus,
831 1025 904 1098 quod
926 1025 1102 1084 ’manifestata

151 1108 209 1165 erat
227 1103 305 1164 eius6
320 1118 472 1181 paupertas.
509 1107 579 1164 Velis
601 1107 771 1164 rescribere.'
808 1106 836 1166 3.
858 1109 941 1166 Verba
961 1113 1100 1184 rescripti:

151 1191 278 1248 ‘Poenam
290 1191 364 1247 ilarii
375 1191 489 1246 Euaristi
504 1200 588 1262 recte,
601 1192 725 1263 Taurino,
740 1193 895 1250 moderatus
911 1210 940 1253 es
952 1195 1102 1250 admodum

151 1269 278 1348 culpaer⁷
302 1274 386 1330 refert
408 1275 477 1330 enim
500 1283 527 1329 et
549 1276 576 1328 in
599 1275 741 1331 maioribus
764 1276 883 1348 delictis,
909 1278 1034 1334 consulto
1057 1278 1102 1333 ali-

152 1358 215 1430 quid
232 1358 397 1426 admittatur,
414 1373 446 1412 an
462 1355 547 1414 casu?
591 1355 620 1414 4.
642 1358 674 1413 Et
688 1375 751 1415 sane
766 1361 793 1415 in
809 1360 932 1417 omuibus
947 1361 1102 1418 criminibus

152 1441 287 1496 distinctio
303 1441 370 1496 haec
390 1434 516 1514 'poenaes
537 1449 582 1496 aut
602 1435 752 1498 'iustitiam9
773 1460 923 1517 prouocare
939 1444 1033 1518 debet,
1056 1453 1103 1502 aut

151 1532 392 1596 temperamentum
407 1525 556 1582 admittere.

213 1605 280 1682 llap.
296 1607 348 1664 llll.
385 1607 599 1665 Modestinus
622 1609 713 1666 libro
736 1611 1016 1670 differentiarum
1039 1612 1102 1670 sub

151 1691 257 1748 titulo
278 1691 534 1749 desolantibus
557 1702 587 1749 et
610 1694 860 1766 ignorantibus
883 1696 1104 1766 generaliter

80 1799 83 1803 ·
150 1775 320 1849 loquitur=
357 1775 383 1833 1.
406 1777 602 1850 Nonnunquam
618 1793 667 1849 per
685 1779 863 1849 ignorantiam
885 1777 1102 1850 delinquentibus
1129 1784 1132 1791 '

150 1848 214 1914 iuris
238 1859 324 1915 ciuilis
347 1862 425 1916 uenia
446 1861 528 1915 tribui
550 1860 635 1928 solet,
658 1859 776 1914 simodo
792 1875 848 1914 rem
870 1859 932 1914 facti
949 1861 1026 1932 quis,
1048 1878 1103 1916 non

151 1944 217 1996 iuris
239 1945 363 2014 ignoret:
386 1943 464 2014 'quae
486 1936 622 1998 scilicet¹⁰
644 1941 757 1996 consilio
780 1941 998 2014 delinquentibus
1027 1961 1102 2016 prae·

151 2026 216 2079 stari
232 2041 287 2080 non
302 2025 381 2080 solet.
426 2023 541 2097 Propter
556 2025 627 2098 quod
641 2025 819 2080 necessarium
836 2033 892 2096 est,
908 2026 995 2082 addita
1011 2027 1103 2082 distin-

151 2109 241 2162 ctione
263 2107 448 2178 considerare,
471 2116 562 2162 utrum
585 2109 686 2163 sciente
706 2123 738 2162 an
760 2109 903 2180 ignorante
926 2109 1016 2183 aliquo
1039 2111 1103 2184 quid

152 2199 259 2264 gestum
274 2198 453 2263 proponatur.
498 2189 536 2246 lit
557 2190 698 2264 reliqua.

215 2273 279 2346 Kap.
302 2273 366 2329 Xlll.
410 2273 535 2330 Paulus
563 2273 652 2331 libro
681 2281 713 2330 et
737 2275 847 2331 titulo
871 2293 935 2348 quo
958 2271 1102 2350 supra.¹¹

151 2355 177 2414 l.
201 2355 251 2424 Qui
267 2357 350 2413 telum
366 2358 494 2414 tutandae
508 2359 603 2414 salutis
618 2375 698 2415 causa
713 2360 801 2432 gerit,
822 2375 877 2415 non
892 2359 1001 2416 uidetur
1016 2361 1103 2416 bomi-

81 2457 140 2507 [554]
152 2442 192 2496 nis
208 2440 346 2497 occidendi
362 2457 440 2496 causa
455 2451 573 2515 portare.
617 2438 644 2499 2.
668 2441 724 2498 Teii
745 2450 834 2498 autem
854 2443 1032 2518 appellatione
1048 2461 1103 2501 non

152 2532 255 2580 tantum
270 2524 372 2581 ferrum
388 2527 551 2591 continetur,
568 2525 615 2582 sed
628 2542 715 2592 omne,
733 2527 806 2600 quod
821 2527 937 2584 nocendi
949 2544 1027 2585 causa
1039 2546 1102 2603 por·

152 2617 162 2662 ῑ
180 2615 190 2662 l
212 2620 238 2663 nt
268 2617 302 2664 St.

164 2625 178 2664 ³
193 2625 209 2664 u
222 2625 324 2752 Enzlicit
338 2689 419 2738 titulus
435 2690 463 2738 de
479 2691 573 2739 sicanus
589 2698 612 2738 et
625 2691 760 2748 homicidis,
775 2706 831 2740 casn
846 2691 884 2740 uel
898 2691 1026 2742 uoluntate.

226 2879 245 2949 ¹)
260 2897 314 2932 cum
324 2883 422 2932 euaristi
432 2882 462 2932 B.
483 2884 581 2932 euaristi
595 2883 635 2932 Vt.
652 2883 750 2932 abaristi
764 2883 811 2934 Va.
827 2899 881 2934 cum
891 2884 1001 2935 Euaristo
1011 2887 1051 2936 ed.
1061 2885 1101 2936 Bt.

153 2947 280 3019 ¹)Malt'm
299 2954 452 3016 stupiditatis.
519 2951 707 3020 ³)eprouincia
726 2954 770 3003 Ve.
790 2957 912 3018 prouincia
930 2954 961 3005 B.
988 2956 1101 3006 Vacua.

152 3020 174 3087 ⁴)
188 3039 259 3072 causa
274 3022 303 3071 B.
324 3024 365 3072 Vi.
380 3023 419 3076 ed.
434 3023 474 3073 Bl.
495 3038 590 3073 cansam
610 3025 654 3074 Ve.
707 3021 793 3090 ⁶)eins
810 3025 940 3079 caueant.
991 3023 1013 3092 ⁶)
1028 3028 1103 3076 mani·

151 3093 211 3142 festa
225 3095 302 3155 fnepat
316 3095 367 3142 eius
388 3090 429 3143 Vt.
449 3095 572 3144 manifesta
592 3096 643 3144 eius
662 3096 738 3144 fuerat
756 3093 786 3145 B.
816 3095 860 3144 Ve.
876 3097 933 3180 edd.
999 3095 1018 3180 l)
1034 3097 1066 3146 L.
1081 3111 1100 3149 o.

151 3165 174 3298 ij
188 3163 310 3284 {10⁰le
319 3178 412 3282 fiili
426 3161 530 3299 {33¹2
539 3189 578 3286 aa.
593 3161 646 3283 ΞΕ
649 3165 770 3299 tlt?
766 3166 1101 3301 fd'id‘ffif‘fibffdtf'433

154 3299 186 3368 ¹⁰)
201 3303 341 3368 Suspicor:
354 3305 463 3368 quaenia
477 3303 547 3370 (quae
562 3306 649 3370 nenia).
704 3303 736 3371 ²¹)
754 3305 791 3368 Cf.
806 3305 838 3355 t.
854 3318 887 3356 11.
903 3307 942 3368 ἐξ,
953 3319 973 3358 1.
984 3317 1004 3356 a.
1020 3306 1052 3354 D.
1067 3309 1103 3355 ad

152 3375 200 3439 leg.
215 3373 266 3426 Iul.
281 3375 313 3424 de
327 3377 353 3424 oi
362 3375 433 3438 publ.
450 3373 494 3441 (48,
508 3373 540 3441 o).
