2672 4112
224 212 264 268 52
561 219 588 254 tt.
608 219 718 254 uvtttvs
736 218 835 254 CICERO.

223 346 275 402 lius
291 346 323 402 ad
338 344 487 402 custodiam
501 345 583 418 ignis,
599 351 627 400 et
642 345 760 400 sentiant
775 343 901 400 mulieres
915 345 943 400 in
956 339 1046 419 (iliis),
1061 353 1184 402 naturam

161 431 164 437 '
224 430 383 486 seminarum
398 444 504 485 omnem
520 429 669 484 castitatem
684 429 749 502 pati.

285 510 338 572 80.
362 511 440 580 Quod
454 513 577 586 sequitur
592 527 674 582 uero,
696 527 751 567 nou
773 511 861 566 solum
877 511 909 566 ad
923 511 1085 586 religionem
1100 515 1184 587 perti-

223 605 280 670 net,
295 597 437 654 sedetiam
452 595 485 650 ad
495 595 612 652 ciuitatis
627 603 738 667 statum,
753 602 783 649 ut
795 597 853 650 sine
864 597 908 666 iis,
924 595 969 668 qui
981 595 1184 673 sacrigpublice

223 682 360 756 praesint,
380 680 506 754 religioni
520 681 641 754 priuatae
655 680 721 736 satis
737 677 826 735 iacere
842 695 897 734 non
917 681 1040 752 possint;
1062 682 1184 736 continet

223 767 295 821 enim
309 781 366 820 rem
381 762 523 837 publicam,
543 763 658 820 consilio
674 770 702 818 et
716 763 877 819 auctoritate
892 764 1063 837 optimatium
1077 781 1184 838 semper

223 848 354 924 populum
380 847 511 921 indigere.
549 846 750 920 descriptioque
777 845 948 904 sacerdotum
969 847 1074 903 nullum
1096 849 1183 904 iustae

223 933 363 1007 religionis
386 947 473 1005 genus
495 932 695 1005 praetermittit.
731 946 792 986 nam
815 937 879 985 sunt
901 929 935 985 ad
957 930 1100 1004 placandos
1116 931 1182 987 deos

223 1015 268 1072 alii
282 1015 436 1087 constituti,
452 1016 498 1087 qui
510 1016 593 1071 sacris
602 1015 722 1088 praesint
732 1013 919 1085 sollemnibus,
934 1014 968 1069 ad
978 1014 1182 1088 interpretanda

223 1100 268 1156 alii
282 1099 418 1173 praedicta
434 1099 549 1171 uatium,
566 1114 653 1171 neque
668 1097 824 1168 multorum,
840 1113 875 1153 ne
889 1105 962 1154 esset
976 1095 1119 1170 inlinitum,
1136 1114 1183 1154 ne·

223 1199 276 1258 que
293 1191 324 1238 ut
339 1199 370 1240 ea
385 1184 453 1256 ipsa,
474 1199 542 1256 quae
557 1187 683 1254 suscepta
697 1180 804 1256 publice
819 1191 926 1252 essent,
950 1183 1092 1256 quisquam
1107 1190 1183 1238 extra

223 1267 377 1341 conlegium
396 1273 500 1323 nosset.
534 1263 578 1325 st
602 1267 743 1321 marimum
764 1272 854 1321 autem
876 1273 904 1321 et
921 1267 1182 1339 praestantissimum

222 1353 250 1407 in
271 1367 302 1406 rc
323 1349 429 1422 publica
451 1351 493 1405 ius
515 1358 558 1407 est
579 1366 713 1424 augurum
734 1365 794 1405 cum
817 1350 976 1404 auctoritate
998 1351 1183 1405 coniunctum.

222 1449 311 1508 neque
326 1448 393 1488 uero
408 1433 472 1504 hoc,
492 1435 554 1505 quia
569 1450 628 1488 sum
643 1435 701 1506 ipse
716 1449 814 1506 augur,
834 1433 872 1488 ita
886 1433 986 1503 sentio,
1001 1432 1050 1490 sed
1066 1435 1129 1506 quia
1144 1435 1184 1490 sic

223 1518 373 1573 existimare
395 1533 446 1572 nos
468 1523 511 1572 est
531 1531 652 1573 necesse.
683 1515 747 1589 quid
762 1517 832 1571 enim
848 1517 932 1572 maius
953 1525 1003 1586 est,
1025 1518 1048 1572 si
1069 1517 1103 1572 de
1122 1518 1182 1572 iure

223 1601 388 1675 quaerimus,
409 1615 489 1673 quam
508 1615 590 1674 posse
604 1616 619 1655 a
633 1599 744 1655 summis
759 1601 878 1674 imperils
892 1607 921 1656 et
934 1602 1046 1656 summis
1061 1608 1182 1675 potesta·

223 1683 294 1740 tibus
317 1685 469 1740 comitiatus
492 1692 521 1740 et
541 1682 654 1740 concilia
676 1683 721 1752 uel
735 1685 859 1739 instituta
874 1683 1016 1740 demittere
1031 1683 1076 1740 uel
1091 1684 1183 1740 habita

221 1765 392 1824 rescinderet
414 1766 478 1841 quid
494 1769 604 1842 grauius
620 1784 698 1841 quarn
713 1783 769 1823 rem
785 1774 937 1840 susceptam
952 1767 1052 1841 dirimi,
1073 1769 1096 1823 si
1111 1784 1182 1824 unus

221 1868 310 1926 augur
325 1850 391 1907 ‘alio
407 1845 483 1926 (diel'
500 1851 614 1907 dixeriti
634 1850 699 1924 quid
713 1848 926 1922 magnificentius
941 1868 1023 1922 quam
1038 1867 1120 1926 posse
1134 1852 1182 1908 de·
1216 1879 1221 1886 ·

221 1951 344 2008 cernere,
366 1942 397 1991 ut
418 1937 577 2009 magistratu
599 1951 628 1990 se
648 1934 772 1990 abdicent
786 1934 929 1990 consules?
951 1935 1016 2010 quid
1026 1935 1182 2008 religiosius

221 2035 301 2094 quam
316 2035 376 2074 cum
391 2019 507 2093 populo,
522 2036 583 2076 cum
596 2017 674 2093 plebe
686 2017 783 2092 agendi
795 2019 837 2073 ius
849 2025 895 2082 aut
906 2017 969 2074 darc
981 2026 1094 2075 autnon
1106 2019 1182 2092 dare,

221 2102 285 2177 quid
300 2101 376 2177 leges
391 2119 447 2158 non
461 2104 644 2176 iurerogatas
659 2102 768 2174 tollere,
783 2109 814 2157 ut
825 2102 920 2157 Titiam
935 2101 1045 2158 decreto
1060 2103 1182 2177 conlegi,

222 2195 252 2242 ut
262 2185 351 2241 Liuias
361 2186 474 2242 consilio
486 2186 610 2258 Philippi,
625 2183 746 2241 consulis
757 2191 784 2240 et
796 2187 918 2259 auguris,
935 2185 1002 2241 nibil
1013 2185 1095 2257 domi,
1114 2187 1182 2242 nibil

220 2269 328 2324 militiae
349 2285 399 2342 per
420 2270 592 2340 magistratus
612 2275 720 2341 gestum
740 2269 798 2324 sine
813 2285 906 2325 sorum
922 2270 1084 2326 auctoritate
1098 2285 1182 2344 posse

220 2353 343 2424 cuiquam
359 2349 484 2423 probari?

282 2429 415 2492 titulat.
437 2433 472 2491 A.
495 2435 563 2507 Age,
585 2435 636 2489 iam
658 2435 709 2490 ista
732 2434 811 2492 uideo
834 2435 977 2507 fateorque
998 2453 1058 2494 esse
1073 2455 1181 2512 magua,

220 2518 310 2575 setin
333 2516 460 2590 conlegio
483 2525 575 2572 uestro
597 2518 669 2573 inter
690 2518 841 2574 llarcellum
865 2528 893 2575 et
914 2520 1039 2595 Appium,
1062 2523 1182 2595 optimos

220 2617 349 2675 augures,
371 2616 467 2673 magna
489 2600 621 2657 dissensio
645 2599 716 2675 (nam
739 2619 832 2658 eorum
854 2619 906 2676 ego
929 2605 956 2660 in
976 2604 1060 2660 libros
1075 2605 1181 2676 incidi),

220 2701 281 2741 cum
298 2683 376 2740 alteri
395 2683 501 2756 placeat
521 2685 638 2758 auspicia
654 2685 705 2741 ista
721 2686 753 2741 ad
768 2686 912 2742 utilitatem
928 2703 989 2743 esse
1004 2689 1043 2744 rei
1058 2687 1182 2761 publicae

204 2768 385 2843 composita,
413 2766 492 2822 alteri
518 2767 657 2841 disciplina
684 2777 775 2825 uestra
801 2771 877 2842 quasi
905 2769 1018 2827 diuinari
1041 2765 1181 2828 uideatur¹

219 2866 315 2926 posse:
332 2851 381 2906 bac
396 2858 425 2905 tu
440 2849 474 2906 de
488 2867 518 2907 re
535 2868 635 2925 quaero
651 2852 715 2926 quid
731 2854 840 2908 sentias.

282 2932 323 2990 M.
346 2933 458 3007 Egone?
479 2934 679 3006 diuinationem,
704 2952 783 3008 quarn
805 2937 898 2992 Graeci
919 2928 1067 3013 μαντικήν
1088 2940 1182 3013 appel-

219 3017 286 3090 lant,
307 3033 366 3072 esse
381 3018 469 3074 sentio
485 3027 512 3074 et
527 3019 607 3076 lruius
623 3019 691 3074 hanc
705 3019 789 3091 ipsam
803 3027 918 3092 partem,
939 3039 1009 3094 quae
1024 3030 1066 3079 est
1080 3024 1109 3078 in
1125 3026 1183 3079 aui·

219 3099 270 3156 bus
292 3101 445 3174 ceterisque
466 3104 552 3176 signis
572 3101 727 3174 disciplinae
746 3110 865 3161 nostrae.
902 3105 1015 3160 sienim
1036 3106 1103 3162 deos
1119 3124 1182 3164 esse

220 3184 392 3241 concedimus
414 3201 563 3260 eorumque
585 3193 676 3241 mente
698 3185 825 3240 mundum
847 3187 906 3259 regi
927 3195 956 3242 et
970 3189 1081 3245 eosdem
1093 3189 1182 3246 bomi-

219 3283 283 3323 num
304 3267 445 3324 consulere
467 3269 560 3343 generi
581 3276 609 3324 et
628 3283 710 3340 posse
730 3267 807 3322 nobis
827 3270 904 3342 signa
919 3287 1010 3328 rerum
1026 3272 1182 3330 suturarum

219 3351 374 3424 ostendere,
389 3369 444 3408 non
459 3353 555 3422 uideo,
573 3368 622 3408 cur
636 3365 696 3405 esse
711 3349 901 3408 diuinationem
917 3370 1023 3428 negem.
1053 3352 1101 3418 33.
1116 3366 1183 3414 sunt

218 3473 420 3484 ——-

292 3527 312 3595 ¹)
327 3531 434 3581 diuinare
448 3532 573 3580 uideantur
586 3530 626 3579 ed.
647 3529 677 3578 V.
