2680 4118
498 199 533 234 oe
551 198 738 236 nonsummum.
1030 179 1087 245 757

203 323 268 384 122.
291 327 367 385 item.
405 326 548 398 Conuenit,
572 334 603 382 ut
625 325 744 382 diuortio
768 327 811 383 uel
834 335 921 384 morte
938 329 989 383 uiri
1004 327 1094 385 soluto

140 413 343 467 matrimonio.
362 454 368 466 .
387 453 393 467 .

174 489 285 559 [Desunt
298 493 480 555 quaterniones
493 491 578 540 decem
591 504 613 540 a.
624 491 738 554 popinae
753 498 851 539 centum
865 497 890 539 et
902 488 1062 558 necopinato]

72 799 132 845 [662]
478 790 519 830 ΒΕ
537 787 760 832 mxovseuloum.

207 877 288 943 ¹12³.
307 924 314 940 .
331 925 338 940 .
356 925 364 941 .
379 900 455 955 eum,
478 885 511 939 de
532 901 586 956 quo
609 885 709 956 agitur,
732 892 760 940 et
779 882 812 940 de
830 884 1015 940 incolumitate
1037 881 1200 950 eiusiaclma.

143 961 208 1024 ’ibi2
223 967 380 1025 rescribant.
1100 951 1200 1030 offic.

205 1047 269 1112 124.
294 1053 368 1108 item.
406 1050 438 1106 Hi
456 1066 575 1124 quoque,
599 1051 644 1123 qui
660 1059 723 1106 stunt
739 1067 770 1107 ex
787 1051 902 1124 collegio
919 1067 964 1106 sex
984 1035 1134 1124 'primo-⁰¹³
1145 1037 1200 1073 ΕΜ·

143 1129 229 1205 rum,3
244 1135 343 1191 habeut
358 1153 373 1190 a
389 1135 480 1190 tutelis
495 1136 710 1203 excusationem3
733 1134 846 1190 sednon
863 1135 1030 1208 simpliciter,
1049 1135 1096 1190 sed

143 1229 207 1293 post
222 1235 311 1273 uuam.
327 1234 387 1274 nam
403 1234 457 1272 non
473 1217 537 1272 alias
550 1235 563 1272 a
576 1218 676 1274 ceteris
693 1227 797 1288 uacant,
812 1219 863 1273 nisi
876 1235 954 1274 unam
971 1217 1096 1275 habeant.

206 1298 271 1358 125.
296 1295 388 1357 ⁴item.
420 1300 486 1356 (tlon
502 1303 574 1356 uarie
590 1299 788 1359 obseruabotur
807 1305 876 1358 circa
897 1318 1037 1358 numerum
1053 1309 1096 1358 tu·

146 1385 275 1453 telarum3
298 1384 346 1440 sed
360 1383 441 1440 hodie
455 1391 530 1440 certo
545 1385 602 1439 iure
618 1386 732 1454 utimur,
754 1395 807 1441 tam
820 1401 852 1441 ex
867 1387 1005 1460 rescriptis
1019 1385 1096 1440 diuo-

143 1485 216 1538 rum,
237 1484 314 1540 quam
331 1485 362 1523 ex
378 1465 615 1524 constitutionibus
630 1469 822 1541 imperatorum
841 1478 1013 1527 nostrorum:
1036 1485 1097 1524 nam

144 1555 168 1608 si
184 1553 243 1625 quis
259 1559 315 1608 tres
331 1551 430 1607 tutelas
446 1550 505 1608 siue
519 1567 596 1607 curas
612 1551 717 1626 habeat,
733 1561 884 1610 excusatur.

207 1630 270 1695 126.
296 1629 390 1691 ⁵item.
428 1634 499 1692 Haeo
512 1635 598 1692 locuti
614 1652 707 1692 sumus
723 1636 756 1691 de
772 1636 874 1706 tutelis,
890 1635 973 1692 finitis
989 1653 1042 1692 non
1058 1637 1098 1691 in·

144 1719 280 1794 putandis.
318 1720 413 1775 eodem
428 1719 489 1775 ioco
504 1728 568 1774 sunt
584 1727 611 1774 et
626 1735 679 1774 non
697 1727 818 1791 coeptae.

208 1799 270 1860 127.
293 1799 386 1860 “item
417 1802 469 1858 Sed
483 1802 564 1858 hodie
579 1803 632 1858 hoc
646 1803 704 1858 iure
720 1804 831 1872 utimur,
853 1810 884 1856 ut
899 1803 922 1866 si
937 1801 1021 1856 fliium
1037 1801 1098 1873 quis

144 1887 240 1942 habeat
255 1889 281 1941 in
297 1894 445 1960 potestate,
468 1893 521 1940 tam
536 1887 635 1957 patris,
659 1901 737 1956 quam
761 1883 811 1939 filii
825 1900 906 1940 onera
923 1886 991 1958 patri
1006 1885 1033 1940 in
1049 1900 1098 1940 nu·

146 1985 248 2024 merum
266 1968 423 2041 ’procedere
439 1959 610 2044 (debeant).⁷

209 2049 276 2109 128.
299 2051 376 2108 ltem.
413 2049 498 2106 Hodie
521 2053 610 2122 itaque
633 2058 663 2105 ut
686 2052 746 2122 quis
769 2059 921 2121 excusetur,
946 2051 994 2106 tria
1017 2065 1098 2106 ouem

145 2135 262 2208 allegare
277 2133 368 2209 debet,
384 2135 443 2190 siue
458 2133 615 2204 tutelarum,
631 2136 690 2189 siue
705 2150 838 2205 curarum,
856 2135 914 2190 siue
927 2135 1007 2190 etiam
1020 2149 1098 2189 curae

145 2217 294 2274 kalendarii
299 2236 307 2286 ;
330 2225 357 2273 et
379 2214 410 2273 'si
427 2212 485 2272 uei⁸
507 2215 626 2272 eiusdem
643 2217 714 2273 tituli
729 2219 784 2273 sint
799 2219 849 2273 tria
866 2233 958 2289 onera,
974 2233 988 2272 a
1004 2224 1098 2290 quarta

151 2310 289 2357 excusant.

208 2380 274 2441 129.
298 2379 394 2441 ”item
431 2383 563 2440 Valetudo
579 2401 687 2458 quoque
705 2384 772 2440 mala
788 2392 906 2458 praestat
922 2384 1098 2455 uacationem,

38 2523 41 2530 ,
146 2469 169 2524 si
185 2468 246 2524 talis
262 2470 307 2537 sit,
329 2477 359 2523 ut
381 2469 519 2538 ostendat,
542 2483 603 2523 eum
626 2485 660 2524 oe
682 2468 789 2540 quidem
808 2467 889 2524 rebus
910 2470 967 2524 suis
988 2467 1099 2524 admini-

145 2552 261 2607 strandis
277 2551 403 2607 idoneum
417 2568 488 2607 esse.

145 2754 240 2804 Holiw.
252 2752 364 2802 Monimo.
390 2752 422 2802 ln
436 2768 517 2817 many.
531 2751 627 2803 deinoi:
641 2752 715 2818 flpc).
739 2753 791 2802 Non
805 2754 835 2802 ab
850 2767 878 2802 eo
894 2754 986 2817 culpam
1002 2754 1099 2804 diuortii

145 2824 285 2888 procedere,
300 2824 340 2886 qui
354 2823 480 2885 repudium
495 2823 568 2885 dedit,
582 2824 625 2872 sed
640 2825 680 2887 qui
695 2824 766 2873 dandi
780 2824 947 2874 necessitatem
963 2825 1062 2876 induxit.

219 2891 239 2959 1)
253 2894 292 2942 De
307 2895 345 2954 ἐξ.
361 2905 482 2945 tea-uto.
501 2896 608 2958 sumptis
626 2909 660 2944 ex
679 2893 734 2958 Utp.
749 2893 792 2943 tto.
806 2896 874 2959 einp.
893 2895 925 2944 de
943 2909 1030 2944 exous.
1046 2896 1098 2944 uid.

145 2963 244 3012 Burin.
318 2960 338 3024 ²)
354 2965 399 3012 sibi
419 2963 476 3013 Vot.
498 2964 526 3013 V
527 2963 547 3013 ⁶.
562 2965 619 3016 edd.
689 2961 710 3029 ³)
725 2966 830 3014 uirorum
845 2966 877 3028 oi.
892 2963 990 3016 Burin.
1020 2964 1098 3016 Male.

148 3034 186 3095 Cf.
203 3033 265 3082 Nou.
285 3033 386 3084 Valent.
401 3045 435 3085 te.
450 3035 473 3095 ξ.
488 3046 517 3092 a,
532 3035 576 3084 obi
590 3038 654 3100 lep:
671 3035 841 3097 sexprimnrius
855 3041 879 3084 et
893 3042 955 3097 post
969 3036 1033 3084 seuir
1047 3050 1099 3099 pro

146 3104 223 3151 situir.
252 3102 315 3151 Item
328 3103 361 3152 L.
375 3115 409 3154 39.
432 3103 476 3152 To.
494 3105 519 3154 0.
534 3106 566 3154 de
581 3106 669 3154 decor.
686 3104 729 3169 (12,
744 3106 775 3170 1).
845 3102 866 3170 ⁴)
883 3104 921 3167 Of.
936 3107 974 3166 ἐξ.
989 3117 1036 3156 128.
1051 3116 1098 3157 231.

146 3175 168 3234 ξ.
184 3183 204 3223 5.
219 3171 241 3221 Ι.
257 3173 289 3221 de
303 3187 392 3222 emens.
407 3171 439 3238 (1,
453 3173 497 3239 uo).
562 3173 583 3240 ⁶)
600 3176 636 3238 Cf.
652 3175 684 3223 L.
699 3185 719 3224 u.
735 3177 757 3236 ς.
772 3187 792 3226 9.
812 3175 845 3226 Ι).
860 3175 891 3223 de
905 3190 993 3223 emeno.
1008 3173 1053 3239 (at,
1067 3176 1098 3240 1).

147 3239 223 3308 ⁶)Cf.
238 3244 260 3304 ξ.
277 3253 323 3294 190.
338 3242 370 3290 L.
384 3255 404 3292 t.
421 3245 444 3304 ξ.
460 3256 479 3293 1.
500 3245 530 3292 L.
546 3244 653 3296 t.I).It.
669 3252 686 3293 t.
762 3241 975 3308 ⁷)DeBd'eleinp.
991 3247 1022 3306 ej.
1043 3257 1098 3306 pro·

145 3313 239 3362 cedant
251 3313 308 3362 edd.
374 3309 395 3377 ⁸)
414 3313 452 3362 De
465 3312 590 3380 Bo'clcinp.
607 3318 639 3378 ej.
654 3315 672 3363 ἰ.
687 3330 708 3363 e.
723 3314 748 3363 oi
761 3314 841 3368 odeo,·
860 3313 1014 3376 difficiliora
1033 3315 1099 3363 enim

145 3386 199 3432 trio
218 3399 299 3433 onera
317 3383 419 3432 diuersi
438 3385 508 3432 tituli
527 3392 600 3442 cont,
621 3399 696 3448 quom
717 3384 836 3432 eiusdem.
857 3385 884 3430 s'd
909 3381 967 3431 Vot.
987 3383 1039 3431 siue
1059 3384 1098 3432 ed.

145 3453 254 3508 Holtw.,·
268 3461 360 3517 postea
379 3454 430 3502 siue
444 3468 491 3502 noo
505 3455 635 3504 excidieee
656 3457 689 3517 ej.
706 3453 770 3504 Μαί.
790 3453 841 3502 siue
861 3452 967 3502 eiusdem
985 3454 1041 3502 eine
1058 3453 1099 3503 di·

146 3525 217 3570 ueroi
231 3523 344 3572 Momme.
359 3524 397 3572 ed.
449 3519 471 3588 ο)
487 3524 524 3587 Of.
540 3526 562 3586 ξ.
579 3536 598 3576 t.
618 3523 640 3572 Ι.
655 3524 680 3574 it.
696 3531 713 3573 t.
