2680 4118
411 177 447 212 nn
464 177 498 212 nn
516 175 615 213 vxotus
633 175 667 214 sc
685 177 804 214 normes.
1019 157 1078 222 755

498 270 511 294 Ι

129 323 240 366 uxorem
255 307 397 374 conuenit,
421 321 482 364 cum
497 321 540 360 res
557 314 584 360 et
604 308 680 360 inter
699 320 749 362 eas
768 307 913 377 mancipia
933 308 1082 362 aestimata
1141 363 1144 368 ,

129 396 159 448 in
174 393 265 448 dotem
280 389 418 457 darentur,
436 397 474 459 ut,
500 387 618 444 diuortio
634 396 739 458 secuto,
762 395 853 444 utrum
869 388 952 445 uellet
967 381 1080 466 mulieri

129 475 253 548 eligeret,
268 473 311 529 ucl
327 473 465 546 mancipia,
481 471 526 528 uel
541 471 764 530 aestimationem.
799 471 923 528 llanente
939 473 1187 545 matrimoniales]

107 563 176 614 -nio
197 558 338 629 quaedam
360 572 399 613 eac
421 559 571 626 mancipiis
593 562 767 629 pepererunt.
812 557 962 627 quaesitum
982 565 1037 624 est,
1060 559 1082 612 si

129 641 226 698 mulier
240 639 370 712 mancipia
387 639 524 712 elegisset,
547 656 586 694 au
599 644 704 709 partus
720 654 832 710 quoque
848 642 909 695 eius
924 653 986 696 esse
1000 638 1081 695 debe-

130 725 210 781 reutl
244 723 355 779 Paullus
376 722 530 796 respondit,
554 723 678 795 quoniam
701 720 823 794 periculo
846 724 933 778 mariti
956 724 1083 780 aixerunt

130 810 289 877 mancipia,
311 814 418 879 partus
439 820 551 879 quoque
574 820 613 862 erc
634 807 668 860 iis
690 808 863 862 matrimonii
883 813 1007 878 tempore
1021 821 1083 879 per·

130 899 224 965 neptas
239 889 309 964 apud
325 891 413 946 uirum
428 904 566 945 remanere
581 882 707 944 debere.¹

56 976 119 1025 [⁶⁶⁰]
192 971 251 1032 115.
274 973 416 1032 Idemlilr.
434 1014 441 1029 .
459 988 561 1044 ,resp
585 971 678 1043 refert
700 981 787 1028 tamen
809 972 1032 1029 consultationem
1056 981 1084 1028 et

129 1074 300 1132 responsum.
346 1056 455 1113 ‘Minor
469 1071 538 1114 nar
551 1072 692 1112 annorum
707 1054 790 1112 Lucia
805 1055 873 1111 Titia
892 1073 952 1112 oum
968 1055 1083 1112 nuberet

130 1142 258 1215 Septicio,
280 1142 388 1197 maioris
404 1141 547 1212 dignitatis
562 1144 636 1209 uiro,
658 1143 685 1195 ei
698 1143 858 1196 sestertium
870 1133 995 1197 eentum²
1011 1139 1083 1195 milia

129 1228 157 1282 in
168 1225 259 1280 dotem
271 1223 355 1294 dedit,
372 1239 431 1278 cum
444 1239 497 1278 non
513 1223 626 1296 amplius
637 1223 664 1277 in
681 1221 758 1278 bonis
770 1223 893 1280 haberet.
917 1223 991 1280 Num
1003 1231 1083 1280 reete

131 1309 209 1364 dedit
224 1314 332 1364 einum
348 1321 444 1361 uerum
460 1315 512 1376 est,
533 1306 606 1378 quod
622 1323 635 1362 a
652 1305 808 1378 quibusdam
824 1306 930 1374 dicitur,
952 1307 1040 1362 omnia
1055 1307 1083 1362 in

130 1390 221 1446 dotem
237 1388 298 1446 dari
311 1390 384 1446 bona
396 1387 517 1458 posser’
562 1388 684 1446 Pontius
707 1392 863 1462 respondit,
886 1390 975 1447 'reete
993 1393 1084 1448 dotem

131 1465 265 1536 datam;3
292 1473 347 1530 dari
376 1488 473 1546 posse,
503 1481 663 1546 argumento
692 1489 752 1529 esse
779 1475 806 1528 in
829 1490 937 1530 manum
965 1491 1083 1531 conuen-

131 1550 258 1616 tionem.⁴

193 1635 253 1698 116.
277 1635 382 1699 ⁵‘Iure
392 1645 547 1713 potestatis
558 1647 648 1712 pater
661 1643 753 1696 inuita
767 1637 819 1695 itia
830 1639 970 1712 repudium
983 1655 1084 1712 genero

130 1727 212 1782 misit.
248 1723 364 1795 Quaero,
384 1742 423 1782 an
437 1727 509 1782 idem
523 1729 588 1781 iure
602 1723 791 1794 stipulationis
807 1721 897 1778 dotem
912 1730 1005 1794 petere
1020 1738 1083 1795 pos·

131 1809 200 1864 siti'
231 1807 338 1864 Paullus
354 1809 503 1881 respondit,
521 1808 717 1866 matrimonium
735 1805 841 1877 quidem
857 1807 974 1876 repudio
990 1807 1086 1878 quoad

132 1907 263 1948 socerum
278 1894 399 1948 solutum
414 1891 515 1958 uideri;
532 1891 582 1945 sed
596 1890 665 1961 patri
681 1888 761 1944 filiam
773 1887 911 1958 inuitama
928 1891 1021 1944 marito
1035 1890 1083 1944 ab·

131 1976 238 2030 ducere
253 1991 310 2029 non
325 1976 430 2036 licere,·
451 1988 504 2030 nec
521 1969 613 2028 dotem
629 1979 751 2044 repetere
766 1987 861 2044 posse,
884 1972 935 2027 nisi
951 1969 1003 2026 filia
1019 1988 1084 2029 con·

132 2048 290 2115 serrtiente.⁶
441 2115 446 2128 ⁸

194 2134 252 2196 11⁷.
275 2135 384 2194 ‘lucius
399 2137 486 2194 Titius
502 2138 644 2212 Septiciam
660 2138 790 2193 ducturus
806 2153 920 2194 uxorem
935 2145 999 2194 erat
1014 2155 1084 2195 non-

132 2225 198 2280 dum
212 2215 359 2279 auditumst
383 2230 478 2296 postea
493 2222 625 2295 Septicius
641 2221 718 2277 datus
736 2229 810 2278 tutor
825 2220 955 2295 Septiciae
971 2221 1085 2277 eundem

135 2307 236 2363 Titium
246 2309 387 2378 potiorem
403 2309 559 2363 nominauit
575 2313 701 2361 tutorem.
732 2303 848 2374 Quaero,
869 2322 902 2361 en
918 2304 1086 2368 excusandus

132 2389 200 2445 sitl'
246 2388 355 2444 Paullus
376 2390 531 2464 respondit,
554 2388 586 2444 de
609 2387 700 2445 officio
721 2392 868 2462 praetoris
890 2393 994 2461 quaeri
999 2413 1008 2452 ,·
1035 2391 1087 2446 sed

132 2593 164 2641 L.
183 2603 209 2644 48
227 2607 271 2655 pr.
296 2592 328 2640 Ι).
349 2591 381 2640 de
400 2593 448 2655 lep.
467 2601 487 2642 a.
527 2590 670 2654 Dependita
690 2593 788 2640 rectius
811 2591 873 2640 milii
898 2593 987 2642 videor
1011 2607 1085 2656 quam

132 2663 225 2712 Hollw.
241 2664 327 2712 etalii
345 2676 490 2725 reparasse.
566 2658 585 2724 ¹)
600 2660 644 2709 Eae
662 2662 749 2711 eodem
764 2661 857 2711 Paullo
878 2665 994 2726 sequitur
1012 2663 1086 2712 aliud

133 2746 296 2797 responsum:
313 2733 360 2782 sed
378 2732 514 2782 dicendum
532 2731 646 2790 uidetur,
663 2733 752 2794 prima
770 2731 848 2780 verba
866 2747 920 2781 esse
939 2734 1085 2783 collectoris

132 2806 171 2853 oet
185 2805 298 2868 collepac
308 2805 405 2866 potius,
421 2804 465 2866 qui
479 2803 546 2851 dunc
560 2803 660 2850 titutum
674 2815 810 2852 recensens
825 2801 974 2866 quibusdam
983 2805 1084 2867 suppte-

132 2876 222 2923 mentis
236 2876 349 2923 auxerit.
374 2873 499 2922 Lacunas
513 2873 623 2934 explevi.
676 2868 696 2937 ²)
713 2869 811 2922 ‘decies
826 2869 943 2922 centena'
960 2873 1016 2922 edd.
1034 2886 1053 2924 1.
1063 2884 1084 2922 a.

132 2944 261 3002 dederam,
272 2960 322 2994 nou
332 2951 409 2994 reete.
461 2940 483 3008 ³)
493 2942 534 2994 Itu
545 2941 657 2993 Momms.
670 2941 773 2992 Malim:
787 2944 872 2992 omnia
882 2942 948 2993 dona
958 2945 984 2991 in
995 2944 1085 2993 dotem.

135 3014 173 3074 Cf.
188 3013 219 3061 L.
234 3025 255 3064 a.
276 3016 299 3074 ξ.
314 3027 334 3064 1.
361 3014 393 3062 D.
412 3015 444 3062 de
457 3016 548 3063 minor.
564 3012 599 3078 (t,
614 3012 646 3077 a).
666 3013 698 3062 L.
714 3025 734 3063 1.
756 3013 820 3062 tusi
834 3013 891 3062 ado.
911 3014 963 3064 dot.
984 3012 1019 3078 (2,
1039 3012 1085 3077 at).

133 3082 165 3130 L.
179 3093 201 3131 a.
218 3081 243 3130 0.
259 3083 290 3131 de
305 3085 322 3131 i.
337 3084 389 3132 dot.
405 3081 436 3147 (5,
451 3087 495 3148 12).
554 3080 576 3147 ⁴)
594 3083 631 3146 Os.
650 3083 701 3133 Cic.
721 3082 780 3146 Tap.
796 3095 816 3142 t,
832 3094 865 3134 te.
927 3081 1086 3145 ⁵)Locunas

132 3167 221 3202 sensrrs
236 3158 261 3200 et
274 3153 353 3214 spatii
367 3155 532 3202 accuratiore
546 3153 634 3202 habita
648 3155 750 3203 ratione
764 3154 893 3216 supplevi,
908 3154 1006 3214 partim
1021 3155 1085 3201 atio·

132 3239 190 3271 rum
205 3236 266 3271 usus
280 3223 432 3272 commentis.
463 3223 500 3284 Cf.
515 3222 547 3270 L.
562 3234 596 3274 aa.
611 3225 633 3284 ξ.
650 3236 683 3274 19.
703 3223 735 3272 D.
750 3223 781 3272 dc
796 3225 855 3272 don.
871 3224 916 3270 iat.
932 3223 980 3269 uir.
995 3219 1039 3285 (24,
1055 3220 1085 3285 ι).

132 3293 164 3344 t.
181 3306 201 3343 1.
216 3294 238 3354 ξ.
255 3303 274 3344 5.
300 3292 331 3341 D.
348 3292 379 3341 de
394 3291 436 3340 tto.
452 3293 537 3341 credili.
554 3291 602 3359 (ts,
618 3292 663 3357 ao).
683 3292 714 3342 L.
729 3303 750 3343 t.
779 3293 804 3341 0.
824 3293 855 3340 de
875 3291 964 3353 repud.
985 3289 1019 3355 (o,
1040 3289 1084 3355 17).

134 3363 209 3412 Paul.
224 3361 250 3412 S.
267 3361 298 3414 R.
313 3373 333 3420 t,
348 3374 368 3414 6.
388 3364 411 3423 ἓ.
427 3372 459 3414 15.
533 3359 554 3427 ⁶)
573 3361 645 3422 Quod
663 3365 690 3411 in
709 3363 767 3411 dote
785 3377 836 3411 non
855 3362 996 3424 recepticio
1011 3362 1086 3409 etiem

133 3435 216 3482 soluto
235 3435 303 3481 inter
322 3434 443 3496 coniupes
461 3435 624 3482 matrimonio
645 3433 762 3494 futurum
780 3438 845 3480 erat.
924 3428 944 3496 7)
963 3431 1087 3481 Lucanas

133 3504 258 3565 supplevi.
286 3502 411 3552 Similiter
426 3502 539 3552 Momms.

824 3584 879 3638 48*
