2680 4112
223 213 284 278 174
321 267 322 270 ,
537 232 599 268 esu
615 233 719 270 ansrrr.
738 216 759 274 I.
779 221 870 271 7-13.

221 374 396 447 magistratus
417 373 512 447 popuii
532 374 654 431 Romani.
693 374 740 432 sed
756 375 950 450 amplissimum
972 376 1015 431 ius
1032 379 1116 434 estin
1133 377 1189 434 edi·

220 459 270 513 ctis
286 457 402 514 duorum
418 467 585 532 praetorum,
605 459 701 515 urbani
724 469 752 516 et
772 460 925 534 peregrini,
949 477 1064 534 quorum
1079 464 1107 518 in
1123 479 1188 536 pro·

219 543 314 598 uineiis
329 543 544 600 iurisdietionem
559 544 699 617 praesides
715 560 806 614 earum
823 543 938 614 habent3
954 545 1019 601 item
1035 547 1062 602 in
1078 541 1188 604 edicto¹

219 626 345 684 aedilium
361 627 506 699 curulium,
523 645 639 702 quorum
655 629 869 685 iurisdictionem
885 629 912 684 in
927 631 1078 702 prouinciis
1093 631 1189 704 popuii

219 711 329 767 Romani
345 720 506 785 quaestores
522 712 636 780 habent;
653 730 713 769 nam
729 714 757 768 in
772 714 926 788 prouincias
940 713 1061 770 Caesaris
1077 717 1188 771 omnino

219 805 380 870 quaestores
395 812 451 852 non
466 798 622 869 mittuntur,
638 806 665 852 et
681 798 716 852 oh
732 797 759 853 id
775 799 828 854 hoe
843 797 960 854 edietum
976 799 1004 853 in
1020 799 1061 856 his
1076 801 1189 872 prouin-

218 881 267 936 ciis
278 898 333 937 non
344 881 519 955 proponitur.
541 879 566 942 7.
580 881 721 956 Responsa
731 882 906 956 prudentium
919 891 984 938 suut
994 885 1148 940 sententiae
1160 893 1188 940 et

219 966 362 1039 opiniones
377 973 484 1038 eorum,
501 965 598 1039 quibus
613 968 774 1040 permissum
787 975 829 1022 est
844 969 903 1024 iura
916 967 1045 1026 condere.
1069 984 1187 1042 quorum

218 1051 338 1106 omnium
352 1051 375 1105 si
388 1052 415 1106 in
429 1067 512 1106 unum
521 1052 858 1122 senteutiaeconcurrunt‚
870 1051 909 1123 id,
922 1051 995 1124 quod
1007 1053 1044 1108 ita
1054 1054 1187 1116 sentiunt,

217 1135 287 1209 legis
302 1135 388 1191 uicem
404 1136 526 1208 optinet;
542 1136 565 1190 si
580 1151 648 1192 uero
665 1135 840 1209 dissentiunt,
855 1136 937 1192 iudici
947 1137 1011 1193 iicet
1023 1153 1103 1210 quam
1119 1136 1188 1192 uelit

216 1220 378 1276 sententiam
394 1221 487 1292 sequi;
504 1220 587 1294 idque
601 1222 736 1294 rescripto
751 1221 807 1276 diui
822 1219 949 1276 Hadriani
965 1219 1143 1294 significatur.

280 1302 311 1370 ΙΙ,
334 1314 368 1362 lte
388 1315 448 1364 iuris
467 1315 594 1368 diuisione.
633 1303 662 1364 8.
684 1305 767 1360 Omne
790 1299 895 1362 autem²
916 1307 972 1370 ins,
994 1323 1049 1380 quo
1071 1307 1252 1374 utimur,[1os1

178 1401 203 1448 3.
216 1388 260 1443 uei
277 1387 308 1442 ad
325 1405 454 1460 personas
469 1392 603 1462 pertinet,
625 1391 670 1446 uei
690 1390 696 1460 Ι
715 1389 747 1445 ad
768 1407 829 1463 res,
850 1389 895 1446 uel
917 1389 949 1446 ad
965 1392 1096 1447 actiones.
1130 1381 1186 1445 ’et³

215 1473 290 1544 prius
307 1472 446 1529 uideamus
462 1473 496 1529 de
511 1476 647 1548 personis.

279 1555 311 1614 ΙΙ.
340 1568 374 1616 ite
393 1569 534 1618 condicione
554 1569 683 1619 hominnm.
721 1555 749 1615 9.
772 1557 805 1614 Et
828 1557 937 1633 quidem
959 1575 1064 1615 summa
1086 1559 1185 1616 diuisio

215 1640 249 1695 de
264 1641 323 1697 iure
338 1659 518 1716 personarum
533 1645 600 1700 haec
615 1652 672 1716 est,
695 1643 768 1718 quod
785 1659 879 1699 omnes
901 1644 1024 1700 homines
1040 1653 1087 1700 aut
1107 1643 1186 1700 liberi

214 1732 281 1780 sunt
296 1733 343 1781 aut
364 1728 450 1784 serui.
486 1723 531 1787 10.
545 1728 650 1785 Rursus
672 1727 821 1784 liberorum
843 1729 983 1784 hominum
1006 1728 1050 1784 alii
1072 1729 1186 1802 ingenui

214 1817 294 1882 sunt,
317 1810 360 1866 alii
383 1811 513 1868 libertini.
556 1809 596 1876 11,
620 1813 735 1888 ingenui
750 1820 832 1883 sunt,
856 1814 902 1886 qui
924 1812 1002 1868 liberi
1025 1815 1082 1869 nati
1104 1821 1184 1880 suut3

213 1893 348 1966 libertini,
371 1898 418 1970 qui
433 1913 465 1952 er
484 1899 556 1954 iusta
572 1899 703 1954 servitute
723 1899 880 1952 manumissi
902 1904 976 1953 sunt.
1022 1893 1066 1956 12.
1080 1897 1184 1954 Rursus

213 1977 401 2037 libertinorum
419 1975 491 2058 (triu
507 1989 576 2039 sunt
589 1998 713 2056 ponera:
736 1999 803 2038 uam
819 1988 870 2039 aut
886 1986 966 2039 ciues
980 1982 1117 2054 Romani,
1133 1987 1185 2038 cut

213 2064 312 2121 Latini
333 2072 384 2122 aut
406 2059 618 2147 dediticiorum)
641 2083 754 2123 numero
777 2075 850 2122 sunt.
888 2067 921 2122 de
947 2064 1045 2140 quibus
1067 2065 1184 2140 singulis

214 2148 404 2224 dispiciamus3
425 2169 457 2206 ac
478 2154 552 2224 prius
573 2155 608 2208 de
631 2151 777 2208 dediticiis.

276 2234 331 2291 1111.
367 2247 402 2295 ue
427 2246 548 2296 dediticiis
572 2247 610 2294 uu
634 2247 686 2308 rege
708 2246 774 2295 netu
799 2247 888 2296 senua.
926 2232 969 2294 18.
991 2233 1065 2308 Lege
1091 2236 1184 2308 itaque

213 2317 287 2372 Aelia
303 2318 396 2375 Sentia
412 2328 534 2390 cauetur,
557 2330 587 2376 ut
610 2322 656 2392 qui
678 2323 752 2376 serui
774 2337 789 2376 a
812 2321 928 2377 dominis
950 2335 1055 2394 poenae
1073 2321 1183 2375 nomine

214 2402 297 2458 uincti
319 2407 388 2468 sint,
409 2403 541 2475 quibusve
563 2405 691 2478 stigmata
707 2405 837 2479 inscripta
852 2409 924 2477 sint,
946 2405 1015 2461 deus
1031 2402 1131 2476 quibus
1148 2403 1183 2459 oh
1231 2450 1234 2454 .

212 2538 351 2597 excidisse,
371 2539 442 2602 quod
454 2537 485 2587 ob
499 2540 610 2601 repetita
623 2545 755 2601 postrema
774 2538 852 2590 acrba
868 2540 952 2602 facilc
967 2539 1029 2602 fieri
1043 2538 1140 2601 potuit,
1158 2543 1184 2585 et

211 2623 320 2671 sequens
334 2610 428 2671 prodit
446 2616 538 2672 antem,
560 2612 733 2673 praemissam
751 2609 926 2672 definitionem
948 2611 1086 2660 similemue
1103 2622 1182 2674 penc-

212 2680 293 2727 raIem
311 2682 464 2729 senteutiam
483 2681 617 2740 iudicans,
641 2681 753 2744 siquod
771 2683 872 2745 alioqui
889 2682 946 2730 sola
964 2682 1051 2730 edicta
1068 2694 1116 2728 sua
1135 2678 1182 2726 de-

208 2750 328 2810 fiuitione
347 2758 477 2803 carerent.
510 2751 658 2816 Praecepta
678 2753 769 2815 accipe
783 2753 870 2802 eodem
886 2753 1008 2816 generali
1025 2766 1110 2810 seusu,
1130 2763 1181 2813 quo

211 2820 336 2869 dicuutur
354 2821 387 2874 L.
407 2834 439 2873 lo.
458 2824 480 2884 ἕ.
495 2835 514 2874 1.
546 2823 578 2874 D.
593 2824 625 2872 de
639 2825 719 2874 iustit.
738 2821 770 2889 (1,
786 2821 808 2887 1)
822 2822 855 2872 L.
871 2835 891 2872 1.
920 2823 951 2873 D.
965 2823 997 2871 de
1012 2821 1086 2886 leqib.
1101 2821 1133 2887 (1,
1148 2817 1181 2886 3).

214 2885 233 2952 1)
255 2890 369 2941 Correus·
387 2908 443 2942 cum
465 2893 570 2946 Goescd.
589 2895 628 2945 ed.
648 2907 666 2944 1.
700 2893 786 2942 edictis
803 2893 899 2944 deda.
930 2892 985 2942 Sed
998 2899 1092 2957 postea
1110 2899 1183 2941 recte

210 2967 308 3010 tautum
323 2963 427 3012 edietum
441 2967 596 3028 appellatur.
624 2965 767 3014 Librarius
776 2966 841 3013 male
856 2965 971 3014 imitatus
985 2970 1024 3013 esi
1038 2964 1109 3028 quod
1121 2969 1182 3012 aute

211 3034 311 3096 legerat
320 3034 351 3082 de
361 3035 454 3084 edictis
466 3037 576 3086 duarum
585 3043 745 3099 praecorum.
783 3030 806 3099 ²)
822 3034 880 3085 Nou
890 3042 989 3084 tanturn
999 3036 1075 3085 ciuile
1085 3034 1119 3097 cf.
1129 3036 1152 3096 ᾖ.
1162 3045 1182 3084 a.

212 3098 233 3167 ⁸)
253 3119 288 3152 esc
307 3107 338 3167 qi.
361 3103 404 3155 Π.
419 3107 571 3157 Mommseai
589 3107 632 3155 sed
653 3107 677 3157 0.
697 3107 754 3156 cdd.
773 3121 801 3154 ae
820 3104 884 3157 Just.
905 3107 940 3169 cf.
955 3107 977 3168 ᾖ.
994 3118 1027 3156 11.

281 3230 306 3303 §.
324 3239 346 3288 i.
365 3237 402 3301 Cf.
418 3240 441 3300 ξ.
455 3250 475 3290 8.
495 3237 516 3290 I.
531 3239 586 3290 eod.
601 3254 657 3288 cum
675 3237 784 3301 iiteopla.
799 3238 830 3288 L.
838 3250 857 3288 2.
872 3239 894 3300 §-
903 3249 938 3290 41.
958 3237 990 3288 D.
1005 3238 1037 3286 de
1047 3237 1115 3301 oriq.
1130 3237 1181 3286 iur.

210 3305 241 3371 (1,
257 3305 288 3374 a).
316 3306 405 3360 Senes.
420 3325 457 3373 ep.
472 3321 505 3361 94.
563 3312 606 3360 .8.
621 3331 654 3351 =
669 3309 700 3360 L.
715 3321 735 3360 1.
755 3309 993 3360 adaucturum.
1010 3307 1042 3374 (1,
1057 3305 1089 3373 o).
1109 3307 1131 3368 ἕ.
1146 3319 1179 3358 ts.

209 3377 277 3428 I.de
296 3381 354 3429 iure
373 3388 424 3432 nat.
440 3380 470 3447 (1,
486 3380 517 3448 a).
566 3383 609 3432 .9.
624 3402 657 3423 =
672 3379 703 3431 L.
725 3392 744 3431 a.
772 3380 804 3432 D.
822 3387 891 3430 siaiu
910 3379 974 3432 dom.
994 3376 1030 3445 (1,
1049 3377 1080 3443 5).
1099 3377 1179 3442 pul.

209 3448 240 3497 de
259 3451 309 3501 iur.
324 3466 397 3514 pers.
417 3452 452 3519 (1,
472 3451 503 3517 s).
558 3447 582 3520 ξ.
603 3453 643 3502 10.
664 3451 701 3516 Cf.
720 3454 743 3514 §-
761 3462 774 3504 tt
793 3452 838 3514 flu.
858 3450 879 3502 I.
901 3451 957 3500 eod.
980 3449 1023 3500 dir,
1043 3448 1144 3499 Dosiid.
1158 3460 1179 3498 1.

208 3514 232 3585 ξ.
251 3520 290 3570 11.
312 3521 349 3584 Of.
363 3522 394 3572 L.
409 3533 429 3574 s.
449 3525 472 3584 ξ.
486 3535 506 3574 1.
529 3522 560 3574 D.
575 3523 607 3572 de
620 3531 689 3574 statu
703 3523 767 3573 dom.
782 3520 813 3587 (1,
827 3519 859 3588 a).
897 3516 921 3589 ξ.
937 3523 977 3572 12.
995 3520 1032 3584 Of.
1051 3519 1105 3584 Uip.
1120 3531 1142 3578 1,
1157 3531 1177 3570 s.

209 3589 252 3640 Fr.
267 3589 366 3642 Dositi.
385 3593 425 3654 ἐξ.
443 3605 516 3658 aseq.
555 3590 578 3662 ξ.
595 3597 636 3646 13.
658 3595 696 3659 Cf.
714 3593 769 3657 [dp.
783 3605 804 3654 1,
818 3604 852 3644 11.
873 3593 950 3642 Paul.
964 3603 986 3651 a,
1001 3603 1034 3643 11.
1054 3593 1177 3653 §Rosea
