2678 4116
441 247 503 284 san
521 247 623 285 susara.
641 232 676 285 Π.
688 237 798 288 32-37.
1037 235 1099 300 229
1122 266 1128 276 ·

133 392 210 463 uelit,
231 387 403 466 pactionibus
420 398 448 445 et
464 388 685 464 stipulationibus
698 389 725 446 id
738 388 847 447 efficere
864 398 973 466 potest3
989 395 1052 467 quia
1064 409 1099 452 uc

131 480 190 552 ipsa
213 475 323 550 quidem
344 473 453 548 praedia
475 475 699 548 mancipationem
722 483 769 531 aut
787 469 845 552 (tn)
867 477 927 532 iure
947 479 1099 534 cessionem

132 561 288 635 'rccipiunt
311 554 358 616 32.
370 551 434 616 Set1
448 575 509 614 cum
523 558 697 615 ususfructus
713 569 741 616 ct
756 558 894 616 hominum
905 569 933 617 et
943 570 1098 619 ceterorum

133 645 287 704 animalium
299 645 430 700 constitrd
448 645 545 716 possit,
565 642 726 718 intellegere
738 642 879 717 dehemus,
897 643 995 703 horum
1007 661 1100 703 usum·

132 732 254 789 fructum
276 730 355 785 etiam
374 729 401 784 in
422 727 573 801 prouinciis
593 743 644 802 per
663 730 691 784 iu
713 729 773 784 iure
792 730 943 786 cessionem
968 733 1100 789 constitui

132 830 225 892 posse.
245 809 479 880 88.Quodtutem
495 812 619 884 diximus,
631 812 832 870 usumfructum
843 814 871 868 in
881 815 1100 872 iurecessionem

132 908 239 957 mnium
255 899 393 971 recipere,
415 911 471 952 non
490 906 533 953 est
555 906 657 953 temere
674 897 793 968 dictum,
814 899 937 971 quamuis
954 902 1035 956 etiam
1051 917 1101 974 per

132 983 358 1057 mancipationem
378 982 510 1038 constitui
529 983 618 1056 possit
639 995 688 1053 eo,
710 982 783 1056 quod
804 981 833 1037 in
848 983 1022 1057 mancipanda
1037 999 1100 1058 pro·

132 1070 250 1145 prietate
265 1066 371 1123 detrahi
386 1073 494 1140 potesta
511 1076 567 1123 non
582 1065 653 1123 enlm
664 1067 722 1140 ipse
735 1063 910 1124 ususfructus
920 1069 1101 1142 mancipatur,

132 1153 181 1210 sed
196 1168 258 1210 cum
272 1153 300 1208 in
316 1149 490 1224 mancipanda
506 1152 674 1226 proprietate
689 1151 850 1222 deducatur,
872 1166 906 1207 co
921 1149 967 1224 fit,
982 1160 1015 1208 ut
1029 1153 1104 1228 apud

132 1238 216 1296 alium
231 1235 422 1306 ususfructus,
437 1238 511 1309 apud
524 1236 605 1292 alium
620 1235 774 1310 proprietas
788 1229 851 1292 sit.²

197 1318 247 1379 84.
270 1320 412 1376 Hereditas
435 1335 545 1394 quoque
565 1322 593 1376 in
614 1321 672 1376 iure
693 1321 845 1376 cessionem
868 1323 973 1376 tantum
995 1321 1099 1395 recipit.

133 1403 183 1465 δῦ.
202 1405 268 1462 liam
289 1407 312 1460 si
333 1406 374 1476 is,
397 1403 431 1460 ad
453 1419 534 1476 quem
557 1403 590 1461 ah
612 1405 742 1460 intestato
765 1403 888 1479 legitimo
907 1406 967 1461 iure
982 1406 1102 1480 pertinet

134 1489 283 1561 hereditas,
302 1491 329 1546 in
349 1490 411 1545 iure
431 1503 489 1544 eam
505 1488 552 1546 alit
565 1498 628 1545 anic
644 1489 789 1545 aditionem
810 1490 896 1565 cedat,
920 1489 947 1545 id
969 1498 1012 1548 est
1026 1498 1101 1546 ante·

134 1589 215 1650 quam
232 1576 311 1632 heres
326 1574 459 1644 extiterit,
474 1574 590 1647 proinde
605 1572 636 1630 llt
649 1574 730 1631 heres
745 1575 779 1644 is,
800 1575 843 1630 cui
859 1576 886 1631 in
902 1577 961 1630 iurc
976 1576 1101 1646 cesserit,

133 1677 165 1717 ac
180 1661 204 1716 si
218 1661 278 1734 ipse
292 1675 342 1734 per
356 1658 446 1732 legem
461 1657 494 1713 ad
510 1659 688 1716 hereditatem
707 1666 823 1715 uocatus
844 1668 930 1715 esset:
952 1667 1016 1732 post
1030 1658 1101 1715 ohli-

132 1747 271 1820 gationem
285 1757 353 1800 uero
368 1744 392 1818 si
407 1745 531 1810 cesserit,
552 1743 728 1800 nihilominus
748 1743 809 1817 ipsc
827 1734 833 1820 Ι
852 1744 932 1800 heres
948 1752 1099 1816 permanet,
1113 1743 1155 1794 63.

135 1839 164 1887 et
186 1829 222 1886 oh
244 1827 271 1884 id
294 1826 476 1885 creditoribus
498 1827 651 1898 tenditur,
675 1827 764 1882 debita
780 1843 847 1883 uero
863 1836 990 1901 pereunt,
1012 1841 1101 1900 eoque

132 1915 216 1970 modo
232 1913 370 1970 debitores
386 1911 543 1969 hereditare·
556 1911 661 1968 lucrum
677 1911 793 1982 faciunt3
817 1927 932 1984 corpora
955 1925 1021 1966 uero
1043 1912 1102 1966 elus

132 1997 294 2056 hereditatis
314 1993 428 2071 perinde
447 1991 590 2052 transcunt
606 1996 638 2052 ad
654 2011 726 2064 euni,
747 1997 790 2051 cui
805 2011 880 2051 cessa
895 2003 938 2050 est
955 1993 1101 2064 hereditas,

59 2110 62 2116 ·
133 2084 203 2140 acsi
220 2081 369 2156 elsingula
383 2082 410 2136 in
425 2081 483 2136 iure
500 2097 575 2138 cessa
590 2079 717 2137 fuissent.
751 2074 799 2136 86.
823 2079 996 2135 Testamenta
1013 2086 1103 2134 autem

133 2169 254 2242 scriptus
269 2167 348 2223 heres
364 2171 426 2221 ante
442 2165 539 2221 aditam
553 2163 662 2240 quidem
677 2163 857 2220 hereditatem
869 2164 897 2218 iu
911 2164 971 2220 iure
981 2162 1103 2220 cedendo

134 2267 194 2308 eam
211 2249 258 2308 alii
271 2250 339 2307 nihii
354 2252 426 2326 agit3
441 2259 538 2325 postea
554 2265 621 2306 uero
633 2265 713 2326 quam
729 2247 826 2305 adierit
840 2250 864 2304 si
879 2248 972 2320 cedat,
988 2263 1021 2305 ea
1036 2249 1103 2304 scci-

66 2346 118 2398 tassl
134 2337 214 2408 dunt,
232 2351 301 2410 quae
316 2335 439 2410 proxime
454 2335 567 2390 diximus
583 2334 616 2390 de
632 2351 681 2406 eo,
700 2333 732 2389 ad
749 2349 829 2408 quem
845 2331 877 2389 ab
892 2333 1021 2390 intestato
1036 2332 1104 2404 legi·

133 2423 202 2479 timo
224 2421 284 2476 iure
306 2421 426 2494 pertinet
448 2420 602 2492 hereditas,
624 2421 647 2475 si
669 2427 733 2493 post
757 2416 949 2492 obligationem
965 2411 1024 2497 (ln)
1044 2419 1104 2473 iure

133 2503 222 2563 cedat.
254 2501 300 2563 st.
323 2503 396 2561 idem
414 2514 442 2560 et
465 2505 498 2561 de
521 2504 680 2560 necessariis
695 2501 840 2560 heredibus
855 2502 978 2559 diuersae
994 2502 1104 2560 scholae

133 2598 262 2646 auctores
279 2591 441 2662 existimant,
465 2588 539 2662 quod
553 2587 620 2644 nihii
635 2588 747 2644 uidetur
761 2589 910 2658 interesse,
929 2597 1020 2644 utrum
1035 2580 1103 2666 (all-

132 2667 213 2748 quisi
223 2673 347 2730 adeundo
360 2673 539 2731 hereditatem
550 2669 598 2729 fiat
609 2673 689 2729 heres
701 2689 734 2729 an
744 2673 849 2729 inuitus
864 2665 980 2728 'statlm³
995 2673 1103 2729 existat.

211 2823 232 2892 ¹)
246 2826 373 2889 recipiunt'
389 2833 414 2874 et
429 2826 455 2876 0.
475 2826 602 2888 recipiunt.
631 2825 662 2874 Et
676 2825 715 2874 ed.
730 2824 779 2890 Bp.
860 2819 881 2889 ²)
894 2822 1019 2890 Sequitur
1034 2824 1105 2872 lineo

131 2893 242 2965 vacuo„
303 2893 424 2962 ⁸)statem
439 2897 515 2946 dohet
531 2896 556 2945 0.
573 2898 655 2960 paulo
674 2903 733 2946 ante
748 2897 817 2945 inter
832 2895 920 2944 htatem
937 2902 962 2946 at
980 2896 1034 2958 ilet;
1053 2894 1104 2943 fruc

132 2970 294 3032 ιναπεροεαί.

207 3107 233 3179 fi.
250 3113 292 3162 ³3.
313 3111 351 3174 Cf.
367 3111 389 3172 ξ.
405 3121 439 3162 so.
464 3109 509 3161 Fr.
530 3109 588 3158 Vct.
603 3121 637 3161 st.
653 3119 686 3160 so.
711 3107 743 3156 L.
758 3119 792 3159 es.
816 3106 848 3156 D.
869 3107 901 3156 de
920 3107 1005 3170 usofr.
1026 3105 1057 3172 (a,
1072 3103 1105 3172 1.)

132 3177 160 3250 5.
176 3185 220 3233 34.
242 3181 280 3246 ίΥ.
301 3181 455 3245 Wp.1o‚11.
483 3179 557 3230 Serv.
576 3179 612 3228 ad
629 3179 695 3228 Aen.
715 3191 735 3237 s,
750 3190 798 3230 aer.
870 3174 896 3246 fi.
912 3178 955 3228 st.
973 3177 1018 3241 df.
1033 3189 1055 3242 s,
1069 3188 1104 3229 ss.

138 3251 196 3316 Ulp.
212 3264 246 3316 19,
261 3261 357 3304 12—14.
378 3252 409 3301 L.
426 3265 446 3302 1.
473 3251 498 3300 θ.
514 3251 546 3300 cle
560 3265 646 3301 revoc.
660 3251 701 3300 itis
715 3266 738 3316 q:
754 3251 781 3298 io
794 3249 887 3312 fraud.
902 3247 934 3314 (t,
949 3247 993 3310 te).
1012 3247 1103 3298 Senes.

132 3323 167 3373 de
182 3321 265 3388 benef.
281 3336 302 3386 6,
316 3333 337 3375 5.
357 3323 380 3385 §-
395 3335 414 3376 s.
431 3317 545 3390 cesserit]
559 3323 682 3386 siceipse
696 3321 784 3382 lieres,
798 3321 852 3370 sice
867 3321 903 3378 fs,
923 3321 998 3368 culus
1013 3319 1036 3367 is
1050 3319 1105 3366 iuri

129 3401 225 3458 postea
243 3393 375 3444 subiectus
392 3401 443 3453 est,
463 3395 531 3443 celui
549 3395 574 3443 sl
586 3408 635 3442 suc
653 3392 728 3442 lieres
743 3393 801 3456 filiu
815 3393 843 3440 fn
857 3405 958 3439 meacm
972 3389 1028 3437 eius
1042 3402 1105 3437 con·

134 3468 237 3515 venerit
251 3465 283 3530 (s,
297 3464 343 3532 st).
377 3465 457 3515 Varr.
472 3465 541 3514 der.
556 3479 580 3513 r.
595 3475 616 3525 s,
631 3475 664 3515 rt.
684 3465 707 3526 ὅ.
722 3475 743 3514 2.
760 3462 804 3512 ubi
819 3461 953 3527 lependum
968 3455 1058 3509 ‘cesse
1071 3459 1106 3507 mi

134 3533 302 3586 hereditate’.
376 3531 401 3605 ᾗ.
417 3537 459 3587 td.
477 3535 515 3598 Cf.
526 3547 547 3597 e,
562 3546 596 3587 se.
620 3533 676 3598 Uip.
691 3546 724 3597 ra,
740 3545 774 3586 rs.
789 3545 823 3585 14.
844 3531 913 3580 Ptin.
924 3546 963 3594 ep.
978 3541 1000 3594 s,
1014 3542 1035 3580 1.
1050 3531 1074 3593 §-
1084 3539 1105 3580 s.

135 3601 162 3674 ἕ.
178 3609 220 3659 at.
243 3608 282 3671 Cf.
297 3619 319 3671 t,
333 3617 367 3658 st.
383 3623 426 3656 suo
441 3603 509 3674 loco]
524 3607 546 3668 ξ.
562 3617 601 3658 rte
615 3621 667 3670 seq.
