2672 4112
442 257 478 290 os
495 255 606 291 usorsvs
625 255 703 290 mss
720 257 740 290 1.
1031 248 1071 306 25

104 385 173 458 petis
190 382 267 456 quod
279 383 451 455 quaerimus3
466 381 555 454 etqui
571 381 647 438 aliter
660 383 705 447 ius
719 380 796 438 ciuile
811 381 933 454 tradunt,
948 397 1004 438 nou
1019 391 1072 438 tam

105 469 225 523 iustitiae
242 483 323 538 quam
339 464 463 537 litigandi
477 464 589 520 tradunt
603 466 670 520 uias.

166 549 210 606 M.
227 549 289 605 lton
304 550 342 604 ita
363 555 416 618 est,
440 546 548 618 Quinte,
570 563 600 604 ao
615 550 708 621 potius
722 549 858 622 ignoratio
873 549 940 604 iuris
955 549 1073 622 litigiosa

104 642 148 690 est
173 649 256 707 quam
281 632 405 688 scientia·
435 631 483 686 sed
505 632 556 688 hoc
575 634 727 703 posterius:
754 647 826 688 nunc
849 634 916 688 iuris
942 634 1072 706 principia

104 717 255 774 uideamus.

166 801 256 873 Igitur
276 798 443 854 doctissimis
458 799 524 852 uiris
539 795 676 870 proficisci
691 798 790 872 placult
805 815 820 854 a
835 799 911 873 lege,
929 800 1001 855 haud
1016 801 1072 856 scio

103 901 138 939 au
154 891 241 953 recte,
257 885 281 938 si
296 882 390 952 modo,
408 889 437 936 ut
452 881 522 936 idem
538 879 686 953 deliniunt,
702 881 745 937 lex
761 889 803 938 est
818 885 886 938 ratio
903 899 1016 955 summa,
1032 885 1073 938 in·

103 969 155 1024 sita
170 969 199 1022 in
214 974 322 1037 natura,
343 965 499 1038 quaelubet
514 981 555 1035 ea,
577 981 645 1038 quae
660 965 782 1022 iacienda
797 973 872 1036 suut,
893 965 1073 1040 prohibetque

103 1052 257 1106 contraria:
273 1049 366 1105 eadem
383 1041 494 1122 (enim)¹
514 1049 583 1105 ratio
598 1065 659 1104 eum
675 1057 717 1106 est
731 1051 759 1104 in
773 1049 890 1104 hominis
906 1058 995 1105 mente
1009 1067 1073 1106 cou-

104 1131 210 1189 firmata
226 1142 254 1188 et
269 1132 399 1205 perlecta,
421 1131 464 1187 lex
479 1140 531 1188 est.
558 1127 603 1188 19.
618 1134 709 1206 itaque
724 1132 890 1187 arbitrantur
904 1131 1072 1205 prudentium

104 1233 165 1274 esse
182 1217 286 1288 legem,
310 1217 388 1270 cuius
404 1231 434 1271 ea
449 1217 492 1270 uis
507 1217 554 1287 sit,
570 1224 600 1270 ut
615 1223 688 1272 reete
703 1215 791 1272 iacere
812 1215 917 1285 iubeat,
940 1223 1014 1272 uetet
1028 1216 1074 1271 de-

104 1300 247 1373 linquere;
274 1315 385 1372 eamque
411 1315 468 1354 rem
494 1299 533 1354 illi
562 1298 663 1354 Graeco
689 1306 786 1372 putant
805 1301 913 1354 nomine
935 1295 974 1374 (a)
995 1315 1073 1354 suum

105 1387 211 1456 cuique
234 1382 375 1438 tribuendo
399 1382 567 1456 appellatam,
591 1399 643 1456 ego
663 1391 759 1438 nostro
780 1382 939 1456 alegeudo:
965 1399 1027 1438 nam
1043 1391 1073 1438 ut

19 1535 20 1538 Ἴ
104 1467 152 1522 illi
175 1467 331 1539 aequitatis,
350 1468 388 1523 sic
408 1482 458 1521 uos
479 1465 601 1522 delectus
616 1466 670 1522 uim
685 1468 712 1521 in
727 1465 788 1540 lege
802 1469 943 1539 ponimus,
966 1475 993 1522 et
1008 1481 1072 1540 pro·

103 1551 199 1623 prium
217 1557 304 1604 umen
319 1557 462 1622 utrumque
478 1549 546 1622 legis
561 1557 612 1611 est.
642 1549 716 1622 quod
731 1551 753 1604 sl
768 1552 805 1605 ita
819 1557 894 1605 recte
909 1549 1021 1618 dicitur,
1042 1558 1073 1605 ut

103 1633 173 1688 mihi
190 1633 300 1705 quidem
315 1633 475 1706 plerumque
490 1633 575 1688 uideri
593 1632 673 1704 solet,
690 1633 780 1707 alege
791 1631 943 1690 ducendum
955 1641 996 1688 est
1007 1635 1073 1688 iuris

104 1715 265 1784 exordium
289 1733 320 1772 ea
335 1724 377 1772 est
392 1718 463 1773 euim
478 1725 590 1772 naturae
606 1717 659 1787 uis,
682 1733 712 1772 ea
728 1733 802 1772 mens
818 1717 941 1790 ratioque
956 1716 1073 1791 pruden-

104 1802 161 1870 tis,
183 1815 214 1856 ea
235 1801 302 1856 iuris
325 1808 405 1872 atque
425 1800 538 1856 iniuriae
555 1801 656 1873 regula.
687 1799 734 1856 sed
756 1801 881 1873 quoniam
902 1801 929 1856 in
949 1800 1074 1873 populari

103 1885 213 1940 ratione
243 1885 332 1938 omnis
360 1891 454 1938 nostra
476 1891 602 1938 uersatur
622 1886 726 1954 oratio,
748 1884 918 1956 populariter
937 1883 1073 1938 interdurn

19 1989 20 2040 3
103 1967 187 2040 loqui
200 1983 314 2022 neeesse
330 1967 384 2022 erit
399 1975 426 2022 et
441 1967 576 2040 appellare
588 1983 646 2022 eam
661 1967 767 2040 legem,
791 1981 860 2038 quae
875 1967 974 2038 scripta
989 1965 1075 2020 sancit
1150 1995 1152 2000 ·

19 2069 20 2136 p
105 2049 186 2124 quod
206 2051 267 2106 uult
289 2058 337 2104 aut
351 2049 467 2105 iubendo
485 2049 546 2124 (aut
559 2046 757 2122 prohibendo),
780 2057 811 2104 ut
830 2048 930 2121 uulgus
945 2047 1073 2122 appellat;

105 2134 294 2190 constituendi
308 2149 376 2188 uero
391 2134 458 2188 iuris
473 2133 505 2190 ab
519 2133 566 2189 llla
581 2148 684 2188 summa
698 2132 760 2205 lege
775 2133 908 2204 capiamus
925 2133 1074 2201 exordium,

19 2229 20 2298 j
105 2233 184 2291 quae
204 2217 298 2272 saeclis
319 2215 444 2272 omuibus
463 2225 525 2272 aute
545 2225 607 2272 nata
627 2223 670 2272 eet
688 2233 766 2290 quam
788 2217 886 2288 scripta
900 2213 944 2270 lex
959 2214 1013 2270 ulla
1030 2221 1076 2270 aut

19 2301 20 2316 ¹
108 2317 196 2374 quam
212 2302 321 2356 omnino
337 2301 432 2356 ciuitas
447 2301 605 2356 constituta.

19 2439 20 2456 ,
178 2381 234 2455 20,
250 2383 284 2450 Q.
307 2383 480 2440 Commodius
496 2399 562 2440 uero
578 2383 653 2452 etad
668 2385 800 2440 rationem
813 2383 931 2438 instituti
942 2382 1074 2438 sermonis

19 2487 21 2506 t
106 2469 271 2541 sapientius.
854 2515 858 2540 ,

179 2550 219 2606 M.
241 2551 322 2606 Visne
338 2565 405 2624 ergo
421 2552 507 2624 ipsius
523 2552 588 2606 iuris
604 2558 694 2606 ortum
710 2566 723 2604 a
739 2550 814 2606 lente
828 2549 999 2622 repetamus?
1021 2563 1075 2622 quo

103 2637 225 2690 inuento
240 2651 295 2690 non
310 2635 362 2690 erit
377 2633 500 2706 dubium,
515 2651 576 2707 „quo
592 2635 646 2689 sint
661 2635 727 2690 haec
740 2633 890 2704 soleremus,
911 2647 980 2706 quae
996 2645 1076 2705 quae·

101 2720 206 2774 rimus.

175 2797 210 2869 Q.
234 2799 292 2874 Ego
307 2815 374 2856 uero
389 2802 426 2857 lta
442 2817 501 2856 esse
516 2799 669 2856 iaciendum
682 2814 790 2856 censeo.

174 2889 210 2940 Α.
234 2885 275 2940 lle
290 2901 401 2958 quoque
416 2877 538 2940 adscribe
554 2884 645 2939 iratris
660 2885 818 2939 sententiae.

175 2969 218 3025 M.
242 2967 372 3035 Quoniam
386 2970 471 3040 igitur
486 2970 543 3024 eius
559 2961 747 3040 reipublicae,
769 2981 848 3039 quam
864 2973 999 3039 optumam
1016 2979 1076 3020 esse

99 3053 206 3110 docuit
219 3053 249 3107 lu
262 3052 316 3108 illis
331 3067 378 3107 sex
390 3051 466 3107 libris
477 3051 583 3125 Scipio,
598 3047 734 3106 tenendus
749 3057 791 3105 est
802 3049 879 3106 nobis
890 3057 918 3104 et
928 3048 1077 3106 seruandus

99 3145 199 3193 status
216 3151 366 3208 omnesque
381 3135 455 3208 leges
471 3133 716 3192 adcommodandae
727 3133 759 3188 ad
771 3132 837 3188 illud
849 3133 967 3189 ciuitatis
979 3147 1076 3206 genus,

19 3259 20 3280 2
100 3219 221 3276 serendi
250 3220 329 3283 etiam
350 3235 440 3276 mores
463 3235 513 3276 neo
535 3220 642 3292 scriptis
664 3219 751 3273 omnia
773 3217 930 3288 sancienda,
958 3223 1077 3290 repetam

19 3311 21 3366 Ξ
101 3306 227 3376 stirpem
247 3303 315 3358 iuris
337 3317 351 3358 a
373 3311 479 3372 natura,
502 3319 554 3376 qua
576 3302 644 3358 duce
665 3301 742 3358 nobis
765 3301 852 3357 omuls
874 3307 916 3356 est
930 3299 1077 3372 disputatio

19 3375 21 3420 ἶ
102 3385 277 3460 explicanda.

187 3565 207 3632 1)
228 3567 293 3615 enim
311 3567 411 3616 addidi.
