2694 4110
267 142 326 209 782
522 157 620 195 ranem.
640 157 692 196 sva.
711 158 774 195 sou.
794 158 879 196 varic.
899 147 958 196 ede.

266 293 334 350 dicta
355 291 397 347 len
412 282 476 360 est,¹
500 291 527 344 in
550 281 667 362 qulbus²
688 305 821 344 summum
844 281 906 344 ins³
928 297 956 345 et
977 289 1102 346 uoluntas
1123 285 1226 346 ’omni‘

266 376 351 432 libera
370 373 541 430 solemnitate
563 388 637 428 inore
659 371 777 446 perlecta
798 366 896 429 ortus⁵
917 389 981 428 suos
1003 376 1139 446 praesenti
1162 390 1223 429 mu·

266 475 330 515 nere
346 456 500 530 opulentat.
537 455 706 529 Tempestiua
722 455 819 512 debinc
834 457 1013 512 communium
1030 452 1224 513 donationum⁰
1246 503 1249 510 ,

266 557 330 600 cura
353 542 493 599 successit.
536 539 675 594 Absolutis
690 539 761 594 enirn
781 539 851 610 illis,
874 555 942 613 quae
963 541 1024 596 ideo
1044 542 1226 614 primosum,

266 626 392 700 qnoniam
408 631 473 679 sunt
487 623 618 695 religione
634 623 753 695 potiora,
778 623 942 679 circumacto
959 625 1047 679 animo
1063 623 1095 681 ad
1110 626 1225 680 uniuer-

266 726 325 766 sum
347 708 522 764 donationum
546 721 646 779 genus,
670 705 858 779 conspeximus
875 722 968 762 omnes
990 723 1082 764 earam
1102 701 1225 781 species⁷

266 794 352 867 signis
367 807 397 848 aa
412 789 563 848 nominibus
578 789 769 862 inprimendas‚
793 798 823 845 ut
840 791 867 846 in
883 791 1020 846 bominum
1036 790 1224 848 contractibus

266 875 442 934 edllereutiam
465 876 506 930 sui
529 874 757 946 nuncupationum
781 873 946 947 proprietate
968 883 1119 931 secernant.
1161 868 1221 952 (2.)

266 959 359 1034 ltaque
374 961 432 1014 siue
448 957 494 1015 iila
509 957 620 1013 donatio
634 955 734 1012 directa
749 958 794 1027 sit,
810 959 867 1012 siue
884 959 978 1014 mortis
990 974 1071 1014 causa
1085 959 1221 1030 instituta,

265 1045 324 1100 siue
340 1039 540 1099 condicionlbns
556 1040 671 1097 iaciendi
694 1055 748 1097 non
771 1040 919 1098 laciendiue
940 1057 1087 1115 suspensa,
1110 1043 1169 1099 siue
1187 1059 1223 1098 ex

267 1126 356 1201 aliquo
372 1133 466 1182 notato
483 1133 605 1197 tempore
621 1126 768 1197 promissa,
792 1126 849 1180 siue
865 1141 897 1179 ex
913 1127 999 1181 animo
1016 1122 1136 1187 dantium
1151 1127 1223 1184 acci-

265 1211 432 1284 pientiumue
447 1209 598 1277 sententiis,
614 1215 744 1281 quantum
755 1209 797 1263 ius
814 1209 887 1279 sinit,
909 1203 1058 1282 ’coqnito;⁸
1081 1211 1139 1265 elus
1154 1210 1224 1266 haec

266 1295 351 1368 prima
367 1291 521 1348 obseruatio
537 1285 603 1361 est,⁹
626 1299 672 1363 ut,
696 1307 763 1364 quas
778 1292 853 1365 leges
870 1291 1024 1366 indulgent,
1046 1293 1220 1350 condiciones
1234 1304 1296 1353 [333]

263 1376 461 1449 pactionesque
476 1382 647 1448 promantur3
667 1376 763 1448 hisque
779 1377 886 1448 penitus
899 1378 1015 1450 cognitis
1031 1377 1075 1432 uel
1090 1379 1222 1452 recipian-

267 1469 322 1530 tur,
337 1461 360 1514 si
375 1457 550 1532 conplacitae‚
566 1461 612 1516 uei
627 1459 786 1530 reiciantur,
801 1461 824 1514 si
839 1468 903 1516 sunt
918 1459 1057 1516 molestae.
1084 1459 1137 1517 Sed
1151 1459 1221 1518 ’iure

266 1535 420 1615 receptis¹⁰
441 1541 589 1615 parendum
611 1544 677 1614 erit,
701 1558 750 1598 nee
772 1543 951 1616 denegabitur
973 1537 1129 1614 oldcium‚¹¹
1153 1547 1220 1617 quin

266 1627 346 1683 simul
361 1642 423 1700 spes
439 1625 571 1683 abiciatur
585 1625 764 1699 adipiscendi.
804 1621 852 1700 (3.)
876 1621 1030 1682 ’luretiri¹²
1047 1644 1111 1684 sane
1126 1629 1221 1683 eondi-

266 1709 388 1768 cionibus
410 1709 563 1767 indefensos
585 1711 719 1781 minores,
746 1710 870 1784 'quando
892 1719 1030 1783 praestare
1039 1703 1064 1746 ¹³
1086 1712 1222 1785 promissa

265 1791 373 1851 dillicile
388 1802 439 1866 est,
451 1809 506 1850 non
520 1786 683 1866 'placuit;¹⁴
701 1809 815 1867 qnorum
828 1801 916 1850 tamen
927 1793 1093 1864 defensores,
1107 1797 1130 1850 si
1146 1793 1221 1852 lorte

265 1894 314 1952 per
336 1893 383 1934 eos
406 1878 434 1934 in
457 1875 586 1933 obeundis
614 1876 788 1933 donationum
811 1877 925 1950 ciliciis,
953 1893 1013 1934 aum
1037 1895 1080 1934 res
1102 1880 1154 1935 erit
1175 1895 1220 1934 re-

266 1972 353 2036 cepta,
376 1961 496 2034 neplecta
511 1961 612 2017 utilitas
633 1962 745 2016 minoris
768 1953 905 2039 ’(fuerit),
927 1956 1038 2034 quare1⁵
1059 1961 1220 2018 ’commodis

339 2091 358 2160 1)
373 2094 404 2144 L.
415 2107 435 2145 4.
456 2093 498 2142 le.
512 2093 537 2143 0.
548 2094 579 2144 de
594 2094 680 2144 donat.
696 2093 728 2160 (8,
739 2093 776 2159 13)
789 2109 813 2144 a.
824 2105 871 2156 313,
886 2101 914 2144 ut
928 2110 984 2144 oum
993 2094 1091 2146 Bucltlt.
1106 2097 1221 2160 aliisque

264 2173 357 2216 statuo.
410 2162 431 2230 ²)
447 2167 463 2214 i.
479 2180 501 2214 e.
517 2167 584 2213 inter
599 2179 670 2228 quas.
722 2161 742 2227 8)
757 2165 782 2212 d.
797 2181 819 2214 e.
834 2166 994 2214 necessitudo
1009 2167 1077 2214 inter
1092 2175 1221 2228 parentes

266 2243 290 2285 et
304 2236 406 2286 liberos.
458 2232 479 2299 ⁴)
495 2235 582 2284 omnib.
603 2235 633 2284 V.
644 2235 701 2284 edd.
754 2233 775 2300 ⁶)
790 2237 807 2284 i.
818 2250 839 2284 e.
851 2237 895 2298 qni
909 2251 943 2284 eac
957 2235 1031 2284 nobis
1044 2243 1069 2284 et
1082 2251 1116 2284 ece
1125 2236 1232 2300 quidus·

266 2322 313 2357 noo
326 2307 379 2356 orti
392 2319 492 2361 sumum
507 2307 573 2354 ocius
588 2321 622 2354 esc
636 2307 669 2368 qi.
684 2304 766 2354 Blum.
781 2306 820 2354 ed.
837 2305 949 2354 Maenius.
1001 2303 1021 2370 θ)
1037 2307 1054 2354 i.
1069 2321 1090 2356 e.
1105 2322 1156 2356 non
1171 2323 1219 2356 ex-

266 2383 397 2439 copiarum
412 2389 597 2438 personarum,
616 2377 676 2424 iicet
695 2377 835 2438 imperator
852 2376 920 2424 dano
939 2378 1016 2440 iepem
1030 2383 1123 2439 postea
1137 2375 1180 2442 (L.
1195 2389 1218 2429 5.

267 2445 311 2495 ΤΙι.
328 2445 353 2494 0.
369 2445 425 2494 eod.
441 2460 465 2493 a.
479 2443 538 2509 333.)
553 2445 588 2493 ad
605 2459 690 2493 oannes
709 2445 861 2496 donationes
877 2448 1011 2508 pertinere
1030 2449 1220 2510 interpretatus

261 2517 303 2566 sit.
356 2511 376 2580 Ι)
396 2513 464 2574 Quae
478 2521 620 2577 sequnntur
633 2529 709 2578 sepnt.
725 2514 771 2581 (s);
787 2517 821 2578 ef.
836 2516 867 2564 L.
883 2528 903 2565 1.
927 2515 959 2564 D.
975 2517 1006 2565 de
1021 2517 1107 2566 donat.
1124 2517 1168 2583 (33,
1184 2517 1217 2584 5).

263 2584 285 2652 8)
299 2584 395 2650 capuita
419 2583 477 2632 Vnt.
500 2585 539 2632 ed.
559 2598 612 2633 mea
627 2586 712 2647 prior.
733 2588 902 2646 cognoneinata
922 2601 955 2634 en
978 2586 1022 2637 Ta.
1041 2593 1066 2636 et
1085 2585 1105 2635 Ι.
1127 2587 1152 2636 C.
1175 2589 1216 2636 ed.

262 2655 391 2710 Momns.,·
410 2661 437 2703 at
452 2655 545 2716 cognito
560 2661 609 2712 est,
628 2654 782 2720 odatenpus
795 2671 846 2706 nan
861 2659 949 2718 palam
963 2659 1136 2720 promissione
1154 2673 1217 2708 con-

261 2728 371 2783 tinetur,
386 2725 433 2774 sed
446 2739 480 2774 en
493 2732 573 2774 mente
587 2725 702 2774 dantium
716 2729 756 2776 cel
770 2728 951 2790 accipientium
970 2729 1142 2792 capnoseitur.

261 2793 283 2861 ⁰)
298 2803 349 2845 esto
364 2797 397 2859 qi.
407 2795 501 2846 Hcllw.
555 2792 587 2861 l⁰)
602 2795 648 2846 Sic
662 2799 720 2846 item
731 2796 843 2846 Memno.
858 2812 892 2846 eac
903 2796 1023 2860 Rudorlii
1038 2800 1070 2860 ej.
1082 2799 1217 2864 Intellipe:

260 2867 297 2916 ad
310 2867 462 2929 implendum
478 2865 710 2932 (condicionibus),·
729 2868 777 2916 iuri
795 2867 1058 2918 repraesentantia.
1126 2865 1158 2933 ¹¹)
1174 2870 1216 2918 Aa

260 2952 298 2995 eo,
313 2938 357 2986 cui
370 2937 549 2987 donatumeat.
603 2933 849 3002 ¹⁹)inceta1·i*V“¹.
870 2938 895 2986 ln
909 2939 997 2988 ceteris
1007 2939 1063 2988 edd.
1088 2939 1125 3002 Cf.
1136 2939 1215 2990 Lae.

264 3006 308 3056 Ta.
326 3006 352 3056 a.
367 3007 399 3056 de
413 3007 510 3057 caleant.
526 3007 557 3073 (3,
567 3005 591 3072 4)
608 3004 794 3058 ‘conditionum
808 3009 907 3072 laqueis
922 3005 1060 3059 inretitos’.
1084 3009 1214 3058 Jornand.

260 3079 292 3128 de
311 3077 363 3126 reb.
386 3077 456 3127 Getd.
476 3089 509 3129 33.
539 3075 718 3126 ‘Amatoricus
736 3079 763 3126 in
783 3079 840 3141 ipsa
859 3079 1033 3130 adolescentia
1053 3079 1216 3129 Francorum

257 3148 400 3213 frondibus
418 3144 556 3204 irretitas’.
585 3147 713 3199 Accedere
732 3149 771 3197 ed.
792 3149 904 3199 Moinms.
980 3147 1012 3215 ¹³)
1028 3151 1140 3215 qnpstare
1164 3150 1214 3202 Vl.

260 3220 372 3354 qqchqam
386 3225 508 3282 praestare
522 3217 561 3338 qq
577 3217 690 3267 Monens.
706 3217 863 3354 ¹pimplprior
880 3222 948 3354 qipla
963 3229 1087 3288 corrupta
1103 3221 1213 3269 uidetur.

336 3291 439 3344 estituia
453 3291 512 3338 item
556 3303 639 3338 omens.
782 3297 815 3338 at.
831 3292 866 3352 q‘r'
893 3313 926 3333 τε
941 3305 1039 3354 quarum
1071 3307 1101 3341 ra
1116 3292 1151 3354 qi.
1168 3312 1202 3332 =

260 3375 332 3422 quare
343 3359 419 3409 dodet
429 3365 490 3422 post
499 3359 598 3408 officiis:
608 3361 708 3408 seilicet
717 3358 794 3408 cerda
805 3361 875 3410 luerit
885 3375 957 3424 quere
968 3308 1108 3425 aliqualitda
1119 3295 1215 3411 omissi

260 3437 285 3478 et
299 3431 335 3479 ad
348 3431 487 3494 mai-pinem
501 3431 600 3492 scripta
615 3431 677 3478 iiiuc
691 3429 890 3490 aberraverunt,
910 3431 953 3480 ndi
972 3433 1053 3488 luerit,
1073 3431 1110 3480 idi
1123 3432 1214 3481 incon·

261 3500 378 3555 veniens,
400 3499 524 3548 abiectam
545 3507 590 3549 est.
624 3500 712 3549 ciliciis
734 3501 839 3563 neglecta
865 3498 975 3570 [fuerit]
995 3503 1084 3552 utililas
1104 3496 1215 3560 minoris,
