2678 4116
245 195 310 258 272
525 215 582 252 om
600 216 694 252 resur.
714 196 748 250 ΙΙ.
768 203 917 251 nai-nec.

246 343 308 404 221.
322 346 376 402 Sed
393 347 523 402 diuersae
534 345 650 402 sebolae
662 353 785 401 auctores
797 352 903 418 putant,
916 345 994 400 etiam
1007 353 1134 402 extraneo
1147 364 1197 420 per

247 431 463 504 praeceptionem
474 429 558 502 legari
572 443 653 502 posse
663 427 787 502 proinde,
803 430 866 484 acsi
879 429 916 484 ita
930 430 1076 485 scribatur:
1092 446 1197 490 rrrtvs

246 529 388 571 nonrnnn
404 527 542 571 screnum
557 527 681 584 onrrro,
693 527 861 586 superuacuo
876 511 978 568 adiecta
988 529 1069 570 enne
1081 513 1196 586 syllaba3

246 597 364 672 ideoque
379 613 428 671 per
443 595 649 652 uindicationem
665 611 721 652 eam
733 611 793 651 rem
808 595 922 669 legatam
935 595 1035 652 uideri:
1052 613 1119 670 quae
1134 615 1195 654 sen·

249 683 332 738 tentia
356 681 455 738 dieitur
481 680 535 736 dini
562 679 687 736 Hadriani
717 681 913 736 constitutione
945 679 1099 736 conlirmata
1128 697 1195 738 esse.

247 761 314 822 222.
338 764 490 821 Secundum
507 765 574 822 hano
589 766 673 836 igitur
694 765 847 836 opinionem
869 765 890 818 si
907 779 937 818 ea
952 779 996 818 res
1012 780 1045 819 ex
1059 766 1118 821 iure
1134 763 1196 832 uui-

248 851 340 904 ritium
362 847 482 904 defuncti
505 847 602 921 inerit,
623 854 750 921 potesta
771 847 902 920 legatario
924 846 1067 918 uindicari,
1094 850 1152 904 siue
1173 852 1196 905 is

248 947 364 992 unosex
381 930 526 987 heredibus
541 933 586 1000 sit,
602 933 662 986 siue
677 937 832 999 extraneus3
855 937 898 987 set
912 931 935 986 si
950 932 977 986 in
999 931 1075 987 bonis
1091 939 1196 989 tantum

247 1018 387 1072 testatoris
403 1015 500 1084 luerit,
521 1023 648 1070 extraneo
669 1014 776 1086 quidem
798 1031 830 1070 ex
852 1021 961 1070 senatus
983 1015 1107 1072 consulto
1130 1017 1196 1072 utile

247 1102 298 1156 erit
313 1101 449 1172 legatum,
465 1097 557 1154 benedi
572 1113 638 1154 uero
654 1098 768 1153 iamiliae
783 1097 975 1155 herciscundae
995 1099 1089 1156 iudicis
1105 1098 1196 1156 officio

246 1182 439 1258 praestabitur;
461 1181 556 1254 quodsi
578 1181 653 1237 nullo
672 1183 731 1238 iure
752 1181 833 1238 luerit
852 1182 1008 1254 testatoris,
1030 1191 1082 1238 tam
1103 1183 1196 1240 lteredi

248 1283 326 1340 quam
348 1275 475 1322 extraneo
498 1281 530 1320 er
554 1273 664 1321 senatus
691 1265 817 1322 consulto
841 1266 907 1322 utile
933 1267 992 1321 erit.
1041 1261 1108 1323 223.
1132 1266 1196 1324 Siue

147 1379 150 1384 ν
248 1359 338 1406 tamen
354 1348 513 1423 heredibus,
529 1349 676 1405 secundum
691 1358 848 1406 nostrorum
864 1351 1028 1424 opinionem,
1043 1351 1101 1406 siue
1116 1352 1196 1408 eiiam

248 1434 397 1504 extraneis,
422 1433 567 1488 secundum
589 1433 696 1488 illorum
718 1435 888 1506 opinionem,
913 1433 1019 1489 duobus
1039 1433 1197 1508 pluribusne

247 1517 339 1572 eadem
355 1533 398 1572 res
414 1517 575 1572 coniunctim
597 1525 642 1570 aut
661 1516 815 1574 disiunctim
837 1518 926 1592 legata
947 1517 1044 1590 inerit,
1067 1519 1168 1592 singuli
1191 1511 1195 1596 Ι

178 1607 238 1655 112.
248 1610 336 1675 partes
353 1601 450 1656 babere
465 1599 572 1656 debent.

311 1689 345 1740 it
365 1689 440 1752 legem
455 1688 594 1739 Falcidiam.
631 1680 700 1740 224.
724 1683 776 1740 Sed
792 1683 857 1740 olim
873 1685 981 1758 quidem
996 1685 1093 1742 licebat
1110 1694 1195 1742 totum
1235 1683 1239 1692 '

248 1769 438 1842 patrimonium
454 1769 551 1842 legatis
567 1777 647 1842 atque
663 1767 830 1824 libertatibus
845 1783 976 1842 erogare,
991 1771 1196 1843 necquicquam

248 1851 341 1908 heredi
355 1853 509 1926 relinquere
524 1861 710 1925 praeterquam
725 1853 803 1907 inane
815 1869 913 1908 nomen
925 1853 1045 1916 heredis;
1062 1855 1143 1927 idque
1153 1854 1196 1909 lex

248 1951 294 1992 xri
315 1930 463 1992 tabularum
484 1937 641 2010 permittere
662 1935 815 2002 uidebatur,
844 1951 895 2009 qua
915 1945 1040 2010 cauetur,
1067 1946 1097 1992 ut
1123 1937 1195 2010 quod

248 2021 363 2094 quisque
378 2021 411 2076 de
426 2037 456 2077 re
470 2037 519 2076 sua
535 2028 650 2076 testatus
666 2027 747 2090 esset,
763 2019 789 2075 id
805 2028 891 2076 ratum
907 2020 1062 2092 haberetur,
1077 2022 1119 2077 his
1136 2038 1196 2077 uer·

246 2104 301 2159 bis:
324 2103 376 2160 ‘uti
391 2105 503 2178 legassit
517 2121 582 2162 suae
598 2108 652 2175 rei,
674 2105 710 2159 ita
733 2105 774 2158 ius
796 2102 888 2160 esto:'
904 2097 1018 2176 ’quare¹
1040 2107 1085 2178 qui
1101 2107 1196 2177 scripti

247 2187 360 2244 heredes
375 2198 461 2256 erant,
478 2187 510 2244 ab
526 2187 675 2243 hereditate
687 2204 715 2243 se
727 2185 902 2260 abstinebant,
918 2196 946 2244 et
962 2188 1061 2244 ideireo
1072 2189 1195 2263 plerique

246 2272 366 2327 intestati
382 2271 573 2327 moriebantur.
616 2267 683 2329 225.
706 2270 798 2344 ltaque
819 2270 869 2326 lata
890 2279 932 2326 est
950 2271 992 2327 let
1014 2271 1110 2348 Furia,
1134 2290 1196 2346 qua,

246 2357 366 2427 exceptis
386 2357 511 2428 personis
526 2353 700 2428 quibusdam,
721 2357 818 2412 ceteris
833 2354 894 2428 plus
915 2355 977 2412 mile
996 2355 1100 2412 assibus
1122 2357 1268 2435 lega-[195]

247 2444 337 2493 torum
353 2439 460 2494 nomine
476 2440 606 2494 mortisue
622 2455 700 2494 eausa
716 2454 811 2514 capere
825 2441 986 2512 permissum
997 2456 1052 2495 non
1065 2449 1116 2497 ast.
1148 2441 1196 2497 sed

247 2528 275 2576 et
290 2520 417 2577 boecler
433 2538 487 2577 nen
503 2522 632 2596 perfecit,
649 2521 720 2595 quorl
737 2521 837 2578 noluit:
859 2524 903 2596 qui
926 2524 996 2578 enim
1019 2523 1093 2579 uerbi
1109 2527 1196 2598 gratia

248 2604 367 2677 quinqua
382 2602 483 2660 milium
500 2605 572 2662 aeris
588 2607 777 2680 patrimonium
798 2599 927 2676 habebat,
949 2615 1055 2681 poterat
1076 2610 1195 2680 quinque

247 2687 399 2743 hominibus
414 2689 528 2762 singulis
550 2691 663 2746 milanos
685 2707 758 2746 asses
774 2689 888 2764 legando
905 2698 990 2745 totum
1005 2691 1193 2763 patrimonium

247 2787 372 2845 erogare..
408 2767 476 2830 226.
500 2773 563 2830 ldeo
578 2783 674 2848 postea
690 2774 741 2830 lata
759 2780 800 2830 est
815 2774 857 2829 lex
875 2774 1002 2845 Voconia,
1018 2789 1070 2846 qua
1085 2781 1194 2832 cautum

321 2936 340 3006 1)
354 2955 397 3004 qae
412 2943 591 3006 superscripto
605 2957 617 2990 a
632 2944 734 2992 litterae
748 2957 763 3006 q
777 2957 824 2991 nce
843 2944 895 2992 nilo
913 2949 989 2992 notae
1007 2943 1081 3008 signo
1101 2944 1197 2993 litteris

247 3023 275 3058 ae
289 3010 378 3061 addito
398 3011 424 3061 V
425 3007 457 3075 ’ἡ
472 3012 632 3077 quamebrem
646 3028 714 3062 nnnc
729 3027 785 3062 cum
799 3014 893 3062 ceteris
902 3013 959 3062 edd.
969 3014 1103 3062 emendavi
1112 3029 1196 3077 quare.

317 3183 342 3256 ἕ.
357 3191 416 3239 222.
445 3189 713 3252 Cf.§§.4o.1oa.1er.
790 3183 815 3256 ᾗ.
831 3191 890 3238 223.
919 3187 957 3251 Cf.
972 3188 1042 3252 Epit.
1062 3202 1118 3248 aa.
1138 3192 1160 3252 ξ.
1177 3202 1197 3243 a.

246 3257 278 3306 L.
294 3273 336 3308 un.
351 3261 374 3321 ς.
385 3272 418 3310 11.
436 3259 461 3309 Ο.
476 3260 508 3308 de
523 3259 612 3308 codoc.
624 3256 655 3323 (a,
666 3256 710 3324 51).
761 3253 786 3326 ᾗ.
797 3261 857 3308 224.
874 3258 912 3322 Cf.
921 3274 965 3322 pr.
980 3259 1002 3308 I.
1017 3261 1049 3309 de
1059 3262 1114 3326 lepe
1126 3261 1196 3310 Falc.

247 3326 279 3393 (a,
293 3326 329 3396 22)
344 3343 400 3380 cnm
418 3327 526 3392 Theopb.
542 3329 575 3377 uti
590 3325 699 3395 legassit]
715 3328 749 3391 cs.
760 3329 873 3378 Dialesen
891 3327 953 3377 XII
963 3329 1029 3379 labb.
1043 3342 1064 3387 5,
1075 3343 1095 3381 8.
1110 3329 1199 3382 Scloll

242 3413 271 3462 p.
286 3409 331 3450 127.
396 3394 421 3466 §-
437 3401 497 3450 225.
523 3398 561 3461 Cf.
576 3397 639 3447 inst.
654 3405 679 3448 et
697 3398 805 3462 Tlreoplt.
821 3401 837 3448 l.
853 3415 874 3448 c.
890 3399 964 3462 infra
977 3412 999 3457 4,
1014 3411 1047 3451 aa.
1072 3400 1126 3464 tltp.
1141 3413 1162 3461 1,
1176 3414 1197 3452 s.

246 3479 278 3520 28.
295 3480 315 3518 t.
340 3469 384 3518 tt.
404 3469 462 3518 Vol.
477 3480 524 3520 aul.
554 3467 633 3518 Varr.
650 3469 745 3535 fragm.
768 3470 810 3518 lib.
825 3469 877 3518 III.
892 3470 924 3519 de
938 3471 981 3519 ait.
993 3485 1055 3534 pop.
1073 3469 1143 3521 Rom.
1158 3472 1197 3521 ed.

245 3536 304 3600 Bip.
319 3553 348 3601 p.
368 3550 414 3589 eti.
487 3534 512 3606 ξ.
532 3540 592 3588 226.
619 3539 657 3603 Of,
676 3539 740 3590 Inet.
760 3547 785 3589 et
807 3539 916 3603 Tbeoplt.
936 3543 952 3590 l.
969 3555 990 3590 e.
1015 3541 1061 3590 Lex
1081 3539 1199 3610 Voconia]
