2694 4110
347 164 382 199 nn
401 162 596 200 nonamonnrvs
614 164 650 200 sn
669 159 757 202 neone
774 167 888 203 omnum.
1030 149 1087 216 797

138 295 216 349 sione
231 292 422 367 patrimonium
445 309 525 349 suum
540 293 678 358 exhausit,
701 296 774 350 iuxta
793 295 883 368 legum
906 297 1002 371 placita
1017 313 1093 371 prae·

140 376 202 432 sidis
219 377 372 450 prouinciae
384 375 482 432 auxilio
494 377 591 444 utaris;
610 377 668 449 qni,
683 375 802 433 discussa
815 377 866 434 fide
878 382 943 444 ueri,
959 385 980 436 si
992 383 1092 456 integri

139 461 339 516 restitutionem
361 475 393 515 ex
408 458 455 514 lilii
476 475 594 532 persona
612 469 758 534 conpetere
778 460 827 516 tlbi
844 461 878 517 ob
899 464 1092 536 lnprolrabilem

63 543 123 593 [⁷0³]
140 543 294 601 donationis
317 544 503 598 enormitatem
531 543 764 614 animaduerterit,
793 545 820 600 in
843 548 1015 603 remouendis
1039 549 1091 620 liis,

140 643 207 699 quae
227 641 366 700 perperam
389 633 466 699 gesta
486 635 563 695 sunt,
587 625 634 682 tibi
656 626 810 684 subueniet.
847 624 897 687 PP.
913 628 954 684 lll.
975 631 1012 686 id.
1028 629 1092 688 Feli.

139 704 305 780 lledlolanl¹‚
324 709 435 766 llarimo
452 717 479 764 et
493 709 619 783 Aquilino
635 705 741 766 oonss.²

203 788 272 849 288.
298 787 398 849 ³lidem
418 791 515 867 ’Aupp
537 798 565 849 et
580 793 679 850 Caeso,
695 787 823 851 Zenonl.⁴
858 793 885 852 Sl
906 795 1092 869 stipendiario·

139 893 200 934 rum
221 871 451 950 ²(proediornm)⁶
474 878 667 950 proprietatem
690 875 762 934 dono
785 877 897 948 dedisti,
919 881 956 936 lta
978 889 1008 936 ut
1030 891 1093 954 post

140 969 254 1018 mortem
270 962 338 1031 eius,
354 962 400 1034 qui
411 962 524 1034 aceepit,
539 959 571 1014 ad
582 969 609 1016 te
621 961 732 1031 rediret,
747 960 856 1018 donatio
872 964 953 1019 inrita
965 971 1017 1034 est,
1032 979 1092 1021 oum

140 1045 172 1100 ad
194 1053 306 1116 tempus
325 1046 477 1118 proprietas
498 1044 638 1099 transferri
659 1038 838 1117 nequiuerit.⁶
874 1046 979 1102 sinere
1002 1063 1092 1104 usum·

139 1127 257 1184 frustum
278 1130 306 1182 in
329 1143 399 1197 eam,
426 1135 521 1183 contra
543 1143 622 1198 quam
644 1129 792 1202 supplicas,
815 1123 978 1201 contulisti,⁷
1002 1147 1092 1186 nsum·

139 1212 258 1268 fructum
274 1227 288 1264 a
302 1213 467 1283 proprietate
482 1209 667 1268 alienarenon
681 1206 822 1285 potuisti.⁸
850 1211 901 1274 PP.
918 1213 946 1272 V.
963 1213 1000 1271 id.
1016 1213 1091 1273 llart.

140 1295 252 1351 llaxlmo
268 1301 296 1348 et
310 1293 436 1365 Aquilino
452 1288 558 1349 conss²

202 1373 377 1434 tottionem
391 1376 573 1433 Alexandriae
610 1375 646 1433 Ea
662 1379 786 1452 quidem,
809 1396 878 1454 quae
898 1381 957 1437 inre
971 1380 1093 1438 donatio·

141 1463 183 1518 nis
198 1478 214 1516 a
227 1476 309 1517 socru
325 1468 369 1516 tua
384 1462 412 1518 in
427 1469 455 1518 te
470 1460 577 1517 conlata
592 1470 665 1532 sunt,
689 1477 796 1519 manere
812 1466 983 1536 inconeussa,
1002 1475 1092 1523 reotor

140 1545 294 1619 prouinciae
310 1541 417 1602 efficiet.
448 1538 530 1601 'De¹⁰
544 1547 714 1602 matrimonio
730 1561 796 1602 uero
812 1547 953 1604 retinendo
970 1549 1008 1605 tui
1024 1548 1091 1605 arbi·

140 1631 187 1685 tria·
196 1637 248 1699 est,
264 1644 297 1684 an
313 1627 379 1684 nelis
392 1638 419 1685 et
431 1626 492 1685 liliis
502 1627 689 1685 commonibus
704 1630 946 1685 interuenientibus
957 1633 983 1686 in
999 1631 1093 1688 eodem

140 1714 282 1787 proposito
303 1727 488 1786 perseuerare.
530 1711 581 1768 PP.
601 1711 644 1768 lll.
668 1711 704 1768 id.
727 1711 785 1770 Oct.
809 1712 929 1769 Heraclia
951 1713 1092 1788 Thracum,

140 1796 251 1852 llarimo
267 1803 295 1851 et
310 1795 435 1869 Aquilino
450 1788 557 1852 conss.²
1130 1829 1137 1842 .

203 1875 269 1936 285.
288 1878 381 1948 ’[ttreg.
396 1883 437 1932 tib.
452 1881 511 1931 xlll.
526 1871 603 1948 tit.]¹¹
626 1877 708 1934 iidem
724 1877 832 1934 turem
848 1877 955 1934 Abanti.
980 1878 1007 1935 Si
1022 1879 1090 1936 tiliae

140 1970 202 2017 tuae
217 1963 412 2034 possessiones,
435 1959 580 2033 dequibus
596 1963 695 2035 agitur,
714 1976 802 2035 neque
818 1963 984 2036 mancipasti,
1005 1979 1092 2037 neque

142 2044 286 2114 tradidisti,
311 2044 411 2099 trustra
432 2045 542 2115 uereris,
562 2037 616 2121 lne
631 2061 664 2100 er
680 2061 731 2100 una
745 2045 914 2119 professione
937 2045 981 2102 uel
1002 2027 1198 2170 ’apudwlaff

140 2245 172 2312 (6,
186 2246 222 2312 ae)
238 2248 265 2295 in
276 2248 328 2309 fine
343 2248 454 2310 plenior.
530 2244 550 2314 1)
567 2248 604 2311 Os.
620 2248 757 2298 Mommsen
774 2247 847 2311 Zeits.
867 2249 891 2297 d.
909 2249 992 2299 Const.
1008 2249 1092 2300 Iliool.

137 2333 166 2380 p.
180 2327 227 2368 666.
279 2313 299 2382 ¹)
314 2333 338 2366 α.
353 2327 400 2368 286.
452 2313 473 2382 ³)
489 2317 615 2368 Molestum
630 2326 703 2368 extat
717 2321 743 2367 in
757 2317 789 2367 L.
805 2330 825 2368 6.
847 2319 872 2370 U.
888 2320 919 2368 de
934 2320 992 2368 don.
1009 2335 1031 2383 q.
1046 2319 1093 2369 snb

142 2388 214 2437 modo
229 2386 260 2453 (6,
274 2385 310 2452 oo)
326 2389 406 2437 inser.
423 2384 515 2451 ‘Irnpp
531 2389 614 2438 Ilios-l.
630 2397 654 2438 et
669 2389 743 2438 Mem.
759 2389 817 2437 ΑΑ.
832 2396 857 2438 et
872 2389 918 2438 00.
935 2387 1054 2439 Zenoni!-

142 2455 164 2522 ⁴)
178 2457 223 2506 Em
236 2457 259 2506 I.
276 2457 301 2508 0.
317 2459 431 2507 correxi.
457 2459 549 2507 Aurelio
565 2458 695 2508 Carrenoni
713 2459 771 2509 Vat.
782 2460 839 2508 edd.
863 2458 989 2509 Similiter
1003 2461 1031 2509 in
1045 2463 1092 2509 tri·

141 2528 188 2577 bus
201 2527 289 2577 Herm.
306 2527 331 2577 C.
347 2529 570 2578 constitutionibus
584 2532 622 2579 tit.
637 2529 658 2578 I.
675 2546 697 2579 e.
712 2543 732 2580 1.
747 2531 786 2579 tit.
800 2529 837 2578 II.
853 2545 875 2579 e.
887 2543 906 2580 1.
921 2532 959 2578 tit.
971 2529 1023 2578 III.
1038 2546 1060 2579 o.
1071 2544 1091 2581 1.

142 2597 181 2662 (p.
196 2609 230 2649 65.
245 2609 278 2649 66.
292 2609 326 2650 oe.
341 2597 425 2648 Haen.
441 2605 465 2648 et
479 2600 513 2662 ef.
529 2601 634 2650 eundem
648 2601 684 2649 ad
699 2599 743 2649 Gr.
761 2600 786 2649 0.
801 2612 822 2656 6,
838 2613 856 2650 1.
868 2616 896 2662 p.
912 2611 945 2651 16.
967 2599 1092 2650 Zimmern

142 2667 175 2716 H.
190 2668 212 2717 Ι.
232 2667 258 2717 Τ.
273 2667 295 2716 I.
310 2670 332 2730 ᾖ.
347 2680 381 2719 tt.
394 2684 420 2730 p.
437 2670 609 2734 16660664).
640 2667 786 2718 ‘Aurelius’
803 2672 847 2718 ille
861 2673 1002 2733 imperator
1017 2677 1093 2719 notes

141 2746 180 2788 est
193 2753 226 2788 eae
243 2736 344 2804 ‘Aapffl
360 2740 435 2802 qnasi
447 2740 476 2788 id
488 2747 554 2788 esset
568 2737 669 2797 ‘Anr.',
691 2741 783 2789 omisso
802 2747 861 2788 ante
877 2737 943 2798 ‘1ss,
962 2743 1002 2789 nel
1018 2737 1093 2800 ‘Id.',

141 2816 318 2944 liuilni
338 2809 1092 2945 ”tt⁶⁰⁷²⁸l²tttilttttttltttitltltt·aas

141 2963 171 2997 re
184 2952 290 2998 mutavit
303 2894 395 2999 ἕρκη.
412 2949 437 3000 0.
452 2951 484 3000 de
499 2953 546 3015 lep.
562 2951 593 3016 (6,
603 2948 649 3014 st).
674 2949 743 2998 Idem
757 2957 795 2999 est
809 2951 836 2998 in
851 2896 1021 3015 ollipetioneq
1036 2953 1060 3013 §-
1070 2963 1091 3002 6.

141 3017 163 3066 Ι.
178 3019 210 3066 de
223 3019 291 3067 verb.
306 3019 354 3068 obl.
370 3018 401 3082 (6,
417 3019 460 3086 tt).
475 3020 508 3070 L.
522 3031 556 3074 55.
575 3020 608 3068 D.
623 3021 655 3068 de
669 3023 716 3084 lep.
732 3033 752 3071 1.
780 3020 926 3070 Dissimiles
940 3036 1017 3070 casus
1031 3036 1092 3071 oon·

141 3089 255 3136 timenter
269 3087 300 3140 L.
315 3099 349 3140 et.
363 3099 390 3140 66
400 3105 444 3153 pr.
464 3090 496 3139 D.
511 3090 543 3139 de
557 3097 629 3140 mort.
644 3106 666 3140 e.
682 3091 741 3140 don.
756 3089 801 3155 (66,
815 3091 846 3156 6).
920 3087 941 3156 ⁷)
955 3090 997 3140 Se.
1013 3093 1051 3140 ita
1065 3097 1093 3140 ut

137 3165 313 3222 postmortem
327 3160 390 3217 eins,
405 3161 449 3208 eei
462 3160 539 3210 datus
552 3169 624 3218 esset,
639 3161 675 3209 nd
688 3167 711 3210 te
725 3162 831 3210 rediret.
905 3156 926 3225 ⁸)
941 3162 957 3208 i.
973 3176 994 3208 e.
1009 3167 1092 3209 tomen

141 3229 177 3278 ool
196 3243 251 3277 enm
274 3229 370 3277 redibit
392 3230 499 3293 ususfr„
523 3233 597 3280 onius
615 3233 705 3281 mortis
724 3238 834 3294 ternpore
854 3231 1005 3294 proprietas
1027 3231 1092 3285 erit:

140 3315 198 3347 narn
213 3299 317 3348 donatio
331 3300 456 3349 eiusmodi
469 3302 548 3360 valet,
570 3317 626 3351 oum
645 3302 741 3364 nsnssr.
756 3302 792 3350 ad
809 3307 905 3362 tempas
924 3300 985 3348 dari
999 3301 1090 3361 possit.

142 3364 163 3433 θ)
179 3369 217 3431 Cf.
232 3369 264 3418 L.
279 3379 312 3420 tt.
340 3370 365 3419 U.
381 3370 484 3420 cledon.
500 3387 516 3420 a
531 3379 601 3435 nupt.
620 3370 697 3438 (ms).
772 3366 868 3436 10)ι66ι
887 3369 944 3417 Vel.
962 3366 1016 3417 ‘In'
1033 3370 1090 3418 edd.

142 3434 203 3487 ‘De'
219 3441 294 3488 etiam
309 3440 422 3489 Momms.
452 3441 546 3491 Postea
560 3457 612 3505 pro
627 3440 750 3490 retinendo
764 3441 849 3488 metim
863 3453 908 3488 non
923 3439 1054 3489 retinendo.

144 3503 175 3573 ιι)
191 3508 228 3574 Cf.
245 3512 283 3572 55.
298 3513 359 3563 root.
374 3521 420 3562 ses.
