2694 4110
265 181 322 216 vsa.
339 180 440 218 cvavsn.
455 181 540 216 avara.
555 181 741 216 consecracre.
757 163 788 216 V,
805 167 882 215 1-6.
986 160 1046 224 845

184 310 214 368 V.
237 309 258 370 l.
282 309 322 365 ‘lu
342 309 384 365 dei
399 311 506 364 nomine
528 309 589 381 quid
611 310 718 364 tractari
740 309 847 380 debeat,
864 311 990 382 quotiens
1006 308 1050 363 ad·

102 396 237 452 uersarius
255 393 343 466 aliqua
364 392 416 448 sibi
440 391 559 465 direpta,
580 391 637 447 'ael
651 385 763 460 ablata,¹
780 395 920 464 proposita
936 390 1050 448 intendit

102 480 206 535 actione
228 469 427 551 reposcerel’²
482 473 511 532 2.
535 475 654 530 Primore
676 475 702 528 iu
725 473 786 530 loco
808 473 887 530 debet
908 491 1050 548 personam

1 609 2 612 ,
102 577 187 626 suam,
204 577 273 635 quae
288 562 323 616 sit
338 560 370 616 ad
390 559 567 633 repetendum
582 559 685 628 idonea,
700 556 840 613 euidenter
851 557 1007 615 ostendere:
1024 567 1051 614 et

101 645 164 700 dum
176 643 311 714 claruerit,
323 660 384 700 eum
402 644 433 699 ad
446 643 621 717 repetendum
634 657 775 716 personam
787 639 885 698 babere
896 641 1050 714 legitimam,

102 731 130 790 in
153 744 253 800 genere
275 727 387 783 actionis
411 727 490 799 quid,
520 736 567 783 aut
582 733 729 799 quantum,
744 734 790 780 aut
804 741 870 798 quas
885 726 1000 799 species,
1016 726 1052 780 'in
1106 751 1111 754 ·

1 821 2 826 ’
103 811 183 868 modo
199 819 226 866 et
241 826 366 866 mensura
381 804 464 867 uero³
478 826 608 866 summam
623 817 650 864 et
668 810 844 882 quantitatem
855 808 935 865 debet
949 809 1051 881 specia-

1 933 3 955 ,
102 894 166 950 liter
181 893 321 967 designare
343 902 371 950 et
392 893 573 950 indubitanter
601 895 758 966 exprimere.
794 890 823 956 3.
840 891 910 959 Quae
925 893 1052 948 uniuersa

103 976 250 1033 secundum
265 976 341 1051 leges
356 975 449 1033 subter
468 993 583 1033 annexas
594 976 642 1052 ¹bi,
658 978 704 1050 qui
718 977 859 1032 iudicaturi
875 985 938 1031 sunt
946 969 966 1046 ¹,
984 977 1051 1048 peti·

103 1069 190 1118 torem
208 1061 320 1135 implere
340 1059 519 1133 compellunt:
534 1059 590 1132 ’qui
611 1062 633 1116 si
652 1068 699 1115 aut
718 1053 900 1133 neglexerit,⁵
915 1067 961 1114 aut
975 1061 1053 1114 satis·

105 1143 190 1200 locere
205 1143 311 1217 legibus
327 1143 444 1199 tortasse
465 1145 633 1216 nequiuerit,
653 1159 759 1200 eausam
779 1142 886 1216 perdat,
904 1143 1052 1200 secundum

103 1227 178 1300 leges
199 1227 293 1282 subter
308 1241 431 1280 annexas.
467 1222 497 1282 4.
514 1224 614 1292 Quibus
635 1227 720 1284 modis
749 1243 828 1284 causa
843 1229 945 1300 petitor
966 1225 1052 1298 eadat,

103 1310 179 1383 leges
195 1308 241 1368 lib.
254 1308 273 1365 l.
289 1308 374 1364 Paulli
390 1316 507 1365 sentent.
524 1311 566 1365 tit.
582 1308 616 1364 de
631 1325 674 1381 eo,
697 1312 742 1382 qui
758 1327 835 1367 eausa
851 1303 944 1380 cadit,¹
959 1311 1010 1365 lta:

146 1389 227 1468 (Plus
237 1391 372 1464 petendo)
395 1409 473 1448 causa
495 1392 613 1449 cadimus
635 1394 777 1462 antisse,
806 1403 852 1450 aut
874 1410 992 1464 summa,
1008 1403 1053 1450 aut

146 1485 279 1550 tempore,
295 1485 341 1532 aut
356 1476 492 1550 qualitate.
523 1475 605 1547 Loco,
620 1475 697 1532 alibi:
718 1475 975 1549 summa,'maiorem
993 1472 1053 1553 [pe-

146 1552 278 1638 tendo]:⁷
295 1567 426 1634 tempore,
437 1569 499 1618 ante
513 1561 630 1634 petendo
649 1558 898 1635 (quamdebeturlz
915 1561 1053 1634 qualitate,

147 1643 265 1700 eiusdem
282 1639 342 1700 rei·¹¹
356 1646 472 1718 speeiem
487 1640 570 1718 ¹(etsi)
585 1639 727 1703 uiliorem¹
743 1643 916 1716 postulando.

188 1725 216 1784 tt.
239 1728 304 1785 item
320 1726 365 1784 lib.
378 1729 397 1783 l.
413 1727 496 1783 Paulli
516 1736 633 1787 sentent.
649 1727 699 1783 sub
722 1727 802 1783 titulo
822 1729 845 1782 si
861 1725 995 1782 hereditas
1011 1727 1054 1783 uel

148 1811 212 1885 quid
228 1811 299 1866 aliud
314 1819 422 1884 petatur
432 1829 438 1865 :
448 1803 472 1842 ¹⁰

148 1893 286 1950 Hereditas
302 1909 352 1966 pro
368 1908 398 1948 ea
412 1901 488 1965 parte
504 1894 561 1966 peti
571 1891 660 1964 debet,
676 1909 726 1966 pro
742 1892 838 1965 quaed
855 1909 904 1948 nos
920 1893 1053 1965 pertinet:

148 1976 267 2048 alioquin
283 1975 344 2048 plus
359 1975 467 2048 petendi
483 1975 632 2048 perieulum
648 1977 809 2031 incurrimus
830 1984 858 2032 et
872 1992 977 2032 causam
993 1993 1054 2050 per-

153 2057 249 2118 dimus.

190 2137 220 2198 6.
243 2140 280 2196 Ex
302 2157 417 2215 corpore
433 2141 654 2215 Hermogeniani,
676 2142 748 2198 titul.
765 2142 798 2198 de
820 2143 1055 2200 calumniatoribus

150 2235 177 2282 et
191 2225 252 2298 plus
268 2225 397 2298 petendo:
407 2218 429 2260 ¹¹

33 2320 96 2372 [aaa]
149 2308 233 2382 impp.
250 2307 428 2364 Diocletianus
444 2316 471 2365 et
486 2307 655 2366 blarlmianus
671 2309 724 2364 At.
741 2310 850 2366 Aurelio
866 2310 972 2368 berno.
1002 2310 1056 2367 ln-

181 2517 201 2584 1)
217 2520 308 2568 sublata
322 2519 389 2584 edd,
401 2519 500 2582 factam
513 2536 549 2571 ec.
564 2536 599 2570 ear
612 2522 713 2571 tablata.
770 2517 790 2584 ¹)
811 2523 870 2572 Vid.
885 2530 935 2574 not.
951 2525 987 2573 ad
999 2536 1020 2583 4,
1037 2537 1055 2574 r.

79 2631 83 2640 .
110 2587 130 2657 8)
146 2591 169 2639 in
183 2591 278 2639 modum
293 2597 317 2638 et
331 2603 464 2639 mensurum
479 2591 516 2640 uel
531 2592 588 2640 edd.
616 2591 742 2657 Intellipt't
756 2591 832 2642 IGtae
850 2607 893 2643 ree
912 2609 976 2658 quae
991 2609 1057 2658 pon-

1 2665 2 2672 ’
107 2663 169 2711 dere
184 2675 288 2710 numero
302 2663 342 2709 ael
355 2675 474 2709 mensura
489 2669 620 2717 constant:
641 2663 710 2725 qaod
727 2670 803 2712 antea
817 2671 928 2726 quantum
943 2664 1057 2722 disserat,

106 2732 144 2781 ad
152 2738 244 2795 partes
257 2732 298 2780 rei
311 2732 351 2780 uel
363 2730 516 2780 hereditatis
525 2733 623 2794 petitae
637 2732 739 2780 videtur
751 2739 877 2796 spectare.
924 2729 945 2797 ¹)
957 2733 995 2795 Cf.
1006 2741 1057 2784 not.

108 2802 144 2851 ad
152 2813 173 2860 a,
183 2813 203 2852 a.
251 2798 272 2866 ⁶)
287 2801 328 2865 qui
342 2800 363 2849 si
378 2807 417 2850 aut
430 2801 550 2862 negligere
564 2801 621 2850 edd.
637 2815 696 2864 quae
712 2801 731 2849 si
743 2808 782 2850 aut
792 2802 920 2862 neglexerit
931 2802 1012 2868 Pupp.
1025 2806 1058 2867 ej,

111 2869 167 2935 ⁶)J.
184 2883 217 2923 16.
237 2873 308 2933 §.1.,
328 2870 372 2920 att
389 2871 440 2920 aid.
460 2877 511 2921 aot.
545 2871 599 2920 Pro
617 2877 736 2936 sequente
755 2872 787 2919 ita
806 2874 911 2936 corripe
926 2879 971 2922 etc.
987 2873 1058 2938 (quio

1 2955 2 2966 ¹
107 2943 227 2991 omissam
241 2949 298 2990 erat
311 2942 364 3004 plus
378 2939 500 3007 petendo).
562 2937 621 3008 ¹)in
635 2941 764 3004 repetendo
779 2941 836 2991 edd.
867 2942 963 2992 Fuerat
977 2958 1003 2992 re
1014 2960 1058 3009 pe·

109 3012 204 3060 minato
223 3012 311 3058 maiore
327 3009 468 3079 [petendo],
485 3027 544 3061 nam
562 3011 663 3075 petendo
682 3018 832 3074 suspectam.
906 3010 927 3079 8)
941 3012 986 3063 Sic
1001 3015 1057 3064 edd.

109 3080 178 3144 qaod
188 3080 259 3142 ferri
268 3087 361 3143 potest,
375 3083 416 3131 rei
429 3084 601 3145 appellatione
614 3083 772 3147 penetraliter
786 3089 901 3146 accepta.
929 3083 997 3134 Edd.
1008 3096 1027 3134 1.
1038 3097 1058 3135 e.

108 3151 265 3212 scripseram
284 3149 357 3198 debiti
375 3153 469 3212 generis
487 3159 594 3202 notans:
612 3151 751 3216 Scriptura
771 3167 850 3213 gener.
865 3154 951 3216 primo
972 3155 1060 3202 vitiam

108 3221 217 3277 creauit,
231 3233 290 3280 pene
305 3221 333 3268 in
346 3221 429 3269 simile
444 3221 497 3270 dem
507 3223 628 3272 abeunte:
641 3229 700 3272 ante
710 3223 779 3286 qaod
786 3224 868 3272 simile
878 3222 951 3272 deuiti
960 3225 1060 3272 caecidit

108 3291 236 3354 pemiaato
251 3290 272 3337 e'
287 3287 360 3356 (eius)
374 3305 409 3340 eae
423 3292 542 3354 qualitate.¹
615 3289 636 3358 ⁹)
651 3292 773 3341 meliorem
787 3293 845 3342 edd.
852 3327 860 3352 ‚
875 3294 935 3342 lieet
949 3294 1060 3342 uiliorem

109 3360 167 3408 edd.
186 3375 255 3409 meae
269 3371 289 3410 1.
304 3369 324 3409 t.
346 3361 393 3409 aed
411 3361 457 3410 etsi
472 3361 582 3424 facilius
596 3369 658 3426 past
675 3363 792 3425 speci-em
810 3363 932 3412 excidere
947 3370 1059 3427 poterat.

112 3429 149 3490 Of.
165 3431 188 3490 §-
205 3441 237 3481 ta.
257 3429 280 3478 J.
295 3431 326 3480 de
341 3437 391 3480 aet.
407 3429 438 3496 (t,
452 3429 483 3495 e).
502 3431 558 3482 dat.
572 3444 594 3492 e,
604 3443 643 3512 ee,
692 3427 724 3496 ιο)
739 3431 760 3481 Ι.
776 3427 825 3484 1³¹·
840 3435 894 3495 §.b
947 3431 980 3500 ¹¹)
1001 3434 1060 3484 Via.

107 3497 218 3548 Haenel.
233 3499 322 3550 Herm.
340 3501 364 3550 0.
376 3516 404 3564 p.
420 3513 453 3554 69.
