2696 4120
235 219 299 284 294
535 235 593 272 um
610 237 708 274 meren.
727 217 776 273 111.
795 203 905 280 38441.

236 377 336 437 herede
352 386 453 451 petest.
491 385 518 434 et
533 376 608 433 'illud
624 375 837 454 euuueuien(ter
851 373 1011 456 dice)tur:¹
1033 383 1056 436 si
1072 380 1104 436 ad
1120 398 1202 456 agna·
1215 392 1276 448 [ma]

237 475 295 522 turn
314 465 374 519 iure
389 461 463 519 ciuili
486 463 606 536 pertinet
626 463 776 534 hereditas,
801 474 829 520 et
851 466 874 520 is
893 465 989 521 adierit
1013 465 1202 540 hereditatem,

180 553 182 560 ⁴
237 549 285 604 sed
300 547 436 604 hunorum
451 547 654 621 possessionem
675 557 769 621 petere
784 549 919 620 noluerit,
942 548 980 604 'et
1002 543 1066 606 sici
1087 552 1148 624 quis
1171 568 1204 608 ex

237 633 367 706 proximis
383 623 537 706 'cognatisi
551 633 677 704 petierit,
692 633 751 688 siue
767 649 797 689 re
817 632 927 691 habehit
944 631 1078 691 bonorum
1093 652 1203 708 posses·

237 721 343 774 sienem
365 725 479 791 propter
501 715 613 772 eandem
635 717 777 773 rationem.
821 714 870 774 38.
894 717 963 774 Sunt
978 726 1006 775 et
1028 719 1075 776 alii
1096 720 1203 793 quidam

160 797 217 851 135.
236 802 338 860 similes
361 818 454 919 qums,
477 817 593 874 quorum
616 801 722 874 aliquus
747 805 751 868 Ι
775 805 916 876 superiore
932 805 1126 864 commentario
1149 813 1203 862 tra·

235 887 360 944 didimus.

298 968 347 1030 39.
368 971 444 1027 Nune
466 970 500 1026 de
522 969 681 1026 libertorum
704 972 782 1028 hunis
805 971 954 1028 uideamus.
999 971 1053 1031 40.
1070 973 1138 1029 Olim
1153 975 1202 1030 ita·

235 1075 288 1132 que
310 1055 409 1112 licebat
430 1054 528 1112 liberte
547 1063 693 1128 patronum
709 1071 789 1112 suum
805 1050 965 1130 ’(r'm)pune⁵
989 1057 1017 1114 in
1037 1065 1201 1116 testamenta

237 1142 406 1216 praeterire:
430 1157 491 1196 nam
506 1141 543 1195 ita
558 1138 666 1195 demum
682 1139 787 1208 lerxn
802 1139 954 1196 tabularum
969 1141 1002 1197 ad
1023 1142 1201 1199 hereditatem

235 1227 324 1282 liherti
339 1223 456 1282 uocabat
469 1231 624 1297 patronum,
640 1225 664 1280 si
678 1225 826 1282 intestatus
841 1235 968 1282 mortuus
987 1233 1059 1282 esset
1074 1225 1200 1298 libertus,

234 1311 311 1366 nullu
335 1325 385 1365 suo
409 1307 508 1364 herede
531 1307 644 1364 relicto:
675 1311 767 1383 itaque
795 1312 925 1366 intestato
954 1327 1065 1384 quoque
1090 1320 1200 1366 mortuo

234 1395 346 1464 liberto,
361 1395 385 1448 si
399 1394 423 1448 is
437 1410 518 1450 suum
533 1392 659 1448 heredem
676 1394 833 1468 reliquerat,
856 1394 923 1450 nihil
946 1395 974 1450 in
990 1397 1067 1451 bunis
1082 1396 1141 1451 eius
1155 1411 1203 1469 pa·

236 1489 317 1535 trouu
331 1479 399 1533 iuris
416 1487 489 1546 erat;
511 1487 539 1532 et
561 1477 584 1533 si
607 1477 718 1549 quidem
741 1495 773 1535 er
795 1477 962 1535 naturalibus
978 1480 1069 1536 liberis
1085 1479 1202 1552 aliquem

235 1578 316 1618 suum
331 1562 458 1618 heredem
477 1561 650 1634 reliquisset,
673 1563 748 1619 nulla
770 1564 913 1620 uidebatur
935 1580 996 1620 esse
1020 1563 1155 1638 querella3
1180 1565 1202 1620 si

235 1664 303 1704 ueru
320 1646 364 1702 uel
379 1646 525 1720 adoptiuus
542 1645 613 1702 filius
630 1645 718 1704 filiaue
735 1648 779 1704 uel
795 1664 871 1716 uuor,
889 1650 1004 1722 quaein
1021 1666 1101 1705 uranu
1117 1656 1201 1722 esset,

233 1731 326 1804 '(suus
344 1725 425 1802 uel)⁶
444 1748 492 1786 sua
514 1731 594 1788 heres
610 1739 697 1798 esset,
719 1741 813 1806 aperte
831 1734 954 1806 iniquum
969 1743 1037 1806 erat,
1052 1734 1119 1790 nihil
1133 1734 1200 1790 iuris

237 1827 355 1890 patrono
371 1833 525 1891 superesse.
569 1813 615 1873 41.
634 1813 691 1882 Qua
706 1817 739 1873 de
755 1834 834 1873 eausa
849 1825 945 1891 postea
960 1819 1095 1891 praetoris
1111 1818 1199 1874 edicte

234 1901 302 1958 haee
316 1903 383 1958 iuris
403 1903 532 1974 iniquitas
547 1899 687 1959 emendata
703 1910 758 1959 est:
781 1903 840 1958 siue
863 1904 934 1958 euim
956 1902 1036 1959 faeiat
1055 1911 1199 1960 testamen·

235 1995 292 2043 turn
308 1985 432 2058 libertus,
448 1985 557 2042 iubetur
571 1988 608 2042 ita
624 1987 731 2060 testari,
754 1995 785 2042 ut
805 1993 922 2060 patrono
938 2004 988 2043 suu
1005 1997 1109 2062 partem
1124 1987 1200 2044 dimi·

235 2071 306 2128 diam
330 2072 465 2128 bonerum
488 2070 776 2145 suarumrelinquat,
800 2081 827 2128 et
849 2073 872 2127 si
888 2081 934 2127 aut
951 2073 1018 2128 nihil
1041 2082 1088 2128 aut
1111 2074 1199 2128 rniuus
1284 2101 1287 2106 ·

237 2173 319 2229 quarn
334 2165 439 2230 partem
454 2155 590 2212 dimidiam
601 2155 753 2230 reliquerit,
769 2156 849 2212 datur
859 2164 976 2229 patrone
989 2167 1084 2214 eontra
1096 2155 1199 2213 tabulas

235 2241 392 2298 testamenti
403 2242 490 2314 partis
498 2240 621 2296 dimidiae
632 2238 768 2297 bonerum
778 2240 935 2315 pussessi03
947 2242 969 2296 si
978 2257 1043 2298 uere
1052 2243 1199 2298 intestatus

236 2329 370 2382 meriatur
384 2342 434 2380 suu
451 2324 551 2380 herede
567 2324 662 2380 relicto
679 2325 809 2399 adoptiuu
825 2323 881 2381 lilio
893 2323 960 2401 (ael)
974 2342 1071 2399 uxore,
1087 2344 1156 2401 quae
1172 2325 1200 2380 in

234 2425 316 2464 mauu
330 2411 416 2482 ipsius
439 2418 527 2481 esset,
549 2408 595 2464 uel
616 2425 704 2481 nuru,
728 2426 797 2484 quae
818 2411 846 2466 in
870 2426 950 2466 mauu
971 2408 1021 2466 lilii
1034 2413 1091 2468 eius
1107 2411 1199 2482 luerit,

233 2493 313 2550 datur
328 2509 412 2567 aeque
428 2501 544 2567 patrono
560 2491 690 2549 aduersus
706 2495 757 2550 hus
772 2511 837 2552 suus
849 2494 963 2550 heredes
975 2497 1061 2568 partis
1076 2494 1199 2552 dimidiae

159 2576 215 2626 186.
235 2577 369 2635 bonarum
388 2581 538 2652 possessio.
567 2588 685 2652 prosunt
706 2588 795 2635 autem
818 2578 917 2636 liberte
939 2578 972 2634 ad
995 2572 1200 2656 exleludendum

232 2766 276 2801 eos
295 2753 362 2801 enim
379 2765 443 2800 suus
461 2751 536 2801 lueres
555 2764 606 2799 non
624 2757 694 2810 erat,
715 2751 759 2799 eui
777 2752 822 2799 lem
839 2750 1005 2800 hereditatem
1023 2763 1074 2797 non
1088 2747 1198 2796 dederat

232 2823 279 2872 sed
297 2829 395 2872 tautum
414 2837 465 2872 non
485 2822 631 2876 ademerat,-
653 2821 702 2870 lzoe
721 2836 784 2870 casu
804 2822 891 2886 prada
910 2820 1032 2870 remotior
1051 2833 1102 2868 noa
1120 2832 1197 2867 uaea-

233 2894 311 2944 batur
330 2893 364 2960 (ξ.
379 2891 425 2958 88).
502 2889 522 2958 ¹)
542 2892 601 2941 illud
619 2892 793 2941 conuenientur
813 2893 838 2942 0.
858 2893 894 2956 ef.
914 2904 934 2954 1,
953 2903 988 2942 81.
1003 2901 1037 2941 88.
1057 2889 1118 2938 tuto
1140 2903 1199 2938 uon·

233 2965 358 3015 uenienter
371 2966 410 3016 ed.
425 2980 481 3014 meu
495 2976 516 3014 8.
531 2965 588 3014 eall.
603 2962 634 3010 L.
651 2973 684 3015 10.
700 2965 723 3025 ς.
740 2975 759 3014 1.
779 2963 812 3014 D.
827 2964 859 3013 de
878 2979 934 3027 aeq.
954 2977 1008 3011 rer.
1029 2961 1095 3011 dem.
1111 2961 1156 3027 (41,
1176 2958 1199 3024 1)

233 3049 317 3099 8180.
338 3033 419 3104 [illud]
435 3033 607 3085 conuenienter
620 3031 694 3082 Stati.
709 3034 749 3083 ed.
765 3036 846 3084 inuita
863 3033 924 3082 Gaii
937 3035 1012 3098 stplo.
1072 3026 1094 3098 ¹)
1110 3031 1156 3081 etsi
1172 3031 1198 3080 0.

233 3108 292 3157 edd.
304 3107 349 3156 etsi
365 3106 404 3173 [eu
419 3101 546 3172 proximis]
562 3111 676 3166 cognatus
691 3105 730 3154 ed.
746 3103 886 3154 selaune
900 3107 1068 3154 iantaeausa.
1126 3099 1199 3169 ’μο-

233 3187 317 3240 guatus
338 3178 364 3227 0.
384 3179 423 3228 ed.
439 3176 487 3242 Bp.
506 3176 553 3226 aed
571 3177 678 3236 cognatis
697 3177 734 3226 ed.
753 3187 774 3227 5.
839 3172 861 3240 4)
875 3174 1000 3240 Sequitur
1019 3177 1089 3224 linea
1107 3188 1198 3224 uaeua.

234 3249 256 3316 δ)
270 3263 333 3314 puna
353 3244 405 3299 Vll.
427 3249 464 3312 Of.
476 3263 520 3312 pr.
536 3245 558 3298 Ι.
573 3245 597 3295 i.
613 3254 630 3296 t.
647 3245 730 3313 (8,1).
795 3244 816 3312 ⁰)
833 3246 988 3296 Necessario
1007 3261 1042 3295 ece
1059 3245 1119 3294 Gaii
1128 3245 1199 3310 sipla

234 3322 334 3371 addidi.

305 3461 331 3534 ἕ.
348 3465 389 3515 88.
406 3479 458 3527 sup.
475 3456 574 3528 comm]
589 3473 609 3522 r,
625 3471 671 3511 119.
687 3471 732 3512 118.
747 3472 794 3511 nas.
857 3455 875 3527 §
896 3495 902 3506 .
918 3460 960 3508 89.
976 3457 1199 3522 40.=pr.·1.de

232 3550 346 3586 success.
361 3534 403 3584 tib.
420 3532 452 3600 (8,
467 3530 499 3598 t).
521 3532 559 3596 Cf.
579 3532 634 3595 Ulp.
650 3543 720 3593 87,1.
740 3542 808 3594 88,1.
897 3568 902 3578 .
917 3531 960 3578 41.
976 3551 1011 3571 -
1025 3531 1049 3592 §-
1065 3543 1085 3581 1.
1104 3527 1199 3579 Lead.

235 3607 273 3669 Cf.
293 3605 347 3669 usp.
363 3616 397 3668 88,
413 3617 433 3655 1.

7 3705 11 3757 ἰ
31 3727 137 3750 Α...
