2680 4118
264 151 323 216 738
491 165 590 203 nunu.
609 165 663 202 tva.
682 164 746 202 sou.
765 165 851 202 narro.
872 153 984 201 'lo-'tu

155 298 246 376 Llffil
322 293 370 354 70.
388 289 452 368 ¹(1.)
469 295 502 352 Si
511 295 600 367 fundi
611 295 797 367 ususfructus
809 293 902 366 fuerit
912 297 1035 367 topatus,
1047 299 1076 350 et
1087 297 1124 351 sit
1136 309 1222 368 aper,

155 381 188 418 ⁴⁰
198 381 249 420 Μ’·
261 383 336 439 unde
349 383 418 452 pato
428 383 457 435 ln
466 379 599 451 fundum,
616 384 699 436 cutus
711 377 900 449 ususfructus
913 379 1028 451 topatus
1040 384 1091 449 ast,
1107 380 1221 435 solebat
1302 429 1303 432 ,

156 459 481 538 [ubsapaterfamtttos
495 466 552 528 att,
574 465 622 520 uel
636 465 737 536 saliae,
753 465 799 518 uel
815 463 973 518 arundine.-
987 467 1059 534 puto
1075 456 1079 537 1
1096 460 1218 518 tructus-

168 537 240 603 apr.
261 549 331 605 rium
345 549 476 604 baoteuns
492 549 534 604 uti
545 561 646 619 posse,
660 561 697 602 ae
712 562 752 603 ea
767 560 800 602 eo
814 547 937 608 nemim,-
958 549 1015 602 nist
1026 545 1105 616 forte
1119 548 1222 602 saltata·

262 636 298 704 ei,
314 635 359 690 uet
375 633 467 688 ulnae
478 631 600 702 palaris,
624 630 667 687 uel
682 628 835 685 arundineti
850 627 1023 686 ususfructus
1038 632 1074 685 sit
1088 631 1221 702 leuatus.-

261 724 331 774 tnno
345 718 419 773 anim
434 722 461 770 et
476 715 602 771 uendere
614 719 718 785 potest·
751 729 818 770 nam
834 719 862 768 et
879 712 1032 769 Trebatius
1046 713 1151 780 sariba,
1167 712 1219 768 sii·

263 815 323 858 uam
332 798 460 856 uaeduam
471 811 554 871 posse
562 796 760 869 fructuarium
772 797 904 867 caedere,
917 799 992 852 sieut
999 796 1220 868 paterfamilias

262 883 411 940 caedebat.
422 881 499 952 item,
511 889 542 937 ut
554 881 743 937 arundinetum
755 880 879 950 ’caedat
892 881 989 953 quode
998 895 1107 952 ponere
1114 888 1217 952 poter·
1303 926 1304 929 ,

259 968 391 1040 familias
405 981 473 1023 sues
487 957 598 1034 aiebat,²
613 980 679 1036 nou,
695 972 771 1037 puto,
792 961 970 1037 'prolibatun
1015 961 1091 1031 Quin
1107 970 1135 1021 et
1149 979 1216 1021 rae·
1303 998 1304 1027 2

261 1067 324 1108 sum
335 1051 461 1108 uendere
474 1052 591 1120 poterit,
606 1041 785 1123 quanquam³
795 1046 1014 1120 paterfamilias
1024 1048 1151 1115 uendere
1162 1064 1220 1104 non
1302 1065 1303 1068 ¹

263 1134 374 1197 solebat,
389 1133 438 1190 sed
452 1135 511 1207 ipse
526 1126 591 1189 utt.⁴
622 1133 786 1189 admodum
801 1134 875 1188 enim
890 1131 1076 1204 referendum
1090 1139 1143 1199 est,
1158 1149 1217 1190 non

263 1221 303 1276 od
315 1221 481 1290 qualitatem
494 1217 600 1273 utendi.
642 1210 700 1290 (2.)
723 1216 830 1272 Cassius
846 1208 948 1270 autem⁵
963 1215 1154 1287 ususfructus
1167 1218 1217 1273 sil·

262 1316 319 1360 uae
335 1303 464 1358 caeduae
480 1291 616 1371 exempto
626 1302 724 1372 definit
739 1303 823 1356 ettam
843 1299 983 1355 seminarii
999 1315 1109 1373 quoque
1123 1315 1216 1357 usum·

262 1385 390 1441 fructum.
433 1385 525 1456 itaque
547 1387 573 1440 si
593 1387 749 1440 seminaria
772 1381 790 1439 b
808 1382 1026 1454 patrefamilias
1045 1385 1219 1441 conserendi

264 1475 367 1524 tautum
382 1468 441 1541 agri
455 1481 537 1523 eausa
552 1467 628 1524 tacta
643 1470 708 1538 sint,
730 1468 880 1524 dicendum
895 1481 960 1524 esse
974 1471 1023 1534 ait,
1047 1483 1112 1524 oum
1127 1483 1166 1525 ea
1180 1471 1217 1523 iis

263 1557 445 1620 conseratur,
468 1555 553 1607 etiam
576 1552 696 1608 arbores
717 1550 871 1606 demortuus
894 1549 926 1606 ad
949 1548 1135 1608 fructuarium
1145 1566 1216 1624 por·

262 1639 364 1707 tinere,
384 1651 459 1709 quae
474 1635 582 1708 alioqui
595 1637 670 1691 siout
684 1636 796 1706 lapides
810 1641 970 1706 ceteraeque
984 1635 1123 1705 materiae,
1146 1639 1214 1706 quia

260 1725 291 1777 ia
303 1719 407 1792 fructu
422 1735 479 1776 non
499 1726 580 1788 sunt,
602 1720 743 1776 dominum
760 1720 950 1789 proprietatis
964 1725 1127 1791 sequuntur.
1153 1711 1215 1795 (3.)

261 1802 394 1877 Numquid
409 1807 506 1876 initur,
525 1805 551 1858 si
562 1805 745 1859 seminarium
760 1818 817 1858 non
833 1804 880 1870 sit,
894 1802 1047 1858 dominium
1061 1817 1161 1859 eurum
1176 1803 1217 1858 ad

259 1889 478 1962 proprietarium
493 1893 613 1960 spectet,
635 1894 666 1942 ut
682 1886 810 1958 tapidum
825 1890 1065 1958 caeterarumque
1079 1889 1214 1943 materia-
1225 1893 1283 1942 [64³]

262 1989 334 2043 rum,
351 1975 454 2047 quaeri
466 1977 568 2042 potest.
604 1969 745 2026 Trebatius
760 1977 849 2026 autom
863 1969 1038 2040 simpliciter,
1055 1972 1081 2026 si
1094 1970 1215 2028 arbores

262 2060 292 2113 in
307 2073 378 2131 apro
400 2057 565 2112 demortuae
587 2059 654 2124 siat,
676 2069 735 2110 esse
757 2069 801 2109 eas
823 2052 979 2124 trutinasti,
1002 2055 1216 2128 sapentiamque

263 2157 325 2198 eum
340 2141 416 2196 alias
427 2140 566 2195 adserere
580 2139 691 2194 scribit.
729 2129 817 2212 [71.]8
832 2130 890 2213 (1.)
906 2136 1064 2208 triennit,
1085 2137 1214 2196 'truatur-

262 2227 330 2280 rium
345 2222 378 2278 ad
394 2226 541 2279 materiam
562 2227 650 2294 aptas
663 2221 784 2278 arbores
797 2223 828 2276 ia
843 2237 914 2294 apro
929 2222 1095 2278 demortuos
1113 2214 1214 2295 usqrre⁷

335 2378 355 2446 1)
369 2380 458 2430 EstL.
469 2393 488 2431 9.
503 2383 526 2442 5.
538 2392 557 2432 a.
576 2381 609 2432 D.
624 2381 656 2430 de
670 2381 754 2444 usufr.
770 2378 952 2445 (t,1)paulam
965 2387 1069 2431 mutata.
1126 2376 1147 2446 ¹)
1163 2380 1214 2431 Re·

261 2451 335 2500 stitur'
348 2451 497 2499 sententiam
511 2466 545 2498 en
557 2450 649 2499 Colum.
660 2461 680 2507 t,
691 2463 711 2502 9.
726 2452 749 2512 §-
760 2462 781 2502 t.
806 2448 898 2500 Oriens
911 2451 980 2501 buna
989 2451 1127 2501 arundinis
1142 2466 1214 2501 usum

261 2521 365 2572 videtur
379 2521 522 2584 ipnorasse.
550 2519 636 2569 Aliter
651 2520 826 2570 Mommseaus.
901 2516 922 2585 ³)
939 2519 1056 2570 Restitul.
1085 2535 1132 2570 nan
1146 2529 1212 2584 puto.

261 2590 402 2640 Prohibetur
416 2589 473 2638 edd.
524 2586 546 2654 ⁴)
562 2588 593 2639 In
604 2590 663 2655 Dip.
674 2598 725 2639 est:
742 2587 812 2640 ‘num
825 2598 851 2640 et
863 2589 998 2640 trebatius
1006 2591 1105 2651 scribit,
1119 2593 1213 2641 siluam

261 2661 383 2711 eaeduum
398 2666 422 2708 et
435 2659 615 2710 arundinetum
629 2676 707 2723 posse
718 2661 895 2724 fructuarium
909 2663 1030 2719 caedere,
1044 2663 1112 2711 siout
1121 2669 1213 2725 poter-

260 2732 375 2782 familias
390 2729 518 2790 caedebat,
533 2739 558 2780 et
572 2732 692 2792 uendere,
707 2733 767 2780 lieet
777 2731 971 2794 paterfamilias
984 2746 1036 2782 non
1045 2731 1142 2781 solebat
1152 2747 1213 2781 uen-

261 2803 322 2851 dere
336 2800 383 2850 sed
396 2802 451 2862 ipse
461 2797 517 2849 uti.'
568 2798 587 2867 6)
599 2800 738 2864 Sequentia
747 2801 782 2850 ad
791 2815 891 2850 sensum
900 2803 1010 2852 restitut.
1031 2801 1070 2863 Cf.
1080 2802 1112 2851 L.
1124 2813 1143 2854 t.
1159 2803 1182 2864 ξ.
1191 2814 1211 2853 e.

260 2872 291 2921 L.
307 2883 340 2923 1⁸.
356 2871 387 2919 L.
402 2881 428 2921 be
438 2887 482 2934 pr.
498 2872 529 2921 ll.
545 2872 576 2921 de
591 2872 674 2934 slsufr.
690 2871 722 2936 (a,
736 2870 766 2935 1).
786 2871 818 2920 L.
835 2883 867 2924 aa.
893 2872 925 2920 D.
941 2872 972 2921 de
986 2873 1037 2922 iur.
1052 2872 1104 2922 dot.
1120 2871 1164 2937 (aa,
1178 2872 1212 2936 e).

265 2942 343 2992 Vocis
357 2956 414 2990 usus
428 2943 536 3006 vestigata
550 2944 577 2991 in
597 2942 623 2990 V
624 2941 643 2990 ἃ,
658 2949 763 3005 reperta
776 2949 842 2991 sant.
895 2939 916 3007 α)
931 2941 979 2992 Est
993 2941 1024 2990 t.
1039 2953 1065 2992 12
1075 2957 1119 3005 pr.
1136 2942 1168 2991 B.
1180 2943 1213 2991 de

260 3013 343 3076 rasufr.
355 3011 386 3076 (t,
397 3010 419 3076 1)
429 3013 476 3062 sed
490 3012 525 3060 ibi
534 3019 645 3068 mutata;
659 3027 717 3061 nam
726 3014 819 3075 incipit
829 3012 879 3062 ibi:
895 3009 1051 3062 ‘Arboribus
1063 3014 1160 3062 euuleis
1170 3014 1213 3061 uel

259 3085 287 3132 ui
297 3085 431 3134 uentorum
440 3084 546 3132 deiectis
555 3097 633 3147 usque
644 3084 679 3132 ad
689 3097 760 3132 usum
826 3090 916 3132 utatur
925 3085 1004 3148 liqna,
1010 3081 1097 3132 Labeo
1105 3079 1153 3132 oit'
1162 3089 1211 3132 eto.

261 3151 281 3219 7)
296 3155 449 3204 fructuarium
465 3155 593 3202 adm.....
610 3155 632 3214 §-
644 3166 675 3205 τι,
696 3154 762 3202 itam.
777 3151 840 3217 (Sed
853 3154 910 3203 ltem
925 3168 976 3204 non
990 3160 1028 3202 est
1042 3155 1069 3202 in
1088 3152 1115 3202 V
1117 3150 1139 3217 ⁶)
1166 3151 1213 3201 Er

258 3227 327 3275 silua
342 3225 440 3275 eueduo
456 3239 529 3286 usque
544 3225 583 3272 ed.
594 3223 686 3273 Hollw.
712 3223 779 3272 Mus
789 3231 885 3273 certum
900 3231 945 3282 est,
959 3238 1050 3273 nouam
1063 3228 1213 3284 exemptum

258 3296 301 3345 bio
315 3313 366 3346 non
381 3296 506 3357 coepisse,
526 3309 616 3343 nouom
634 3297 783 3343 sententiam
802 3309 862 3344 vero
881 3296 932 3344 iam
947 3301 1006 3343 ante
1019 3310 1042 3343 o.
1056 3292 1213 3343 tructuarium

258 3381 378 3416 exorsum
397 3379 459 3414 esse.
488 3363 573 3413 Verba
594 3361 692 3414 ‘Labeo
711 3361 769 3422 ait',
791 3380 855 3429 quae
874 3367 901 3413 ia
915 3364 975 3429 Dip.
996 3368 1023 3412 in
1039 3366 1091 3426 fine
1105 3363 1213 3426 periodi

258 3438 387 3500 leuantur,
402 3434 445 3482 ubi
459 3450 490 3482 ea
504 3436 531 3482 tn
551 3434 609 3483 Vat.
624 3449 714 3484 uersus
728 3450 777 3484 non
793 3437 875 3496 rapit,
889 3442 949 3484 unte
964 3435 1086 3498 ponenda
1104 3438 1128 3483 et
1143 3445 1212 3482 eom·

258 3505 400 3554 mortissinre
415 3504 662 3566 buotransferenda
677 3513 763 3563 erant,
783 3505 826 3554 abi
844 3507 942 3570 alioqui
960 3507 1070 3567 spatium
1089 3503 1211 3554 abundat.
