2678 4116
423 237 486 272 osu
505 237 607 273 rssnrr.
625 221 647 273 1.
665 227 774 276 tat-75.
1023 225 1082 288 191

110 380 192 434 cuius
208 379 303 432 aetatis
318 375 391 432 iilius
406 380 443 432 sit
458 373 573 448 filtrum,
597 380 671 436 'cum
695 385 947 439 senatusconsulto
962 385 1033 440 nihil
1047 387 1083 440 de

111 479 149 518 ea
164 479 200 519 rc
215 469 376 518 caueatur:
397 465 454 518 nisi
474 459 568 535 farte²
585 467 589 530 Ι
607 464 717 520 latinus
738 466 795 522 'uel
809 467 914 522 latina
932 485 1078 539 propana-

111 540 188 617 tur,³
205 547 272 618 quia
287 549 374 602 etiam
388 561 429 604 ecc
442 551 508 618 ipsu
523 551 587 622 leae
601 549 685 606 Aelia
698 550 797 606 Sentio
809 551 924 622 Iatiini,
940 546 979 606 si⁴
994 554 1083 608 minor

110 632 240 687 anniculo
263 634 300 686 sit
323 629 395 686 filius
418 629 518 702 filiano,
540 650 619 690 causa
644 634 752 706 probari
767 651 822 690 non
838 645 939 708 potest.
974 653 1025 693 nec
1040 653 1083 692 nte

108 717 255 790 praeterit,
270 715 299 768 in
312 715 404 787 aliquo
416 718 552 790 rescripto
563 717 619 772 diui
629 717 757 774 Hadriani
772 721 808 774 ita
819 736 878 774 esse
890 723 1081 791 constitutum,

109 811 250 873 tamquam
267 798 341 872 quod
357 799 390 854 ad
406 803 507 856 erroris
523 818 635 876 quoque
651 806 655 866 Ι
673 819 795 860 causam
812 805 976 876 probandam
991 806 1082 862 'anui

109 888 205 942 culum
225 887 318 955 filium
338 883 441 940 lactum
461 902 578 942 necasse
593 891 644 956 sit3
636 881 685 954 ⁹⁶!
702 887 764 944 ’sed
783 905 841 944 uon
866 904 979 959 sempor
994 890 1085 946 uideri

109 971 197 1026 debet
210 968 376 1041 peaerale
365 985 408 1024 rus
428 970 591 1048 tedaldum,
613 965 689 1028 cum⁰
708 974 855 1072 imperator
872 973 1030 1046 'epistulam
1045 977 1085 1030 ad

48 1063 96 1114 [na]
111 1045 264 1127 quendam⁷
280 1052 363 1111 dedit.
385 1048 454 1128 174.
476 1054 513 1111 ’st
533 1057 694 1128 peregrinus
713 1053 793 1130 (cum
814 1059 907 1113 ciuem
922 1059 1105 1148 Romanam
1094 1045 1135 1093 20

109 1155 142 1194 se
158 1130 320 1207 crederet)⁸
337 1139 424 1194 ciuem
439 1139 586 1195 Romanam
603 1156 715 1196 uxorem
731 1141 850 1211 duxerit,
867 1159 899 1196 an
917 1158 956 1197 ecc
971 1150 1082 1197 senatus
1095 1113 1145 1151 '⁵'

50 1263 57 1269 -
110 1221 241 1279 consulto
258 1239 380 1278 causam
395 1223 522 1296 prothare
533 1229 634 1295 possit,
652 1227 808 1299 quaesitum
826 1219 891 1281 est⁹
916 1241 971 1282 uec
987 1232 1082 1282 tamen

108 1313 218 1378 potest,
234 1310 302 1379 quia
313 1309 344 1364 id
350 1312 509 1381 perepriaa
525 1316 646 1366 senatus
656 1313 786 1367 consulto
797 1328 855 1366 nou
866 1313 972 1381 daltur,
989 1327 1082 1382 quam·

111 1393 156 1446 uis
183 1393 246 1462 ipse
271 1392 402 1464 deceptus
428 1393 497 1449 male
521 1394 608 1449 ciuem
634 1395 785 1450 Romanam
810 1397 942 1466 duxerit,
969 1388 1079 1462 uisi¹⁰i

112 1478 171 1530 hoc
186 1477 211 1530 ei
227 1475 375 1548 specialiter
396 1492 557 1532 concessum
580 1487 631 1534 est.
666 1479 714 1534 sed
735 1495 795 1535 oum
816 1482 978 1554 peregrinus
994 1483 1079 1536 ciuem

109 1561 262 1615 Romanam
276 1576 384 1616 uxorem
395 1561 517 1616 duxisset
531 1571 558 1617 et
568 1559 622 1618 filio
634 1572 699 1619 nato
711 1563 775 1619 alias
789 1565 925 1620 ciuitatem
935 1564 1079 1620 Romanam

110 1653 282 1700 consecutus
297 1654 380 1715 osset,
395 1645 492 1702 deiude
508 1662 568 1702 cum
584 1657 775 1720 quaereretur,
793 1665 826 1703 an
842 1665 949 1704 causam
965 1648 1081 1722 probare

110 1739 219 1802 posset,
232 1730 374 1802 rescripsit
386 1730 535 1803 imperator
547 1733 708 1801 Antoninus,
722 1733 834 1806 perinde
846 1749 928 1806 posse
943 1749 1008 1789 eum
1019 1749 1080 1788 cau-

111 1829 169 1868 sam
182 1815 309 1887 prcbare,
325 1823 408 1887 atque
419 1815 441 1869 si
454 1818 616 1889 peregrinus
628 1819 780 1874 mansisset.
805 1833 839 1872 er
851 1833 905 1889 quo
916 1815 1080 1888 colligimus,

111 1899 195 1954 etiam
207 1899 383 1972 peregrinum
398 1915 504 1955 causam
516 1903 631 1973 probare
644 1917 737 1973 posse.
763 1896 807 1956 75.
825 1899 861 1954 lix
873 1901 918 1970 iis,
932 1916 1001 1972 quae
1015 1899 1081 1956 dixi·

190 2046 210 2114 ¹)
226 2049 270 2098 Ex
294 2050 321 2098 V
322 2045 343 2080 ⁸²
361 2057 385 2098 et
407 2050 498 2102 uisci.
518 2051 612 2102 Scied.
670 2047 691 2117 ²)
710 2051 808 2100 Sensus
826 2052 979 2115 empticaudi
1002 2065 1082 2100 causa

110 2123 232 2179 restitui,
252 2123 320 2170 notis
340 2123 466 2184 scriptum
489 2123 635 2172 arbitratus
655 2121 754 2181 (σπη’,
775 2119 924 2180 ‘consuit0',
941 2118 1037 2170 ‘nihii'
1058 2129 1083 2170 et

112 2189 277 2243 ‘caueatur'.
351 2187 373 2256 ³)
388 2192 451 2242 Item
465 2195 569 2244 restitui
583 2195 651 2244 uotis
665 2195 791 2244 adhibitis
808 2195 834 2242 iu
855 2189 919 2241 ‘uel'
936 2200 962 2242 et
977 2189 1081 2256 ‘propo-

111 2261 215 2314 natur’.
268 2258 289 2327 ⁴)
310 2261 356 2312 Sic
375 2280 444 2313 nuuc
463 2281 528 2328 quae
551 2266 644 2315 desunt
666 2269 803 2314 restituere
827 2266 919 2326 malui,
942 2279 999 2314 cum
1017 2264 1042 2312 ni
1061 2263 1082 2312 si

111 2337 229 2384 initian.
245 2345 279 2384 19.
295 2341 392 2384 certum
406 2350 461 2386 eoae
471 2337 599 2386 videatur.
657 2333 677 2402 ⁵)
694 2337 969 2387 Probabilemseuaum
979 2335 1083 2383 restitui

106 2422 162 2470 pro
181 2406 262 2468 spatii
281 2405 355 2455 modo
375 2412 399 2454 et
412 2408 512 2469 partim
529 2408 669 2457 secundum
688 2410 781 2458 ductus
795 2407 901 2464 Scaea„
923 2422 986 2470 quos
1000 2407 1081 2454 inter·

106 2483 219 2540 pretor:
233 2476 368 2524 anniculum
385 2477 436 2525 filio
451 2478 505 2526 lact.
520 2493 621 2527 necesse
636 2479 674 2527 sit.
703 2479 791 2544 Ipitur
809 2495 831 2528 u.
853 2474 966 2527 ‘attinet'
987 2478 1081 2527 omissa

111 2555 161 2602 est.
176 2555 204 2596 ut
214 2548 277 2610 fieri
294 2549 359 2596 solet
373 2548 405 2611 (1,
420 2560 468 2600 tat.
487 2562 507 2600 a.
522 2547 568 2613 80).
630 2547 652 2614 ⁶)
667 2551 768 2599 Ductus
786 2548 878 2598 Scaea.
897 2564 1005 2598 seruans
1024 2554 1080 2596 tau·

112 2634 192 2683 quum
206 2624 282 2667 notas
296 2633 348 2668 mou
362 2621 523 2670 continentes
536 2622 649 2670 restitui.
708 2618 727 2684 7)
741 2620 867 2670 Similiter
882 2621 985 2668 restitui
999 2618 1081 2683 (eram

112 2687 237 2754 epistula).
256 2689 369 2738 tuendum
388 2706 422 2740 eac
440 2689 541 2740 Blultm.
560 2690 652 2740 Scied.
672 2693 730 2740 edd.
767 2690 820 2740 Sed
836 2690 982 2741 Gaeaclteua
993 2691 1081 2752 prima

112 2763 204 2810 littera
218 2762 321 2808 incerto
335 2762 392 2810 uisa
406 2769 452 2810 est.
481 2762 525 2810 Ad
538 2778 592 2811 rem
606 2763 640 2822 cf.
656 2761 793 2826 Schultiup
803 2777 855 2824 pro
870 2762 1007 2824 rescriptis
1021 2762 1080 2822 imp.

112 2834 173 2894 §.4.
199 2830 303 2880 Praelata
314 2831 411 2880 InatI.
427 2834 451 2894 ξ,
462 2844 510 2884 111.
567 2829 587 2896 8)
605 2833 679 2882 Nunc
695 2833 733 2898 (in
749 2834 788 2882 ed.
799 2832 822 2897 t)
833 2833 932 2881 addidi.
959 2831 997 2894 Cf.
1013 2833 1079 2892 5315.

114 2899 136 2968 ⁹)
152 2902 229 2951 Haec
244 2903 346 2965 quidem
356 2907 383 2950 in
400 2902 425 2951 V
426 2899 446 2938 'i
457 2901 492 2970 (et
501 2905 622 2954 similiter
633 2906 659 2952 iu
669 2903 759 2968 Suppl.
771 2902 808 2952 St.
816 2919 843 2966 p.
858 2901 980 2966 XXIII.)
995 2918 1081 2966 quom·

111 2976 153 3024 uio
170 2973 196 3022 0.
211 2973 256 3022 iic
270 2973 426 3036 difficillima
441 2976 517 3032 lectu,
532 2976 608 3024 etium
623 2976 714 3024 iudea
729 2975 815 3024 uerbis
829 2975 922 3022 duxerit
936 2988 965 3022 an
980 2975 1081 3037 aliqua-

111 3053 189 3095 tenus
203 3050 277 3093 certa
291 3045 426 3097 uidentur:
443 3047 490 3094 sed
508 3053 591 3096 tanuen
609 3046 625 3094 b
645 3048 736 3095 lectum
751 3047 845 3110 putaui
859 3061 911 3108 pra
924 3047 938 3094 c
953 3042 1080 3112 (causam).

115 3114 188 3175 Quae
207 3129 269 3164 aero
289 3114 338 3162 Kr.
358 3115 397 3164 ed.
418 3128 430 3166 a
449 3117 542 3170 deinde
557 3118 679 3179 proxime
694 3125 755 3180 post
773 3119 893 3167 lacunam
912 3117 987 3180 quasi
1005 3117 1033 3164 im
1054 3115 1079 3164 0.

111 3189 180 3236 lecta
190 3193 216 3236 et
225 3193 324 3234 tautum
333 3187 409 3236 initio
419 3189 535 3250 suppleto
546 3187 634 3236 iubet:
649 3185 778 3251 ‘probare
795 3187 798 3253 Ι
815 3202 911 3236 oausam
923 3201 969 3236 non
980 3183 1080 3249 potcst’,

110 3274 143 3306 ea
158 3259 236 3308 etiam
250 3255 341 3320 Suppl.
356 3255 393 3306 St.
405 3273 433 3320 p.
453 3257 560 3307 XXIII
570 3261 693 3322 ignorata
712 3259 779 3322 uude
793 3266 894 3322 sumpta
908 3260 961 3307 siut
975 3265 1001 3305 et
1019 3257 1083 3320 quid

109 3328 163 3378 sibi
176 3329 266 3384 uelint,
281 3343 332 3377 uon
346 3329 430 3378 uideo.
489 3325 521 3394 ¹⁰)
536 3329 694 3379 Huiusmodi
707 3331 771 3394 quid
784 3337 853 3379 certe
866 3343 957 3379 sensus
969 3327 1080 3390 flagitat,

109 3408 208 3450 etcum
222 3415 239 3448 a
253 3398 327 3448 Sido
346 3402 431 3448 relata
451 3401 588 3450 concinere
606 3401 770 3458 uiderentur,
789 3401 854 3450 ltuec
868 3412 981 3463 quaque,
1000 3410 1080 3458 imm·

110 3487 188 3535 quam
203 3472 288 3518 mimus
302 3477 388 3529 certa,
403 3472 430 3519 iu
444 3478 541 3520 textum
555 3473 673 3535 recipere
688 3479 796 3520 conatus
809 3487 871 3519 sum.

184 3592 211 3662 ᾖ.
227 3598 269 3646 74.
292 3595 331 3658 Cf.
345 3610 427 3658 supra
441 3597 464 3657 i.
479 3607 513 3646 aa.
583 3591 607 3663 §-
624 3597 666 3646 75.
683 3596 721 3659 Cf.
737 3597 759 3658 ς.
775 3607 810 3647 68.
