2672 4112
447 253 482 287 nn
500 253 613 288 unumve
631 254 710 288 umus
727 255 758 289 11.
1043 247 1083 306 51

118 380 213 438 dianda
234 388 287 436 est.
318 381 371 435 iam
385 379 457 435 ritus
472 378 585 434 familiae
600 388 761 453 patrumque
776 396 885 436 seruare
902 381 928 436 id
944 389 995 452 est,
1017 398 1085 455 quo·

117 467 187 522 uiam
203 465 353 537 antiquitas
367 478 500 536 proxume
515 463 619 519 aceedit
633 463 665 518 ad
680 463 762 534 deos,
777 480 793 520 a
808 463 848 520 dis
864 467 941 538 quasi
958 465 1083 522 traditam

118 549 282 622 religionem
299 549 380 604 tueri.

179 631 261 699 Quod
274 639 373 687 autem
394 647 427 686 ex
442 631 581 686 hominurn
602 646 703 703 genere
724 640 908 704 consecratos,
927 633 998 688 siout
1017 632 1085 690 Her·

117 717 204 774 culem
219 724 249 772 et
264 723 384 785 eeteros,
406 714 460 772 coli
474 714 517 769 lex
532 713 615 784 iubet,
638 711 747 785 indicat,
769 718 887 773 omnium
903 716 1011 789 quidem
1026 719 1082 772 ani·

117 817 176 857 mos
198 799 352 856 inmortalis
373 815 445 869 esse,
468 807 510 854 set
532 797 646 854 sortium
666 797 854 872 bonorumque
875 801 990 856 diuinos.
1035 797 1083 859 28.

117 883 187 940 hene
201 900 280 954 uero,
296 883 369 956 quod
385 883 470 952 Mens,
485 881 583 952 Pietas,
597 881 696 953 Virtus,
708 881 788 938 llldes
804 893 977 940 cousecratur
992 901 1082 955 manu,

117 985 232 1042 quarum
253 969 374 1022 omnium
392 966 492 1022 Romae
513 965 635 1022 dedicata
649 965 756 1040 publice
773 967 873 1040 templa
894 976 969 1038 sunt,
992 969 1083 1026 utilia

117 1054 162 1124 qui
184 1051 313 1123 habeant,
336 1050 436 1106 hebent
455 1057 545 1105 autem
567 1066 661 1106 omnes
675 1049 749 1120 boni,
771 1049 837 1106 deos
853 1052 927 1124 ipsos
943 1053 1082 1110 inanimis

116 1139 172 1191 suis
201 1135 360 1192 conlocatus
381 1141 488 1208 putent.
531 1150 592 1190 nam
613 1133 680 1188 illud
701 1136 831 1190 uitiosum
851 1135 975 1205 Athenis,
998 1135 1082 1208 quod,

20 1237 21 1240 ¹
116 1219 232 1292 Cylonio
254 1218 358 1274 scelere
381 1219 505 1291 expiato,
528 1217 782 1290 EpimenideCrete
805 1219 936 1274 suadente
958 1219 1084 1276 iecerunt

117 1301 417 1360 Contumeliaelanum
440 1309 468 1357 et
489 1301 680 1374 inpudentiam
703 1303 819 1357 uirtutes
842 1303 923 1372 enim,
945 1319 1001 1358 non
1017 1305 1083 1360 uitia

116 1402 280 1442 consecrare
300 1385 383 1442 decet
420 1402 519 1458 araque
531 1393 648 1440 uetusta
670 1387 697 1440 in
715 1385 820 1441 Palatio
836 1385 929 1442 l'ebris
950 1396 978 1442 et
998 1387 1083 1444 altera

50 1483 54 1490 ·
117 1469 251 1542 Esquiliis
264 1469 343 1525 lialae
358 1470 492 1525 Fortunae
513 1469 703 1542 detestataque
725 1471 813 1525 omnia
834 1471 894 1526 eius
914 1470 986 1526 modi
1001 1488 1082 1544 repu-

116 1553 218 1610 dianda
244 1561 316 1608 sunt.
351 1553 426 1626 quod
447 1555 472 1608 si
493 1551 618 1626 fingenda
639 1554 762 1625 nomina,
785 1554 863 1609 Vicae
884 1553 968 1610 Potae
989 1557 1081 1627 potius

20 1657 22 1698 ῑ
114 1636 244 1694 uincendi
258 1644 340 1710 atque
355 1636 490 1711 potiundi,
505 1636 597 1692 Statae
612 1637 711 1708 standi,
734 1639 952 1710 cognominaque
965 1638 1081 1696 Statoris

114 1729 143 1778 et
157 1721 256 1778 Inuicti
270 1721 362 1790 louis„
372 1736 520 1794 rerumque
535 1721 745 1793 expetendarum
760 1723 878 1792 nomina,
900 1721 1011 1794 Salutis,
1029 1723 1081 1779 llo·

113 1807 202 1877 noris,
225 1805 303 1878 Opis,
321 1805 472 1872 Victoriae3
495 1807 676 1878 quoniamque
691 1806 878 1878 expectatione
891 1822 983 1860 rerum
998 1805 1081 1862 hona·

112 1907 176 1946 rum
197 1890 315 1962 erigitur
336 1891 456 1961 animus,
475 1897 551 1944 reete
572 1891 651 1944 etiam
674 1887 773 1962 Spes-a
787 1888 907 1944 Calatino
923 1897 1081 1945 consecrata

20 2021 21 2054 ,
113 1982 174 2042 est3
188 1973 365 2046 Fortunaeque
380 1975 415 2028 sit
431 1973 476 2028 uel
490 1972 608 2028 Huiusce
624 1972 687 2041 diei,
703 1989 765 2028 nam
780 1972 853 2026 ualet
864 1974 892 2026 in
904 1987 997 2026 omnes
1013 1972 1081 2043 dies,

20 2061 22 2078 '
114 2057 164 2114 uel
177 2056 343 2130 Respiciens,
367 2057 400 2112 ad
422 2073 501 2130 opem
522 2055 672 2126 ferendam,
695 2055 739 2110 uel
762 2053 840 2126 llors,
862 2055 890 2109 in
913 2071 968 2128 quo
983 2055 1080 2112 incerti

21 2147 22 2150 ’
114 2157 197 2198 casus
217 2139 407 2214 significantur
427 2142 521 2214 magis,
543 2140 589 2196 uel
602 2140 773 2212 Primigenia,
795 2155 809 2218 a
825 2138 963 2212 gignendo
979 2155 1079 2196 comes.

179 2224 233 2281 xli.
256 2220 306 2284 22
328 2225 395 2280 Tum
409 2223 539 2280 seriarum
554 2225 741 2296 festorumque
754 2222 859 2278 dierum
870 2223 939 2278 ratio
949 2224 978 2278 in
988 2221 1080 2278 liberis

113 2310 266 2382 requietem
282 2309 362 2364 habet
376 2309 464 2364 litium
478 2315 507 2364 et
520 2310 681 2379 iurgiorum,
697 2309 724 2362 in
739 2307 827 2362 seruis
841 2323 953 2380 operum
966 2315 993 2362 et
1005 2306 1078 2363 labo·

114 2409 191 2461 rum3
219 2408 285 2466 quas
315 2394 468 2465 conpositio
497 2393 557 2447 anni
580 2391 705 2448 conferre
726 2389 806 2446 debet
828 2390 859 2445 ad
881 2390 1077 2463 perfectionem

21 2491 22 2500 ³
115 2492 231 2549 operum
243 2477 420 2532 rusticorum
455 2475 529 2549 quod
545 2483 662 2548 tempus,
677 2483 708 2530 ut
723 2472 918 2530 sacrificiorum
933 2473 1078 2530 libamenta

114 2569 260 2616 seruentur
274 2560 403 2632 fetusque
418 2575 557 2634 pecorum,
579 2575 647 2632 quae
668 2559 737 2614 dieta
752 2560 779 2614 in
793 2557 855 2630 lege
870 2565 943 2628 sunt,
964 2559 1079 2632 diligen·

113 2652 161 2699 ter
179 2642 299 2700 habenda
317 2646 387 2700 ratio
409 2643 583 2700 intercalandi
603 2651 662 2711 est,
676 2643 759 2715 'quod
779 2643 935 2700 institutum
955 2645 1043 2716 perite
1064 2660 1079 2698 a

111 2727 198 2784 Numa
212 2729 398 2801 posteriorum
413 2725 573 2802 pontificum
587 2727 760 2800 neglegentia
775 2725 938 2782 dissolutum
954 2734 1006 2783 est.
1026 2728 1079 2782 iam

111 2811 181 2868 illud
195 2828 230 2868 ex
245 2813 379 2868 institutis
393 2809 552 2886 pontificum
567 2819 595 2866 et
609 2812 763 2884 aruspicum
777 2826 832 2866 non
852 2809 1009 2866 mutandum
1025 2818 1078 2882 est,

112 2895 213 2970 quibus
236 2896 334 2952 hostiis
354 2895 547 2952 immolandum
563 2896 689 2968 ¹quoique
709 2894 770 2963 deo,
793 2893 837 2950 cui
857 2893 1012 2963 maioribus,
1033 2895 1078 2951 ¹cni

110 2978 287 3052 lactentibus,
300 2979 501 3049 coimaribus,
524 2981 567 3036 cui
589 2979 704 3035 leminis.
741 2977 833 3050 plnres
854 2983 944 3032 autem
965 2978 1078 3033 deorum

110 3067 245 3134 omnium,
268 3064 370 3136 singuli
390 3064 562 3138 singulorum
583 3062 738 3118 sacerdotes
764 3070 792 3117 et
810 3060 992 3134 respondendi
1011 3059 1077 3118 iuris

110 3158 139 3204 et
154 3142 396 3206 conficiendarum¹
413 3147 578 3222 religionum
594 3146 749 3202 facultatem
765 3144 901 3204 adierunt.
940 3162 1078 3218 quomque

108 3232 191 3288 Vesta
207 3233 290 3306 quasi
300 3231 391 3288 iocum
407 3232 492 3302 urhis,
508 3239 539 3288 ut
550 3231 652 3287 Graeco
667 3231 776 3285 nomine
789 3237 831 3284 est
842 3229 986 3302 appellata,
1003 3229 1077 3303 quod

109 3333 162 3372 nos
176 3333 266 3390 prope
280 3315 352 3372 idem
364 3315 503 3386 Graecum,
520 3311 597 3389 (non)
609 3317 815 3387 interpretatum
828 3329 926 3369 nomen
942 3322 1076 3382 tenemus,

110 3401 243 3474 conplexa
257 3401 302 3470 sit,
324 3402 349 3456 ei
363 3400 492 3457 colendae
508 3400 628 3473 uirgines
643 3400 771 3472 praesint,
792 3405 823 3453 ut
837 3397 1001 3470 aduigiletur
1012 3395 1077 3452 iaci·

111 3515 318 3524 -.-.—-.--

185 3569 207 3638 ¹)
222 3573 411 3622 confitendorum
425 3571 476 3621 AB
488 3572 528 3622 ed.
544 3570 574 3620 V.

827 3657 864 3706 4*
