2684 4112
254 196 318 262 478
502 217 567 252 1vn11
586 215 680 252 runnu
699 217 769 251 auur.
788 199 822 252 II.
844 204 954 252 15—17.

254 350 365 421 nauigat
388 348 478 415 nauis,
501 344 618 400 infinitas
641 362 735 400 usuras
756 347 876 418 recipere
896 354 996 418 potest.
1040 345 1069 402 4.
1092 346 1204 420 Usurac‚

255 448 322 504 quae
338 431 510 487 centesimam
527 429 668 498 ereetum,
691 429 750 502 'per
765 423 902 484 errorcrn¹
919 430 1024 485 solutae
1039 433 1126 503 repeti
1142 449 1206 504 pos·

208 525 213 536 “
255 522 326 570 sunt.
370 510 397 570 ὕ.
423 507 470 568 ²st
486 514 545 585 quis
568 514 683 585 pignora
699 511 829 568 debitoris
849 515 915 568 citra
935 515 1119 570 auctoritatem
1136 516 1204 572 iudi·
1216 522 1278 571 [³81]

254 599 339 655 cantis
368 597 521 666 abduxerit,
545 596 689 652 uiolentiae
712 597 812 650 crimen
832 596 956 652 admittit.
1000 593 1028 654 6.
1052 591 1155 654 ³Tutor
1176 601 1205 656 in

254 698 349 738 usuras
366 698 420 736 non
437 681 612 750 conuentum,
636 681 658 734 si
674 680 813 751 pecuniam
830 680 987 752 pupillarem
1002 681 1063 738 idco
1078 699 1133 738 non
1148 681 1205 738 col-

254 765 363 836 locauit,
380 764 451 837 quod
468 763 565 820 idonea
581 765 687 818 nomina
703 779 757 818 non
773 763 897 833 nabetur,
914 763 1010 836 quibus
1025 768 1137 838 pecunia
1148 765 1205 822 col·

253 850 404 905 locaretur:
434 849 510 903 cuius
532 849 571 902 rei
593 847 754 902 contestatio
783 847 852 919 apud
874 849 1024 920 praesidem
1046 851 1205 922 prouinciae

253 931 410 1007 deponenda
426 940 478 988 est.

352 1009 398 1091 [t.
415 1015 464 1072 15.
482 1013 533 1072 49.
556 1015 590 1071 1).
605 1015 640 1068 ue
653 1017 745 1084 peric.
763 1021 789 1069 er
805 1016 879 1070 aum.
896 1022 947 1072 tut.
964 1009 1028 1093 (26,
1046 1010 1103 1093 7).]

533 1167 596 1207 TIT.
612 1166 661 1206 XV.
692 1165 733 1205 DE
749 1165 917 1207 MANDATIS.

317 1251 342 1310 1.
368 1245 423 1307 ⁴Ob
445 1250 558 1306 subitam
582 1249 775 1320 ualetudinem,
799 1251 832 1306 oh
854 1254 1031 1308 necessariam
1050 1257 1205 1328 peregriua·

255 1339 366 1406 tionem,
383 1334 416 1389 ub
433 1335 605 1402 inimicitiam,
620 1341 647 1388 et
662 1334 756 1388 ’inanis
771 1335 810 1390 rei
826 1330 972 1390 actionem⁵
987 1333 1082 1412 ’dauci6
1098 1339 1203 1412 integra

253 1419 339 1474 adhuc
361 1434 439 1473 causa
462 1417 578 1472 mandati
600 1417 714 1490 'negotii
735 1409 776 1472 εἰ7
798 1420 944 1474 renuntiari
966 1428 1066 1492 potest.
1102 1419 1132 1479 2.
1156 1417 1204 1478 8Si

253 1503 320 1556 meis
336 1503 451 1556 nummis
466 1501 591 1556 mandato
609 1509 656 1556 tuo
672 1499 769 1572 aliquid
788 1501 834 1556 riti
854 1519 1060 1576 compararem,
1082 1507 1133 1561 etsi
1147 1523 1204 1562 rem

253 1591 347 1658 postea
360 1586 480 1657 accipere
492 1585 573 1653 nolis,
585 1584 702 1639 mandati
718 1585 787 1640 actio
799 1585 862 1640 mihi
878 1586 1007 1642 aduersus
1025 1595 1051 1644 te
1067 1591 1205 1663 competit.

252 1668 313 1724 'nec
328 1661 426 1723 ctiam⁹
443 1677 545 1723 tantum
567 1669 639 1740 quod
661 1670 811 1741 impensum
832 1677 889 1741 est,
908 1669 956 1724 sed
978 1679 1006 1725 et
1029 1689 1123 1727 usuras
1146 1675 1203 1728 eius

252 1753 381 1824 consequi
401 1769 522 1824 possum.
565 1748 596 1811 3.
622 1745 732 1806 ¹⁰Gerto
754 1752 843 1824 pretio
866 1767 922 1808 rem
944 1755 1034 1810 iussus
1056 1755 1204 1812 distrahere

252 1836 275 1890 si
299 1837 409 1892 minoris
433 1835 599 1908 uendidarit,
622 1834 737 1890 mandati
758 1835 857 1892 iudicio
879 1837 959 1910 pretii
981 1855 1082 1894 summa
1104 1842 1205 1914 poterit

252 1921 393 1996 integrari.
430 1920 614 1976 uenditionem
630 1921 700 1976 enim
716 1917 828 1976 dissolui
844 1937 897 1976 non
914 1921 1023 1994 placuit.

556 2073 619 2112 TIT.
635 2070 699 2113 XVI·
724 2069 783 2112 PRO
801 2071 901 2114 80010.

316 2156 342 2216 l.
367 2151 607 2228 ¹¹Sicut1ucrum,
630 2159 667 2212 ita
683 2165 711 2212 et
726 2157 851 2212 damnum
866 2159 937 2214 inter
952 2161 1041 2214 socios
1057 2162 1204 2216 communi·

252 2250 344 2298 catur:
362 2243 413 2298 nisi
430 2241 494 2314 quid
510 2241 589 2314 culpa
603 2241 669 2296 socii
686 2239 730 2296 uel
745 2240 838 2296 iraude
854 2258 979 2298 euersum
994 2245 1037 2298 sit.
1197 2249 1200 2254 ’

446 2381 507 2421 TIT.
524 2382 600 2423 XVII·
630 2383 672 2422 EX
686 2383 790 2424 EMPTO
802 2385 843 2424 ET
857 2383 1006 2426 VENDITO.

315 2463 340 2524 1.
366 2458 529 2521 ¹²Venditor
551 2467 573 2522 si
590 2467 646 2522 eius
662 2469 712 2538 rei,
736 2485 814 2540 quam
830 2469 992 2538 uendiderit,
1011 2469 1134 2528 domiuus
1149 2490 1203 2529 uon

253 2553 303 2620 sit,
321 2551 409 2622 pretio
426 2557 536 2622 accepto
552 2551 721 2606 auctoritatis
737 2551 851 2607 manebit
873 2551 1017 2608 obnoxius:
1037 2555 1115 2610 aliter
1134 2559 1203 2612 enim

327 2696 347 2765 1)
362 2697 422 2748 Siue
437 2714 488 2762 per
506 2701 603 2749 cuiculi
620 2715 749 2759 errorem,
768 2703 821 2751 siue
840 2705 897 2766 quia
910 2705 1021 2753 maiores
1035 2720 1129 2754 ucuraa
1138 2721 1204 2770 pru-

252 2773 343 2820 miacos
357 2784 411 2818 erae
422 2770 494 2833 sulco
508 2772 651 2832 putauerit.
684 2770 810 2835 Utrcequc
824 2775 922 2822 solutae
937 2789 1032 2824 usurae
1045 2783 1138 2826 cortem
1152 2791 1203 2826 non

209 2855 212 2860 ¹
252 2843 376 2902 minuunt,
391 2842 452 2904 quia
465 2842 559 2890 solutio
570 2843 688 2890 illicitam
698 2857 800 2892 caueam
810 2843 952 2906 nonhabet,
962 2847 1202 2908 cicutinccsuffl.

254 2908 275 2976 ²)
293 2911 331 2971 uf.
346 2921 367 2968 o,
382 2923 415 2962 26.
431 2912 454 2971 ξ.
469 2922 490 2962 4.
543 2907 563 2977 8)
580 2912 618 2975 Cf.
633 2912 665 2960 L.
680 2924 700 2964 a.
722 2913 747 2962 0.
763 2914 794 2962 de
809 2929 879 2962 usur.
890 2917 985 2978 pupiil.
1001 2913 1033 2981 (o,
1047 2916 1093 2982 os).

326 2981 374 3030 Tit.
393 2981 456 3030 XV.
503 2978 524 3047 ⁴)
546 2982 585 3046 Of.
604 2985 628 3044 ξ.
648 2995 682 3032 11.
704 2982 727 3031 l.
746 2983 778 3032 de
797 2985 880 3034 mand.
897 2983 928 3050 (a,
943 2983 989 3050 aa).
1009 2986 1041 3036 L.
1055 2997 1152 3039 sa-ao.
1171 2987 1203 3036 D.

252 3053 335 3100 mund.
348 3050 393 3118 (1⁷,
403 3049 436 3116 1).
484 3050 505 3118 ὅ)
523 3052 583 3102 oud.
596 3066 615 3103 1.
627 3064 646 3102 2.
658 3065 677 3104 6.
689 3065 708 3103 a.
727 3051 837 3103 Sensus:
852 3056 912 3118 quia
922 3057 1024 3104 inanem
1033 3072 1087 3106 rem
1096 3065 1205 3107 acturus

252 3129 325 3172 ercet.
345 3123 428 3170 inanes
442 3123 478 3172 rei
493 3124 599 3172 actiones
613 3139 648 3173 eac
662 3125 723 3172 aliia
734 3123 796 3172 odd.
811 3131 836 3174 et
849 3124 881 3176 L.
891 3137 925 3176 24.
945 3127 977 3174 Ι).
988 3128 1044 3178 eod.
1054 3128 1093 3177 ed.
1105 3127 1138 3179 A.
1150 3128 1205 3178 Pro

253 3201 276 3240 et
290 3195 375 3242 malim
389 3199 442 3254 aut3
457 3209 515 3242 num
528 3194 592 3242 daec
607 3208 687 3242 cauea
701 3208 752 3243 non
767 3195 794 3243 in
803 3209 919 3258 persona
928 3197 975 3246 sed
984 3198 1012 3246 in
1021 3212 1051 3248 re
1061 3200 1150 3261 posita
1159 3205 1203 3248 eat.

253 3260 274 3329 ⁰)
290 3263 391 3313 Addidi
395 3281 405 3321 ,¹
415 3265 506 3327 periit,
522 3279 577 3313 cum
591 3265 716 3326 scriptum
731 3272 796 3314 esset
809 3266 897 3315 actiori.
926 3267 964 3316 De
978 3283 1007 3316 re
1021 3269 1055 3332 cf.
1071 3271 1097 3317 tt.
1113 3284 1151 3319 cc.

255 3331 275 3399 ⁷)
291 3335 409 3396 negotium
424 3335 513 3396 optimi
528 3333 590 3382 oud.
606 3334 699 3395 negotio
714 3337 769 3392 ulii,
783 3336 841 3385 edd.
906 3334 927 3403 ⁸)
944 3338 980 3400 Cf.
997 3337 1028 3387 L.
1045 3349 1078 3389 12.
1093 3341 1116 3401 §-
1132 3350 1153 3390 9.
1172 3339 1204 3388 D.

252 3407 336 3454 moad.
353 3405 397 3470 (ιτ,
408 3402 441 3468 1).
480 3399 501 3468 ⁹)
518 3418 563 3451 non
575 3405 637 3452 cuim
649 3403 710 3452 Odd.
721 3405 778 3454 edd.
820 3403 852 3472 ¹⁰)
864 3407 902 3470 Of.
912 3407 944 3459 L,
955 3418 975 3458 o.
991 3411 1031 3470 §5-
1041 3421 1062 3460 c.
1071 3421 1093 3460 t.
1108 3409 1140 3458 I).
1151 3407 1176 3458 Ιι.
1185 3417 1204 3458 t.

327 3474 375 3522 tir.
394 3473 471 3522 XVI.
513 3470 545 3537 11)
563 3473 601 3535 Cf.
616 3473 648 3522 L.
662 3485 696 3526 aa.
712 3477 734 3537 ξ.
748 3488 769 3525 4.
789 3477 821 3525 D.
832 3492 884 3540 pru
898 3493 951 3528 roc.
967 3477 1011 3544 (ra,
1026 3478 1058 3544 a).

326 3544 374 3594 Tit.
394 3543 484 3592 XVII.
527 3540 559 3609 ¹⁹)
576 3543 613 3606 Cf.
629 3543 660 3594 L.
676 3557 708 3596 ra.
730 3547 768 3607 ἐξ.
784 3559 804 3598 c.
820 3559 840 3598 a.
859 3547 891 3596 D.
907 3549 938 3598 de
952 3557 1002 3599 aet.
1018 3552 1094 3614 empti
1107 3552 1156 3616 (aa,
1171 3546 1205 3616 1).
