2680 4118
242 207 303 276 686
443 224 501 261 nce.
521 225 553 261 aa
570 223 630 261 aon.
650 223 741 260 naavn
758 223 865 260 coenan
884 205 944 259 ΧΠ.
964 211 988 259 t.

242 358 311 431 legis
327 355 449 430 Aquiliae
463 352 551 410 noxali
566 352 667 410 iudicio
687 345 830 425 'acturos,¹
854 354 877 408 si
891 352 946 410 litis
967 355 1117 412 aestimatio
1132 372 1193 429 per-

242 441 373 512 mittitur,
396 437 524 496 indicium
545 430 888 510 ’9999999919999999932
931 435 1062 494 Videlicet
1076 454 1130 495 non
1152 447 1195 496 est

243 523 310 582 'uisa
326 515 444 596 Aquilia³
460 518 594 578 sulficere.
637 515 665 578 7.
689 513 730 576 ⁴Si
751 519 927 578 ’lornacarins
942 537 1074 578 seruosne
1088 522 1192 580 aedium
1204 537 1267 588 [999]

242 607 415 666 conductoris
428 599 567 662 coloniue⁵
577 603 609 660 ad
622 603 756 661 fornacem
767 603 968 676 'obdormisset,
984 597 1026 661 et⁶
1037 604 1099 662 uilla
1110 605 1193 664 luerit

243 699 345 764 exusta,
360 689 484 746 Neratius
499 687 603 759 scribit,
619 704 650 745 ex
661 687 750 744 locato
763 697 926 744 conuentum
937 698 1074 762 praestare
1085 688 1191 764 debere,

242 777 265 833 sl
282 774 431 849 neglegens
453 775 481 829 in
504 770 634 846 eligendis
656 772 809 828 ministeriis
831 771 891 832 luit.
934 771 1058 830 Ceterum
1080 775 1102 830 ai
1124 773 1193 832 alins

242 861 331 934 ignem
347 856 491 914 subiecerit
506 855 624 926 tornaci,
647 854 714 911 alius
734 854 912 929 neglegenter
933 856 1107 928 custodierit,
1128 853 1194 934 '(an

242 944 394 1011 tenebitur,
416 944 466 1014 qai
486 931 688 1012 subieceritil⁷
731 937 795 994 llam
818 941 936 1014 quinon
957 940 1103 1014 custodiit,
1126 942 1192 998 nihil

243 1027 321 1084 lecit:
345 1027 391 1100 qni
407 1032 480 1080 reete
495 1025 584 1097 ignem
601 1021 725 1094 subiecit,
745 1038 800 1078 non
815 1023 950 1096 peccauit:
968 1024 1193 1098 quemadmodum

242 1111 265 1167 si
281 1110 416 1168 hominem
431 1107 550 1164 medicus
565 1112 639 1163 recte
653 1107 785 1177 secuerit,
805 1106 853 1163 sed
873 1106 1051 1181 neglegenter
1065 1107 1110 1166 nel
1123 1110 1192 1183 ipse,

242 1193 287 1251 nel
309 1193 377 1250 alins
392 1191 537 1262 curauerit,
560 1189 664 1262 Aquilia
680 1183 792 1246 cessat.⁸
836 1188 904 1257 Quid
925 1207 992 1264 ergo
1008 1193 1068 1248 est?
1103 1190 1135 1247 Et
1150 1193 1194 1249 hie

243 1285 309 1352 puto
326 1276 357 1332 ad
373 1275 522 1348 exemplum
538 1273 658 1347 Aquiliae
674 1272 784 1330 dandam
802 1275 933 1331 actionem
948 1284 1001 1331 tarn
1017 1277 1044 1331 in
1060 1292 1132 1348 enm,
1147 1278 1192 1350 qui

243 1361 274 1417 ad
290 1359 425 1416 fornacem
441 1356 620 1430 obdorminit,
643 1356 686 1413 uel
702 1357 881 1432 neglegenter
901 1359 1043 1432 custodiit,
1066 1376 1144 1433 quam
1165 1361 1194 1416 in

243 1441 384 1514 medicum,
401 1443 447 1516 qni
462 1440 641 1515 neglegenter
652 1442 767 1513 curauit,
781 1442 840 1498 slne
852 1441 932 1499 lxomo
945 1444 1035 1516 periit,
1051 1444 1109 1500 sine
1121 1442 1194 1500 debi-

243 1528 336 1584 litatus
351 1534 404 1582 est.
440 1524 493 1582 Nec
509 1527 650 1598 quisquam
665 1523 761 1581 dixerit
775 1526 802 1580 ln
817 1540 861 1596 eo,
881 1527 926 1599 qui
942 1526 1115 1599 obdorminit,
1137 1543 1193 1583 rem

243 1626 304 1668 enm
319 1610 462 1666 humanam
482 1616 509 1665 et
531 1607 679 1665 naturalem
702 1623 820 1682 passum,
842 1621 902 1665 cum
918 1608 1030 1667 deberet
1044 1610 1088 1668 uel
1103 1613 1192 1685 ignem

242 1695 412 1769 extinguere,
434 1692 479 1749 uel
493 1693 530 1748 ita
545 1693 658 1761 munire,
684 1698 712 1747 nt
733 1691 797 1748 'non
812 1687 999 1766 euagarctur.⁰
1041 1692 1073 1751 8.
1097 1687 1193 1750 ¹⁰ltem

242 1817 448 1828 -..—.—---

320 1880 339 1946 l)
354 1888 449 1930 aeturus
464 1876 512 1944 (es)
526 1877 565 1926 ed.
576 1875 616 1924 Bi.
632 1891 666 1925 ea
680 1878 712 1939 ej.
765 1871 849 1942 ¹)cum
864 1877 929 1926 adire
943 1883 1024 1939 potest
1032 1876 1062 1927 B.
1078 1878 1122 1928 Ve.
1135 1879 1191 1942 kap.

242 1968 287 2005 cn.
303 1952 384 2002 adhire
399 1955 478 2013 potest
497 1947 538 1997 Vi.
558 1947 737 1996 accommodare
756 1954 835 2010 potest
852 1948 892 1997 ed.
906 1947 947 1996 Bt.
975 1947 1014 1998 De
1032 1963 1062 1999 re
1074 1951 1098 1998 ai
1112 1945 1192 1998 ‘iadi-

244 2027 310 2075 cinm
324 2037 380 2073 cnm
399 2022 453 2070 titis
471 2013 656 2069 aestimatione’
677 2019 859 2081 interpretaris
877 2019 1052 2081 deformata,
1072 2033 1136 2084 qnae
1149 2020 1193 2069 de·

244 2101 328 2146 tracta
342 2106 427 2142 nonae
446 2089 575 2140 deditione
594 2088 740 2150 concipitur
753 2085 832 2152 (quad
848 2089 903 2146 feci
917 2089 1038 2139 Zeitacltr.
1055 2091 1071 2138 l.
1086 2089 1132 2156 c),
1146 2091 1193 2139 dn·

244 2166 391 2215 ditationem
403 2167 495 2218 maaet,
511 2158 579 2223 qaod
591 2157 737 2208 huiusmodi
750 2159 865 2221 sarmada
879 2161 968 2222 potins
986 2160 1110 2210 iudicium
1126 2158 1193 2212 ‘sine

244 2250 329 2286 nonae
343 2229 457 2284 datione'
473 2232 512 2279 aet
523 2225 653 2278 ‘detracta
667 2243 752 2278 nomae
765 2225 880 2279 datione’
892 2230 947 2279 dici
960 2237 985 2279 et
997 2231 1062 2280 solet
1075 2237 1099 2280 et
1112 2229 1192 2282 debet.

243 2307 334 2370 Itaque
352 2318 405 2353 rem
423 2314 540 2351 nanceio
553 2299 584 2347 L.
600 2309 633 2351 99.
657 2298 689 2348 D.
705 2299 740 2348 act
753 2301 800 2364 leg.
815 2299 902 2364 Aquil.
919 2299 955 2366 (e,
969 2299 992 2366 2)
1011 2303 1107 2364 iisqne,
1128 2317 1193 2366 quae

246 2371 350 2426 ‘Gaias’
363 2389 391 2436 p.
407 2383 454 2422 112.
474 2371 604 2433 disputavi
609 2406 615 2430 ,
634 2371 770 2432 canticare
788 2372 862 2420 malo.
890 2370 952 2434 Ipsa
967 2373 1011 2420 lea·
1024 2371 1131 2435 Aquilia
1145 2373 1192 2422 da·

245 2451 330 2495 rnnato
343 2457 402 2500 reo,
417 2442 507 2505 quanti
520 2441 788 2501 concremendam,
808 2442 875 2490 certi
889 2441 1086 2501 condictionem,
1105 2457 1140 2492 eac
1153 2444 1192 2492 in·

242 2516 369 2579 filiatione
383 2511 547 2574 duplandam,
562 2511 648 2559 actori
661 2509 803 2567 tribueram·
821 2513 907 2576 itaque
921 2513 944 2561 is
958 2512 1082 2562 indiciam
1095 2527 1130 2561 en
1143 2512 1192 2562 Aac

244 2588 298 2650 lege
315 2581 382 2632 ‘anne
392 2580 460 2647 (999)
471 2581 524 2628 litis
534 2576 721 2629 aestimatione'
733 2579 854 2631 dictabat.
880 2580 959 2641 Quam
968 2584 1086 2646 priscam
1097 2584 1192 2633 aeaeri-

244 2662 319 2705 tatem
329 2657 439 2716 praetor
457 2651 631 2708 adnationes,
651 2665 715 2714 qaae
733 2651 787 2714 ipse
805 2666 867 2700 sane
886 2653 986 2702 omnino
1004 2653 1040 2702 att
1052 2655 1192 2717 ementatum

244 2727 308 2791 legis
322 2723 443 2786 Aquiliae
457 2720 543 2777 dabat,
557 2721 710 2784 simpliciter
724 2722 870 2785 transferre
884 2721 1015 2772 dubitauit.
1043 2721 1134 2788 Itaque
1148 2737 1193 2773 eas

244 2803 272 2845 nt
286 2801 385 2845 ceteras
398 2793 519 2856 volgares
528 2792 643 2841 actiones
652 2793 782 2854 concepit:
795 2793 847 2841 nisi
856 2799 939 2842 tanuen
948 2794 1002 2856 ipse
1016 2807 1086 2852 reas,
1099 2800 1191 2842 etcum

244 2867 298 2914 titia
311 2864 486 2914 aestimatione
501 2868 635 2928 ageretur,
646 2863 818 2924 permitteret,
833 2864 923 2922 aetati,
938 2864 1007 2928 qaod
1017 2863 1117 2927 factam
1131 2878 1191 2914 eon·

242 2935 373 2996 fitedatur,
388 2940 433 2983 ant
446 2933 581 2993 metuebat,
597 2947 628 2982 ne
649 2931 730 2981 iudea
742 2933 799 2982 eine
817 2933 941 2984 eiusmodi
958 2936 1058 2984 actoris
1074 2936 1191 2984 aestima·

243 3008 325 3064 tiarae,
340 3006 447 3054 maioris
461 3019 535 3068 qnam
549 3005 603 3066 ipse
618 3009 692 3052 actor
706 3005 773 3052 litem
787 3005 968 3053 aestimaturus
986 3011 1057 3054 esset.
1074 3031 1106 3041 -
1121 3004 1192 3054 Male

244 3076 355 3139 Rndorf.
371 3073 549 3140 Recdtogesclt.
565 3074 587 3134 §-
598 3085 632 3123 tt.
647 3079 698 3123 not.
709 3085 742 3124 11.
758 3075 790 3136 ej.
805 3075 964 3136 praemittitur
973 3089 1025 3138 pro
1039 3075 1190 3138 permittitur.

246 3144 265 3210 ³)
281 3148 340 3196 visu.
355 3146 446 3210 Aquilia
461 3144 491 3196 B.
511 3145 587 3193 visum
602 3143 692 3207 Aquilia
711 3143 756 3192 Ve.
776 3143 817 3193 Vi.
837 3145 912 3194 uisum
927 3145 1041 3209 Aquiliam
1056 3145 1096 3196 ed.
1110 3144 1150 3194 Bt.

244 3215 265 3285 ⁴)
281 3217 329 3268 Est
343 3217 374 3267 L.
390 3228 422 3268 at.
438 3217 461 3278 ἕ·
477 3227 496 3266 9.
516 3214 548 3263 D.
565 3215 601 3263 ad
614 3217 661 3278 leg.
677 3213 763 3279 Aquil.
780 3212 811 3279 (9,
826 3212 857 3281 a).
920 3211 941 3281 6)
957 3216 1017 3264 torte
1032 3228 1117 3265 999999
1131 3229 1191 3279 qnae

242 3290 305 3339 idom
320 3288 477 3339 conductores
492 3285 570 3335 coloni
584 3283 614 3333 B.
635 3285 679 3336 Ve.
699 3286 759 3334 lente
774 3299 819 3349 qne
834 3286 910 3335 eidem
925 3286 1083 3336 conductores
1098 3286 1191 3335 colonia

247 3359 287 3408 Vi.
303 3358 449 3409 lornaaarius
465 3370 549 3406 seruus
564 3355 642 3404 coloni
657 3355 717 3422 neg.
748 3355 785 3419 Cf.
802 3355 925 3406 Zeitecltr.
943 3355 1023 3405 XIII.
1038 3372 1067 3420 p.
1081 3368 1116 3408 41.

243 3427 383 3494 ⁸)Malim:
401 3425 478 3493 (cnm)
493 3427 658 3476 obdormisset.
733 3423 753 3484 l)
767 3425 812 3476 Er
830 3427 890 3492 Dig.
904 3429 987 3490 sappi.
1002 3425 1043 3476 Bi.
1116 3422 1137 3491 8)
1153 3424 1192 3489 Of.

242 3499 273 3547 L.
290 3511 302 3550 a
313 3516 356 3562 pr.
372 3499 404 3547 L.
419 3509 439 3548 t.
454 3500 477 3560 ἕ.
494 3509 513 3548 9.
529 3497 561 3546 Ι).
576 3497 612 3547 ad
625 3499 673 3562 leg.
688 3497 776 3560 Aquil.
791 3496 821 3562 (9,
831 3496 862 3562 a).
913 3493 935 3564 θ)
950 3497 995 3546 Eae
1005 3498 1067 3563 ¹Dig⁸
1084 3502 1194 3558 enegarat

240 3567 272 3616 B.
294 3569 338 3618 Ve.
359 3567 472 3618 euaderet
495 3567 535 3618 Vi.
560 3574 670 3630 congeret
688 3568 727 3617 ed.
747 3566 788 3617 Bl.
854 3563 887 3633 ¹⁰)
901 3567 998 3617 Restm
1015 3568 1047 3616 L.
1067 3578 1100 3620 m.
1120 3568 1143 3629 ἓ.
1159 3577 1193 3618 19.
