2696 4120
421 251 480 290 oen
498 254 596 290 rnsrrr.
614 235 665 291 ΠΙ.
683 241 793 294 57-58.
1027 236 1091 303 299

126 397 265 467 tuebatur,
281 394 382 452 liberos
397 411 457 452 esse
472 399 596 470 coepisse
608 403 634 452 et
646 395 793 470 appellatos
809 413 869 452 esse
881 396 989 454 Latinos
1004 395 1092 454 lunia-

126 499 192 550 nos3
215 479 326 536 Latinos
342 479 420 550 ideo,
443 483 506 553 quia
527 481 570 537 lex
593 497 641 536 eos
663 481 765 537 liberos
786 481 897 554 perinde
919 498 979 538 esse
1003 481 1092 538 uoluit

126 578 210 640 atque
227 563 284 638 'qui
300 581 365 622 cum
380 573 473 622 essent
493 566 566 621 ciues
581 565 692 623 Romani
710 559 846 640 ingentii
867 582 898 620 er
920 566 987 622 urbe
1007 565 1091 622 Roma

127 653 156 707 iu
170 649 279 706 Latinas
299 649 418 704 colonias
440 648 560 721 deducti,
580 649 667 706 Latini
688 649 829 707 coloniarii
849 667 909 706 esse
924 659 1090 725 coeperunt3

127 736 254 792 iunianos
269 733 342 803 ideo,
362 735 424 806 quia
440 750 490 807 per
504 734 592 808 legem
608 734 708 809 Iuniam
725 734 802 790 liberi
813 735 877 790 iacti
889 744 962 805 suut,
977 733 1092 792 'etiamsi

128 837 184 876 non
200 827 291 884 essent
306 819 380 874 ciues
395 811 527 874 Romani.²
561 818 641 893 ’legis
656 821 746 893 itaque
761 819 851 876 ioniae
867 814 956 876 lator³
975 837 1035 876 oum
1050 821 1091 876 in-

60 917 115 972 par]
129 905 274 978 tellegeret
290 903 426 974 tutorum,
447 911 477 958 ut
493 919 523 960 ea
546 901 713 960 fictioneres
728 901 885 960 Latinorum
900 904 1091 960 detunctorum

130 989 162 1045 ad
185 997 318 1062 patronos
341 989 479 1060 pertinere
501 987 672 1057 desinerent,
699 987 771 1061 ’quia
798 981 928 1044 scilicet⁴
949 1005 1038 1061 neque
1063 997 1092 1044 ut

128 1075 202 1130 serui
218 1072 393 1143 decederent,
415 1080 447 1126 ut
461 1082 575 1145 possent
590 1074 649 1130 iure
666 1072 768 1145 peculii
781 1088 825 1128 res
842 1088 937 1128 eorum
952 1071 985 1127 ad
1000 1081 1092 1145 patro·

128 1174 179 1215 nos
202 1159 356 1231 pertinere,
379 1172 468 1228 neque
485 1149 488 1234 )
505 1150 618 1212 ’liberti²
638 1155 723 1212 Latini
747 1156 864 1212 hominis
885 1155 959 1212 bona
979 1162 1093 1230 possent
1103 1161 1160 1214 141.

129 1241 346 1300 manumissionis
362 1241 421 1296 iure
437 1240 470 1296 ad
487 1249 617 1314 patronos
633 1243 779 1314 pertinere,
802 1243 984 1297 necessarium
1000 1241 1092 1296 eristi·

128 1329 222 1396 mauit,
239 1343 273 1382 ne
287 1325 448 1382 beneficium
463 1327 523 1380 istis
545 1325 636 1380 datum
651 1327 679 1380 iu
694 1327 815 1380 iniuriam
835 1333 1013 1398 patronorum
1029 1341 1093 1382 oon·

127 1419 299 1481 uerteretur,
321 1425 427 1480 cauere,
449 1403 656 1490 'uolmr(que)‚⁵
679 1419 709 1466 ut
728 1409 799 1466 bona
815 1425 908 1465 eorum
930 1411 1044 1484 proinde
1060 1409 1093 1466 ad

127 1497 338 1568 manumissores
360 1496 543 1568 pertinerent,
573 1496 648 1550 acsi
670 1494 711 1552 lex
734 1495 789 1550 lata
810 1511 865 1550 non
888 1503 976 1552 esset:
999 1496 1092 1567 itaque

126 1583 187 1637 iure
210 1578 407 1654 quodammodo
436 1579 536 1650 peculii
556 1578 626 1634 bona
648 1579 804 1636 Latinorum
826 1579 859 1634 ad
882 1581 1091 1636 manumissores

127 1683 160 1722 ea
174 1664 237 1738 lege
251 1665 400 1739 pertinent.
427 1659 470 1721 57.
484 1663 558 1720 Unde
573 1664 677 1734 accidit,
695 1673 726 1720 ut
740 1663 823 1738 louge
839 1663 962 1720 differant
977 1680 1007 1720 ea
1022 1665 1090 1732 iura,

127 1766 202 1824 quae
216 1750 245 1805 in
259 1749 339 1806 honis
354 1746 509 1804 Latinorum
526 1765 557 1804 er
572 1747 635 1822 lege
650 1747 724 1804 lunia
737 1749 885 1805 constituta
901 1757 974 1819 sunt,
991 1746 1023 1802 ab
1038 1747 1092 1818 his,

127 1850 202 1908 quoe
217 1835 245 1889 iu
260 1833 411 1889 hereditate
423 1833 521 1888 oinium
533 1831 714 1888 Romanorum
726 1832 886 1888 libertorum
900 1831 1091 1889 obseruantnr.

125 1917 175 1977 58.
199 1917 263 1974 Nam
285 1919 352 1973 ciuis
367 1917 478 1973 Romani
499 1915 590 1974 liberti
609 1917 745 1972 hereditas
760 1915 793 1972 ad
814 1926 957 1973 extraneos
978 1915 1092 1972 heredes

126 2005 237 2078 patroni
252 2001 327 2060 nullo
343 2002 424 2058 modo
440 2003 575 2076 pcrtinet3
592 2001 624 2056 ad
642 1999 724 2056 filium
738 2010 828 2056 autem
844 2002 951 2074 patroni
966 2008 1092 2072 nepotes·

126 2096 182 2162 que
198 2105 230 2143 er
250 2085 306 2144 filio
323 2095 351 2143 ct
372 2095 539 2160 pronepotes
555 2102 588 2142 en
603 2095 703 2158 nepote
718 2077 748 2163 (e
765 2087 825 2157 filio
841 2077 924 2160 nato)
940 2091 1093 2158 prognatos

127 2171 285 2247 omnimodo
308 2173 443 2244 pertinet,
465 2171 569 2227 etiamsi
592 2163 640 2247 (a)
661 2179 773 2243 parente
795 2169 897 2224 inerint
921 2167 1091 2236 exheredati;

127 2258 286 2314 Latinorum
301 2265 391 2313 autem
413 2255 483 2310 hona
506 2263 641 2328 tamquam
665 2254 769 2328 peculia
792 2270 933 2309 seruorum
957 2254 1037 2308 etiam
1060 2252 1092 2308 ad

126 2351 272 2398 extraneos
287 2339 402 2396 heredes
417 2341 564 2414 pertinent,
585 2349 611 2396 et
627 2339 659 2394 ad
675 2338 776 2395 liberos
792 2331 1031 2415 mauu(missoris)
1048 2353 1092 2394 cn·

125 2467 341 2476 ——a--—-

201 2525 222 2594 1)
237 2530 259 2578 si
274 2535 355 2578 essent
368 2528 435 2577 ciues
449 2527 549 2576 Romani
564 2527 658 2589 ingenui
673 2527 714 2590 qni
725 2526 750 2576 O.
762 2526 820 2575 edd.
831 2527 908 2574 etiam
921 2541 992 2574 meae
1006 2537 1027 2576 1.
1038 2537 1058 2575 a.
1069 2536 1090 2576 u.

125 2600 181 2650 Sed
197 2601 333 2664 manifeste
355 2599 420 2649 daec
437 2605 497 2647 sunt
520 2600 630 2653 iunctm·
649 2593 683 2665 []
702 2599 809 2647 inclusit
827 2597 867 2646 ed.
886 2595 960 2646 stud.
984 2603 1092 2646 auctore

127 2672 242 2722 Momnrs.
267 2671 342 2720 ualde
356 2669 453 2729 dubito,
468 2685 501 2720 an
516 2676 586 2718 recte
591 2685 601 2725 ,·
622 2683 703 2732 neque
717 2670 785 2727 enim
799 2668 967 2725 credendum,
982 2666 1091 2724 libertis,

127 2744 178 2802 etsi
194 2743 306 2806 patroni
323 2742 524 2799 consensissent,
544 2755 652 2804 quorum
671 2741 712 2788 ins
725 2738 844 2802 peribat,
864 2754 975 2802 unquam
995 2744 1093 2788 tantam

124 2814 202 2877 fidem
216 2829 232 2862 a
242 2815 341 2877 populo
356 2811 428 2862 Rom.
447 2810 559 2869 habitam
573 2826 641 2868 esse,
658 2817 686 2858 ut
700 2809 797 2859 liceret¹
809 2811 847 2859 eis
866 2811 893 2857 in
908 2810 1025 2859 colonius
1039 2807 1092 2857 Lo·

127 2886 198 2934 mnas
219 2884 366 2947 proficisci,
388 2889 527 2948 prolesque
548 2881 613 2930 Gaio
636 2880 781 2938 dedendae,
806 2881 875 2944 quod
895 2880 926 2929 de
945 2895 976 2928 eo
995 2895 1025 2928 re
1046 2893 1093 2929 nos

127 2957 255 3006 certiores
262 2955 366 3019 fecerit.
421 2949 442 3017 Ξ)
459 2952 546 3017 Neque
555 2953 620 3002 haec
629 2951 716 3009 verbm
727 2966 807 3016 neque
813 2958 905 3014 posteo
915 2951 996 3000 liberti
1005 2949 1092 3014 (initio

122 3042 188 3092 pop.
201 3027 226 3076 0.
238 3025 287 3088 141)
302 3033 326 3074 ei
340 3025 416 3074 uoluit
429 3023 462 3074 od
476 3022 619 3074 editoribus
633 3022 698 3072 Gaio
713 3029 811 3072 tuntum
824 3037 875 3072 nou
890 3023 1020 3072 intellecto
1035 3023 1092 3070 iure

127 3097 280 3146 abiudicata
298 3103 365 3146 aunt.
400 3095 464 3146 Nam
483 3102 508 3144 ei
526 3101 585 3144 ante
603 3096 684 3160 iepram
697 3092 800 3142 Iuniam
814 3094 979 3142 manumissio
994 3099 1092 3141 tontum

122 3184 175 3234 per
190 3170 320 3218 civitatem
330 3166 402 3217 Rom.
413 3166 556 3216 libertatem
569 3165 686 3223 dederat,
700 3171 725 3213 et
734 3164 813 3213 liberti
823 3165 971 3213 necessario
985 3163 1092 3226 opponi·

127 3247 172 3289 tur
185 3241 269 3288 servis
278 3246 303 3288 et
312 3238 388 3287 uoluit
401 3239 540 3303 significat,
556 3252 606 3302 qua
616 3237 719 3286 ratione
729 3235 798 3300 quod
811 3249 903 3284 cauere
917 3235 1092 3283 necessarium

128 3311 263 3376 legislator
272 3310 395 3368 duxerat,
410 3309 535 3372 effecerit.
592 3303 673 3372 ³)Sic
688 3303 740 3356 W.
795 3303 817 3371 4)
828 3305 873 3354 Ecc
887 3300 933 3354 Vit
943 3303 1044 3352 eustati
1059 3305 1091 3364 ci.

129 3379 151 3448 ⁶)
165 3379 211 3431 Sic
222 3381 282 3446 fere
296 3381 430 3444 scripturo
444 3379 587 3443 supplenda
602 3376 738 3427 uidebatur
752 3373 850 3444 [uoluit]
865 3376 904 3424 ed.
920 3374 993 3423 stud.
1137 3369 1141 3396 ¹

129 3610 139 3675 (
200 3536 288 3675 §.)r38.
310 3540 348 3603 Of.
368 3541 408 3602 ἐξ.
427 3550 525 3590 ati-48.
544 3549 569 3600 a,
589 3549 636 3590 155.
660 3537 692 3586 L.
711 3549 724 3588 o
740 3552 784 3600 pr.
811 3535 843 3584 D.
863 3535 894 3582 de
913 3534 971 3581 iure
986 3536 1100 3603 patron..

53 3657 55 3661 .
140 3622 178 3672 or,
198 3623 243 3661 ιι.
