2680 4112
231 243 270 301 92
528 249 637 286 suavrvs
656 248 789 286 svarrcrvs
804 247 895 284 uvrvs.

230 375 411 450 dempuabat’.
447 376 504 433 Hoc
524 377 566 431 ius
586 375 785 447 sponsaliorum
810 374 983 430 obseruatum
999 374 1063 430 dicit
1078 371 1192 430 Seruius

230 461 261 517 ad
284 459 310 516 id
331 469 451 534 tempus,
475 476 529 533 quo
550 460 644 515 ciuitas
667 461 794 515 uniuerso
809 457 885 514 Latio
906 458 968 532 lege
983 457 1048 514 lulia
1064 457 1125 513 data
1139 466 1190 514 est.

229 544 302 601 llaec
317 543 408 600 eadem
424 543 547 599 Neratius
562 543 671 616 scripsit
685 543 713 598 iu
728 541 807 614 libro,
824 557 904 616 quem
919 541 952 599 de
967 542 1069 614 nuptiis
1080 557 1191 617 compo-

230 630 294 684 sun.
313 658 349 669 -
367 627 435 683 oen.
451 627 480 699 4,
495 626 525 684 4.

498 793 540 850 lle
562 794 675 849 sacris
698 792 925 849 detestandis.

293 899 322 960 8.
344 903 458 958 Seruius
473 901 608 975 Sulpicius
623 902 836 972 iureconsultus,
851 902 894 956 uir
908 903 1003 970 aetatis
1015 916 1079 957 suae
1090 901 1191 958 doctis·

230 988 330 1060 simus,
350 989 377 1042 in
398 985 467 1042 libro
490 987 523 1041 de
546 988 628 1042 sacris
643 985 807 1041 detestandis
821 985 941 1041 secundo
957 1001 1009 1058 qua
1025 987 1131 1040 ratione
1146 985 1192 1040 ad·

230 1071 328 1126 ductus
351 1069 564 1126 ‘testamentum’
585 1069 698 1124 uerbum
715 1085 774 1124 esse
790 1068 888 1141 duplex
903 1069 1058 1141 scripserit,
1079 1085 1134 1124 nou
1148 1085 1192 1124 re·

229 1156 315 1227 perio.
353 1153 417 1209 Nam
433 1154 613 1225 compositum
629 1167 688 1208 esse
703 1151 769 1208 dixit
784 1169 798 1207 a
813 1154 910 1208 mentis
925 1154 1132 1208 contestatione.
1150 1181 1191 1192 -

230 1237 298 1294 cerr.
315 1237 332 1294 r
350 1231 401 1311 (a),
418 1236 467 1292 12.
484 1236 532 1308 gs.
551 1237 578 1293 1.
594 1236 623 1293 o.

361 1402 664 1475 Reprehensorum
687 1402 877 1460 Scaeuolae
898 1404 1057 1476 capitum.

293 1509 322 1569 4.
343 1510 484 1566 Praeterea
499 1510 533 1565 de
548 1527 619 1583 penu
635 1519 686 1567 etc.
703 1538 743 1550 -
760 1509 799 1567 ct.
816 1527 898 1584 supra
912 1509 941 1566 S.
957 1511 1049 1578 Aelius
1064 1509 1145 1567 Catus
1163 1511 1191 1566 1.

230 1603 258 1650 et
275 1591 305 1661 Q.
323 1593 425 1650 blucius
440 1593 566 1650 Scaevola
582 1594 611 1650 1.

536 1759 580 1816 Er
601 1759 748 1818 incertis
770 1761 881 1824 libris.
1197 1781 1253 1830 [ar]

292 1867 319 1929 6.
340 1869 369 1926 lu
385 1887 439 1944 quo
457 1865 504 1944 (sc.
520 1869 604 1926 uerbo
619 1867 786 1944 postliminii)
799 1869 910 1925 Seruius
920 1878 1023 1934 noster,
1038 1877 1069 1926 ut
1080 1869 1190 1944 opinor,

229 1953 297 2010 nibil
312 1961 391 2027 putat
406 1970 466 2010 esse
481 1955 639 2024 notandum,
655 1955 707 2009 uisi
723 1952 820 2027 ‘post'‚
837 1962 863 2010 et
879 1952 1033 2010 ‘liminium'
1050 1953 1116 2010 illud
1127 1971 1192 2026 pro·

230 2037 385 2096 ductionem
401 2054 461 2094 esso
477 2037 553 2094 uerbi
569 2037 639 2110 uult,
656 2039 728 2094 utin
744 2035 879 2114 ‘finitimo‚
900 2037 1034 2111 legitimo,
1050 2033 1189 2093 aeditimo’

230 2138 285 2178 non
300 2122 362 2195 plus
378 2115 503 2178 'incesset1
519 2121 648 2194 ‘timum’‚
665 2138 742 2194 quam
757 2122 787 2177 in
802 2119 975 2178 ‘meditullio’
992 2119 1133 2182 ‘tullium'.
1149 2151 1193 2162 —

230 2203 284 2262 Cic.
301 2205 368 2278 Top.
385 2205 414 2265 8.
431 2205 458 2275 S.
476 2204 525 2262 36.
877 2201 880 2208 “

294 2299 322 2362 θ.
344 2303 452 2359 ‘Pedem
479 2303 571 2360 struit'
594 2305 622 2359 in
642 2303 696 2362 llll.
718 2301 852 2378 significat
867 2303 952 2378 sugit,
975 2312 1007 2360 ut
1026 2305 1064 2361 ait
1078 2304 1191 2362 Seruius

230 2387 375 2460 Sulpicius.
391 2417 432 2428 —
447 2387 520 2442 Fest.
537 2404 561 2442 v.
577 2385 675 2442 Pedem
690 2405 716 2460 p.
732 2387 803 2446 210.

292 2482 318 2542 7.
341 2487 377 2540 At
397 2485 456 2545 Ser.
477 2485 611 2558 Sulpicius
638 2491 750 2543 nomine
775 2489 854 2544 etiam
874 2488 1049 2561 singulariter
1073 2488 1191 2546 formato

230 2569 373 2626 uindiciam
388 2584 450 2624 esse
464 2570 502 2624 ait
516 2563 659 2644 'dictam,²
674 2587 726 2643 qua
741 2570 774 2625 de
789 2587 819 2626 re
835 2573 1021 2628 controuersia
1036 2580 1088 2644 est,
1100 2571 1133 2628 ab
1145 2587 1191 2646 eo,

231 2653 304 2726 qnod
319 2652 481 2708 uindicatur.
512 2648 602 2709 'inde2
618 2662 645 2709 et
660 2655 686 2709 iu
701 2653 770 2710 Xll.:
792 2655 827 2709 ‘si
848 2654 991 2710 uindiciam
1007 2655 1099 2711 falsam
1114 2655 1191 2727 tulit,

230 2738 252 2791 si
267 2736 334 2792 uelit
349 2729 398 2806 is‚³
408 2738 459 2807 qui
470 2739 551 2808 uicit,
562 2729 699 2808 praetor³
713 2736 828 2792 arbitros
844 2746 899 2793 tres
914 2738 992 2813 dato;
1010 2753 1103 2795 eorum
1118 2737 1191 2794 arbi·

229 2821 283 2875 trio
310 2813 402 2874 'reus4
424 2819 529 2876 fructus
550 2819 678 2894 duplione
698 2820 824 2876 damnum
848 2820 986 2877 decidito'.
1010 2853 1048 2862 -
1070 2821 1143 2878 rest.
1165 2838 1191 2878 v.

230 2901 365 2957 vindiciae
380 2920 407 2975 p.
425 2901 497 2960 376.

292 2999 320 3060 8.
342 3001 400 3059 Ser.
418 3001 553 3074 Sulpicius
568 3002 653 3058 liuius
669 3043 823 3064 ........
839 3011 867 3060 et
881 3003 984 3077 Opilius
999 3008 1135 3063 Aurelius
1149 3008 1193 3062 ita

229 3089 395 3142 existimant
410 3086 462 3140 dici
477 3087 619 3142 interioris
634 3090 849 3159 superiorisque
863 3089 922 3144 loct
935 3093 1036 3153 socios,
1053 3098 1085 3146 ut
1097 3089 1193 3145 'libur-

229 3177 270 3223 tes
286 3185 377 3240 supra
393 3169 512 3225 Romam
537 3172 682 3242 aliosque,
705 3173 755 3243 qui
775 3187 838 3226 cum
853 3171 955 3244 populo
972 3171 1078 3230 Tiburti
1091 3175 1192 3230 coniu-

229 3261 373 3309 rcuerant
391 3256 421 3308 in
444 3270 516 3324 apro
537 3252 640 3308 Tiburti
659 3253 787 3326 idemque
810 3257 840 3309 in
853 3253 959 3325 foedus
975 3263 1002 3312 et
1018 3259 1091 3313 alios
1106 3272 1192 3330 quoa-

229 3365 431 3376 .-—..-—--—-

302 3412 322 3478 ¹)
336 3416 415 3464 inesse
435 3415 492 3463 edd.
528 3411 549 3478 ²)
570 3414 700 3478 Suppleai.
720 3415 776 3464 Alii
795 3418 881 3465 aliter.
912 3413 933 3482 ⁸)
952 3417 998 3466 Bc
1018 3419 1137 3468 Wetaetli
1156 3421 1193 3482 ej.

229 3482 440 3605 effetarum?
459 3481 533 3533 uicit’
549 3486 588 3535 ed.
608 3497 628 3534 1.
643 3496 663 3535 2.
691 3484 729 3547 Of.
746 3484 803 3534 Gai.
817 3498 839 3550 4,
854 3497 901 3536 168.
935 3485 958 3552 ⁴)
973 3489 1018 3537 Er
1032 3489 1142 3538 Mutteri
1157 3491 1192 3552 φ’.
