2692 4114
418 241 485 278 rvuu
502 241 597 278 narnus
616 243 686 278 seur.
705 225 752 278 III.
773 232 796 280 6.
1017 225 1087 292 Ι499

135 373 260 450 ponenda
281 387 376 430 eorum
398 374 569 445 quaestione,
593 388 709 445 quorum
736 373 859 429 domiuus
884 373 983 430 dicitur
1005 376 1086 430 iuter·

135 467 252 532 emptus,
268 457 311 514 hic
326 455 395 513 ordo
408 463 547 512 seruatur:
562 458 688 529 primurn,
703 463 734 512 ut
746 463 863 526 constet,
874 459 990 514 occisum
1003 457 1085 514 domi·

135 559 216 606 numa
231 540 343 610 deiude,
359 547 390 594 ut
404 539 521 612 liqueat,
541 539 575 595 de
595 539 693 612 quibus
709 556 738 595 ea
755 542 876 614 quaestio
897 541 1016 598 habenda
1037 544 1086 610 sit3

136 635 217 700 atque
239 627 275 680 ita
295 624 328 680 de
348 625 402 678 reis
424 623 622 696 inquirendum.
666 621 709 682 12.
736 618 810 680 ¹Etsi
829 641 975 697 percussor
996 634 1086 682 certus

136 711 182 780 sit,
198 707 336 765 tumendo
351 706 448 763 iamiha
464 707 583 766 habenda
600 709 721 780 quaestio
737 715 787 778 est,
800 717 831 764 ut
846 708 932 764 caedis
948 709 1087 768 mandator

136 794 252 852 inueniri
273 793 368 866 possit.
412 787 453 849 la.
483 785 644 861 ²0mnibus,
668 792 713 864 qui
738 799 832 848 contra
853 792 1019 848 uoluntatem
1043 794 1087 849 de·

137 877 221 934 functi
237 875 348 946 iaciunt,
371 882 402 930 ut
422 875 541 949 indiguis
562 875 684 930 aufertur
706 875 856 946 hereditas,
879 877 901 931 si
923 876 988 932 nihil
1003 885 1086 932 testa-

136 968 228 1018 mento
248 961 275 1018 iu
297 959 419 1040 iraudem
442 959 512 1032 legis
535 958 617 1015 iuerit
639 952 772 1017 cautum.³
821 957 861 1016 14.
885 953 968 1016 ⁴Siue
990 960 1086 1016 salsum

137 1045 196 1102 siue
218 1052 329 1116 ruptum
356 1044 414 1098 siue
443 1043 547 1098 irritum
570 1042 675 1098 dicatur
696 1059 756 1098 esse
781 1050 985 1116 testamentum,
1014 1045 1087 1100 salua
1143 1069 1147 1075 ·

137 1143 231 1186 eorum
248 1127 453 1200 disceptatione,
469 1128 587 1198 scriptus
603 1126 681 1182 heres
696 1128 753 1182 iure
768 1128 794 1182 in
806 1129 1006 1200 possessionem
1019 1130 1087 1184 mitti

59 1255 63 1260 .
136 1211 281 1268 desiderat.
324 1207 364 1266 15.
389 1204 434 1266 ⁶Si
455 1211 527 1266 inter
547 1210 671 1266 heredum
693 1212 846 1266 institutum
868 1220 894 1266 et
909 1211 1087 1268 substitutum

136 1295 323 1352 controuersia
339 1295 390 1364 sit,
412 1295 498 1366 magis
512 1286 641 1366 ’placet‚⁸
660 1309 720 1349 euru
740 1295 766 1349 in
782 1296 982 1367 possessiouem
997 1311 1087 1351 rerum

138 1377 359 1434 hereditariaruur
375 1377 454 1446 mitti,
476 1379 522 1450 qui
537 1379 623 1450 primo
638 1377 699 1433 loco
715 1379 833 1451 scriptus
848 1386 897 1434 est.
934 1374 975 1436 tu.
999 1372 1087 1435 iscri-

137 1470 201 1534 ptus
218 1461 312 1531 heres,
335 1466 364 1516 ut
379 1461 469 1516 statim
484 1461 511 1516 iu
526 1463 725 1533 possessionem
740 1461 886 1528 mittatur,
903 1463 961 1518 iure
983 1463 1087 1519 deside·

137 1537 205 1602 rat.8
248 1544 300 1600 huc
321 1551 383 1616 post
398 1559 495 1600 annum
510 1546 568 1600 iure
588 1546 733 1618 impetrare
754 1562 808 1601 nun
832 1549 941 1619 poterit.
979 1541 1016 1603 lt.
1041 1541 1087 1603 ⁹ln

137 1645 170 1686 eo
186 1635 360 1698 testamento,
383 1627 455 1700 quod
471 1643 532 1699 nec,
555 1636 587 1684 ut
609 1630 745 1702 oportuit,
768 1629 887 1685 oblatum
911 1647 960 1686 nec
981 1629 1088 1704 puhiice

135 1713 279 1770 recitatum
301 1719 359 1784 est,
382 1713 462 1768 heres
484 1714 601 1785 scriptus
623 1713 650 1768 in
673 1715 870 1786 possessionem
894 1715 963 1769 mitti
989 1714 1087 1769 frustra

135 1796 281 1856 desiderat.
324 1794 366 1854 18.
389 1795 418 1852 ln
441 1798 640 1868 possessiouem
664 1813 755 1864 earum
778 1812 883 1867 rerum,
908 1813 973 1869 quas
993 1800 1088 1853 mortis

133 1889 258 1954 tempure
274 1888 389 1936 testator
404 1895 460 1935 non
475 1880 605 1952 possedit,
623 1881 701 1936 heres
716 1881 843 1952 scriptus,
859 1881 1013 1954 priusquam
1030 1883 1088 1938 iure

135 1964 273 2020 ordinario
289 1965 454 2035 experiatur,
469 1963 591 2036 improbe
606 1965 675 2019 mitti
692 1963 836 2019 desiderat.

317 2040 360 2122 [L.
378 2047 426 2102 17.
450 2044 486 2103 D.
502 2049 537 2102 de
551 2051 615 2103 iure
631 2049 753 2104 eodz'eill.
769 2039 833 2126 (29,
849 2039 905 2126 7).)

439 2199 500 2238 uir.
516 2198 557 2238 Vl.
589 2199 630 2238 DE
645 2199 789 2242 muueris.

200 2290 221 2349 1.
247 2283 330 2346 ¹⁰Per
344 2293 560 2364 praeceptionem
576 2295 622 2348 uui
638 2310 669 2348 er
685 2282 918 2350 heredibus'numi
934 2294 1027 2369 legati,
1042 2298 1088 2369 qui

137 2377 211 2433 dumi
226 2390 280 2430 nou
297 2382 383 2440 erant,
399 2373 488 2430 cilicio
504 2376 599 2430 iudicis
615 2375 728 2432 familiae
741 2378 932 2435 herciscundae
948 2396 961 2434 a
979 2379 1088 2436 cohere-

66 2476 126 2525 [acs]
140 2459 219 2516 dibus
236 2456 453 2531 praestabuntur.
490 2456 519 2514 2.
545 2453 646 2514 ¹¹hnte
667 2461 771 2516 heredis
793 2463 991 2518 institutionem
1006 2463 1089 2537 legari

137 2559 193 2598 non
219 2548 325 2616 potest:
347 2541 419 2596 inter
441 2541 540 2596 medias
563 2543 692 2598 heredum
714 2545 917 2618 institutiones,
941 2549 998 2602 siue
1021 2548 1089 2602 aher

138 2629 196 2682 siue
212 2633 327 2696 uterque
343 2617 459 2694 adcat‚¹²
473 2633 575 2698 potest,
591 2619 682 2699 ⁹(et)¹³
695 2628 830 2687 interdum
846 2629 994 2702 dimidium,
1006 2632 1089 2688 iuter-

212 2789 230 2858 ¹)
248 2791 285 2854 Of.
301 2792 332 2844 L.
349 2803 361 2843 6
371 2808 414 2856 pr.
430 2793 462 2840 L.
477 2805 510 2844 rt.
531 2795 562 2842 l).
573 2795 597 2842 h.
609 2802 626 2843 t.
675 2792 695 2860 2)
712 2795 749 2858 Of.
760 2796 791 2845 L.
803 2800 847 2848 uit.
859 2799 904 2860 fin.
922 2797 948 2847 Ο.
964 2799 1088 2861 defideic.

138 2863 168 2929 (6,
183 2861 227 2928 43).
244 2889 277 2898 -
292 2863 324 2912 L.
339 2874 359 2914 5.
386 2863 411 2912 6.
427 2865 459 2912 de
473 2866 547 2929 reliq.
564 2863 595 2930 (u,
609 2864 654 2931 44).
680 2865 712 2916 J..
727 2876 747 2918 5.
769 2866 794 2916 0.
809 2868 841 2916 de
855 2869 896 2917 his
910 2867 977 2932 quib.
993 2876 1020 2918 ui
1035 2871 1088 2920 iad.

138 2934 169 2999 (a,
183 2933 227 2999 33).
249 2932 278 2984 F.
289 2932 459 2999 A.Sehittinp
468 2934 584 2986 Bemerh.
595 2951 623 2999 p.
634 2947 679 2987 uro.
728 2934 749 3003 ³)
764 2937 839 2987 Velut
849 2940 1000 3002 interposito
1010 2943 1090 2990 tacito

1 3051 2 3064 2
134 3005 336 3066 fideicommissa.
384 3001 405 3069 4)
422 3005 460 3069 Of.
471 3005 502 3054 L.
515 3017 535 3056 3.
557 3006 582 3056 (J.
597 3007 629 3055 de
643 3008 726 3057 edicto
736 3008 768 3057 D.
780 3007 865 3058 Hadr.
878 3007 909 3075 (3,
920 3007 964 3076 33).
1013 3007 1033 3075 ⁶)
1050 3011 1088 3074 Of.

1 3103 2 3112 .
69 3089 70 3092 ¹
138 3074 169 3123 Ι..
185 3086 204 3124 1.
226 3073 251 3123 0.
266 3075 322 3124 eod.
373 3071 395 3138 6)
409 3073 454 3124 Sic
465 3078 584 3140 plerique
600 3077 661 3127 udat.
677 3079 765 3141 placuit
780 3095 814 3128 erc
827 3081 888 3128 aliie
902 3080 959 3130 edd.
1013 3078 1033 3146 7)
1050 3081 1088 3144 Cf.

137 3145 169 3195 J..
179 3155 200 3196 3.
217 3143 243 3193 O.
253 3145 309 3194 eod.
364 3141 490 3210 ⁸)Muiim
504 3147 565 3196 mitti
580 3149 629 3196 iure
644 3149 772 3210 desiderat,
787 3150 827 3198 ita.
879 3146 900 3214 ο)
917 3149 955 3213 Of.
971 3150 1003 3202 L.
1018 3163 1030 3202 3
1046 3153 1088 3202 eit.

212 3213 260 3263 Tu.
281 3214 327 3262 VI.
358 3211 391 3279 10)
408 3215 447 3278 Cf.
457 3217 488 3263 L.
500 3227 533 3267 35.
549 3219 571 3278 ἕ.
582 3228 615 3266 33.
631 3218 662 3266 L.
674 3229 706 3269 33.
722 3220 754 3266 D.
767 3219 830 3282 funt.
841 3235 893 3269 erc.
904 3217 948 3284 (10,
957 3219 987 3285 3).
1015 3221 1090 3270 Valet

137 3285 185 3335 hoe
195 3286 324 3348 pecuniae
338 3287 448 3350 leporum
463 3288 520 3336 iure
535 3287 615 3336 bonae
626 3289 689 3350 fidei
693 3305 703 3345 ,·
723 3291 784 3350 odiis
798 3289 873 3339 rebus
887 3291 980 3353 leputis
992 3293 1091 3346 caleret

138 3357 195 3406 iure
210 3353 271 3404 SOti
287 3355 438 3406 Neroniani.
510 3353 543 3422 11)
560 3358 597 3420 Cf.
617 3359 770 3421 Utp.24,15.
790 3373 810 3421 1,
825 3371 858 3410 aa.
878 3366 903 3408 et
917 3360 949 3408 de
963 3361 1089 3408 sententia

140 3424 268 3476 Goerchen
286 3424 341 3476 Oba.
357 3427 408 3476 iar.
418 3442 447 3490 p.
457 3439 491 3478 au.
550 3424 583 3492 Η)
602 3427 674 3488 Quod
687 3431 713 3478 in
729 3429 846 3478 libertate
861 3430 1033 3478 tantumdem
1048 3445 1088 3478 re·

134 3496 198 3558 fert,
213 3495 402 3552 cniusdiesod
417 3497 645 3548 aditaheruditate
660 3500 735 3548 cedit.
762 3498 943 3562 CflUlp.1‚21.
998 3496 1029 3565 ¹³)
1045 3499 1089 3549 Ex

137 3565 260 3615 Arndtcie‘
274 3569 306 3629 ej.
322 3567 420 3615 addidi.
450 3566 579 3631 Scriptum
593 3576 650 3618 erut
664 3577 750 3631 potest.

822 3653 876 3708 32*
