2672 4112
476 255 683 304 PRAEFATIO.
1036 259 1083 305 XV

118 411 155 475 iis
190 408 351 474 attributa
384 410 492 488 erant,
527 408 645 472 eiectis.
690 409 905 472 Accesserunt
935 406 1083 490 inprimis

119 495 283 560 Ciceronis
321 492 359 556 de
396 490 520 576 legibus
553 491 627 555 libri
661 491 864 574 superstites,
902 490 1083 556 collectioni

117 581 265 654 nostrae,
295 579 332 640 ut
353 577 428 658 post
449 573 574 638 demum
598 573 677 658 vidi,
701 595 738 638 ex
760 574 906 639 instituto
928 574 994 638 eius
1017 595 1084 638 non

119 661 228 726 minus
250 661 319 724 iure
340 657 541 740 vindicandi,
571 678 666 741 quam
693 657 808 742 quibus
830 659 917 740 prius
940 657 1015 722 solis
1037 657 1083 722 lo-

121 767 194 810 cum
217 743 382 824 dederam,
412 762 451 806 ex
477 742 558 806 libro
580 743 647 806 eius
669 741 707 806 de
728 743 796 806 iure
819 741 904 806 civili
925 743 960 805 in
982 743 1083 806 artem

121 827 296 912 redigendo
318 827 445 890 servata
466 825 559 890 nobis
581 825 714 908 paucula
734 825 854 890 frusta:
883 846 962 908 quos
984 825 1083 890 libros

122 915 242 994 tamen,
265 931 337 976 cum
360 909 502 992 amplum
523 911 680 992 occupent
695 911 842 992 spatium,
867 913 899 972 et
913 909 1081 992 plerisque,

122 996 178 1078 qui
205 1015 260 1070 eos
285 995 460 1076 usurpant,
487 993 523 1056 in
550 993 697 1075 operibus
726 991 888 1057 Ciceronis
917 993 966 1056 vel
996 1013 1083 1074 sepa·

52 1083 55 1092 ¹
122 1079 220 1143 ratim
243 1077 321 1142 editi
344 1077 384 1140 ad
407 1097 520 1140 manus
536 1077 611 1158 sint,
634 1077 774 1159 recipere
790 1075 995 1158 dubitassem,
1019 1076 1082 1140 nisi

123 1163 221 1227 etiam
242 1159 473 1306 cast'patiores,
495 1181 589 1244 quam
603 1181 689 1224 nunc
704 1159 978 1240 circumferuntur,
1000 1158 1083 1222 haud

147 1245 233 1310 aucis
265 1245 300 1310 in
344 1244 410 1308 ocis
444 1263 494 1308 me
526 1263 579 1308 eos
612 1246 770 1326 praestare
803 1243 940 1306 confisus
973 1262 1083 1310 essem.

159 1329 252 1394 einde
275 1327 370 1392 etiam
392 1327 606 1410 fragmentum
629 1327 712 1409 quod
736 1325 852 1390 dicitur
874 1326 912 1389 de
933 1325 1000 1388 iure
1015 1325 1083 1390 fisci

128 1416 162 1475 et
192 1411 326 1494 Ulpiani
354 1409 596 1474 institutionum
632 1409 783 1492 reliquiae
818 1409 1083 1474 Vindobonenses

131 1516 171 1559 ex
191 1495 283 1558 novis
313 1495 390 1557 euris
412 1494 451 1557 iis
474 1493 628 1576 impensis
651 1514 752 1576 paene
774 1514 889 1557 novam
910 1493 1083 1558 induerunt

126 1578 270 1641 formam.
316 1574 406 1651 Quod
433 1576 511 1640 item
537 1576 671 1640 fortasse
699 1577 880 1659 praedicare
907 1576 1017 1641 liceret
1044 1577 1083 1640 de

126 1660 315 1746 gravissima
329 1660 429 1724 totius
444 1661 581 1744 sylloges
596 1663 698 1743 parte,
723 1660 795 1724 Gaii
811 1659 1081 1741 institutionibuS,

128 1745 153 1809 si
179 1743 391 1808 Studemundi
424 1744 598 1807 studiorum
627 1745 659 1808 in
693 1744 831 1808 codicem
864 1743 1082 1808 Veronensem

127 1829 316 1892 collatorum
338 1827 442 1910 plenis
454 1827 618 1892 ,fructibus
634 1829 681 1890 uti
695 1827 758 1891 iam
773 1848 866 1910 posse
883 1827 1080 1911 contigisset.

126 1912 169 1975 Hi
202 1915 314 1975 tamen
347 1910 466 1993 publici
498 1911 575 1975 iuris
607 1911 747 1975 nondum
777 1911 855 1974 facti
887 1913 991 1991 erant,
1023 1931 1083 1973 nec

40 2043 43 2050 .
128 1994 301 2079 operiendi,
324 1993 425 2057 donec
446 1994 478 2058 id
500 1995 605 2076 fieret,
628 1997 771 2076 potestas
794 1993 867 2056 data
889 1997 950 2074 est,
972 1992 1082 2056 biblio-

37 2118 41 2127 ·
128 2079 216 2163 pola,
242 2078 296 2160 qui
324 2081 467 2142 nostrum
496 2099 575 2160 opus
597 2078 745 2158 redemit,
774 2079 924 2159 utquam
946 2078 1082 2158 primum

41 2200 45 2211 ·
131 2161 237 2244 priore
262 2161 399 2224 editione
425 2182 525 2242 paene
548 2160 701 2224 exhausta
722 2180 806 2224 nova
827 2165 1007 2242 pararetur,
1036 2161 1082 2222 in·

38 2268 44 2329 5
127 2246 232 2306 stante
243 2263 304 2306 nac
321 2245 452 2325 propter
463 2247 586 2326 partem
600 2243 735 2308 fortasse
749 2243 969 2326 imperfectam
980 2245 1082 2306 totum

126 2348 205 2410 opus
226 2347 300 2390 cum
321 2325 512 2390 detrimento
534 2347 591 2391 suo
607 2327 725 2392 differri
740 2331 886 2410 oportere
902 2329 1080 2390 caussante.

128 2409 263 2474 Interim
285 2411 318 2473 et
333 2411 432 2474 Gaius
455 2410 650 2494 aliquantum
666 2414 776 2474 auctus
792 2413 825 2474 et
839 2413 998 2474 correctus
1012 2431 1082 2493 pro·

133 2493 181 2556 dit
199 2513 256 2556 nec
276 2495 455 2557 ceterarum
480 2494 625 2577 cuiquam
644 2494 782 2578 sylloges
801 2495 940 2576 partium
961 2495 1026 2557 sive
1048 2494 1083 2556 in

133 2577 217 2640 textu
232 2577 348 2640 sivein
364 2577 622 2642 adnotationibus
638 2577 834 2642 emendatrix
845 2598 957 2640 manus
970 2577 1079 2640 defuit.

187 2659 315 2724 Indices
343 2659 384 2724 ad
405 2661 576 2724 secundam
598 2661 770 2726 editionem
792 2661 929 2725 confecti
951 2661 1081 2744 partim·

126 2764 185 2825 que
207 2742 250 2807 ad
272 2743 409 2827 paginas
431 2744 497 2808 eins
526 2744 617 2808 relati
644 2747 680 2809 ut
701 2747 854 2828 quantum
876 2743 945 2808 fieri
967 2747 1081 2827 posset,

125 2827 222 2890 etiam
250 2827 315 2909 hia,
343 2829 397 2910 qui
424 2827 552 2892 tertiam
578 2832 746 2912 usurpant,
776 2829 847 2892 usui
877 2848 1007 2892 essene
1031 2827 1081 2891 de-

126 2911 284 2990 sinerent,
313 2910 433 2990 aurari,
462 2914 498 2976 ut
525 2912 681 2976 secundae
708 2911 857 2976 editionis
890 2911 1080 2995 paginarum

125 3014 292 3076 numerus,
321 2993 376 3057 ubi
404 3015 544 3078 quaeque
566 2995 734 3078 inciperet,
757 2995 831 3058 huic
853 3015 955 3058 novae
977 2995 1011 3058 in
1033 2995 1081 3058 in-

125 3079 243 3141 teriore
265 3077 411 3160 margine
433 3079 523 3142 uncis
545 3077 684 3142 inclusus
708 3078 948 3143 adscriberetur.

187 3159 299 3244 Itaque
326 3160 452 3226 dimitto
479 3183 557 3244 opus
585 3161 753 3246 favorque,
782 3183 843 3246 quo
871 3162 991 3245 priores
1015 3161 1082 3226 eius

126 3243 281 3308 editiones
303 3248 455 3328 exceptae
477 3249 552 3310 sunt
563 3293 572 3326 ,
596 3245 693 3310 etiam
719 3244 777 3309 has
799 3255 974 3328 postremas
998 3266 1081 3310 meas

127 3347 219 3392 curas
242 3332 277 3391 ut
299 3331 524 3412 prosequatur,
549 3332 581 3394 et
603 3331 678 3412 opto
701 3332 733 3392 et
755 3351 857 3412 spero.

210 3443 275 3510 Ser.
296 3443 504 3510 Vratislaviae
520 3467 628 3510 mense
645 3434 823 3530 Septembri
838 3449 1080 3506 mocoonxxffl.
