2684 4112
443 211 501 248 om
519 211 622 248 11ssr1r.
640 193 686 248 IV.
706 199 763 254 166.
1023 197 1086 261 401

45 352 184 423 [4441166.
209 349 235 433 {¹
253 385 290 396 -
309 383 347 394 -
365 383 403 394 -
421 353 541 410 trucium
555 347 720 426 ticttmo0‚²
741 356 764 411 is
786 357 919 430 tantisper
933 343 963 412 ia
976 371 1085 431 posscs-
1096 362 1155 412 244.

119 445 195 498 sione
207 439 433 509 conistituitur,st
441 437 522 495 modo
531 437 743 496 aduersariosuo
753 439 1087 515 fructuariastiputotione

121 527 251 595 coluerit,
263 525 340 580 cuius
353 525 434 580 uisci
444 531 568 596 potestas
576 523 644 580 haec
654 532 707 596 est,
721 531 753 580 ut
763 525 787 579 si
797 533 892 581 contre
903 541 965 582 eum
977 525 1010 582 de
1018 541 1087 598 pos·

121 611 256 678 slassione
268 611 480 682 pronuntiatum
489 599 663 678 luerit‚³esm
671 623 802 664 summam
811 610 974 676 uduerlsarto
986 609 1086 670 soluat.

121 695 198 750 'hoec
213 701 305 750 sutem
320 693 418 749 licendi
434 693 574 748 contentio
587 691 694 748 tructus
709 692 830 758 licitattio
847 701 970 760 uocetur,
983 693 1088 751 scilicet

122 780 274 852 quisdam
296 779 395 834 uolunt
416 784 538 850 uterque
560 775 615 832 frui
638 777 770 851 tantisper
783 794 828 849 rc,
853 778 858 843 Ι
881 782 997 852 proprie
1012 780 1091 852 quod

123 865 163 920 eis
175 870 300 935 praetor
315 861 425 933 uendit,
448 869 506 932 est,
529 867 560 917 ut
581 862 612 916 to
624 864 734 917 interea
755 855 865 919 liceat.⁴
890 870 985 936 posteo
997 870 1002 926 t
1016 863 1089 920 alter

50 959 109 1012 [³181
125 947 239 1004 alterum
252 947 402 1020 sponsione
418 953 563 1020 prouocat,
577 944 661 1018 'quod
676 945 807 1002 aduersus
818 945 936 1003 edictum
954 949 1088 1020 praetoris

124 1032 283 1106 postsidenti
300 1031 351 1086 sibi
367 1032 410 1087 uis
430 1029 502 1086 locta
520 1022 594 1101 εἰι,δ
615 1038 643 1086 et
658 1031 774 1086 inuicem
790 1031 868 1087 ambo
885 1031 1090 1106 restipulenttur

122 1217 180 1250 cum
190 1202 310 1265 frustula
323 1201 450 1250 sermonis
463 1200 504 1248 ael
511 1200 674 1264 simpulorum
686 1197 828 1259 uerborum,
839 1201 968 1264 pleraque
978 1201 1089 1258 incerta,

123 1287 190 1338 quae
209 1269 237 1320 V
237 1267 259 1304 Ι*
275 1287 310 1321 ecc
324 1287 353 1335 p.
368 1282 415 1323 stt.
430 1270 527 1334 refert,
546 1268 590 1318 ubi
608 1271 635 1320 in
653 1269 811 1320 Blullmionn
830 1271 952 1321 incidunt
965 1269 999 1337 (a.
1013 1282 1048 1322 ¹1.
1062 1281 1089 1321 44

124 1345 165 1393 ael
178 1342 318 1392 secundum
330 1341 430 1392 Sidam
439 1342 530 1405 potins
544 1339 677 1408 a.io.81.),
693 1342 794 1392 minime
808 1358 864 1392 cum
879 1343 913 1392 iis
926 1343 1088 1392 conueniant.

125 1412 199 1462 Illud
216 1419 314 1462 tontum
331 1415 408 1462 etiam
426 1427 495 1462 nunc
514 1411 576 1461 miii
594 1427 749 1476 persuasum
767 1419 817 1472 est,
844 1429 908 1478 puae
926 1412 1090 1464 lastinianus

125 1482 204 1533 habet
218 1485 241 1545 ἓ.
255 1494 277 1533 4.
301 1483 324 1532 Ι.
338 1484 369 1533 de
382 1483 477 1532 interd.
492 1481 530 1547 (4,
545 1480 594 1549 15),
613 1482 650 1532 ibi
668 1485 737 1533 inter
754 1482 810 1536 Gai.
824 1495 846 1547 4,
861 1495 901 1536 tte
914 1491 939 1534 et
953 1496 992 1536 149
1009 1486 1089 1534 inter·

124 1556 231 1605 colato:
255 1550 380 1619 ‘Namque
394 1555 447 1604 nisi
464 1559 524 1603 ante
539 1591 545 1603 .
562 1590 568 1603 .
584 1589 590 1602 .
606 1589 613 1602 .
628 1555 746 1604 iudicari
757 1551 844 1614 solet',
864 1571 920 1605 cum
932 1557 1013 1618 plane
1030 1554 1091 1605 Gaii

125 1627 220 1692 stplum
235 1625 382 1684 redoleant,
396 1640 431 1675 en
444 1631 533 1675 nostro
548 1626 605 1675 loco
619 1625 754 1688 deperdito
764 1628 848 1689 petita
862 1641 931 1685 esse,
947 1628 994 1676 sed
1007 1634 1090 1675 tamen

127 1705 155 1747 ut
168 1699 248 1746 multa
262 1698 318 1747 alio
332 1698 360 1746 io
374 1696 424 1748 lsoc
438 1697 548 1746 materia
557 1712 574 1745 a
587 1695 726 1759 Theophila
741 1698 779 1746 ita
788 1704 893 1755 mutato,
908 1703 937 1746 ut
946 1697 1091 1760 efrustulis

126 1767 255 1818 Stdianis
269 1769 424 1833 recopnosci
437 1783 489 1818 non
503 1768 621 1830 possint:
638 1782 720 1830 quare
734 1783 803 1817 nunc
817 1775 841 1816 et
859 1767 924 1818 iaec
938 1774 962 1816 et
977 1782 1042 1830 quoe
1055 1767 1092 1817 ad

124 1840 279 1890 sententiam
288 1839 476 1903 perficiendam
490 1853 569 1902 usqae
583 1838 619 1888 od
628 1839 705 1900 finem
714 1853 743 1901 p.
755 1848 803 1889 ses.
817 1840 1008 1902 suppleueram,
1022 1853 1092 1888 nunc

127 1913 155 1959 in
171 1917 293 1961 contentu
309 1911 391 1960 omisi.
428 1908 460 1958 In
476 1910 529 1972 fine
543 1923 604 1959 vero
619 1924 648 1972 p.
663 1919 710 1960 ito.
725 1915 788 1972 etp.
802 1920 851 1958 444.
866 1909 941 1958 initio
955 1908 1020 1958 tinec
1031 1908 1092 1971 fere
1140 1938 1142 1943 ·

128 1982 201 2030 dicta
217 1982 302 2045 fuisse
322 1981 457 2030 uidentur:
480 1977 608 2030 ‘Reddita
628 1994 691 2029 uero
714 1979 853 2028 interdicto
872 1981 896 2028 si
914 1978 946 2028 ab
965 1981 1091 2029 alterutro

128 2054 208 2102 alteri
221 2054 261 2102 uis
272 2052 348 2115 saeta
362 2053 405 2111 sit,
418 2052 503 2101 statim
518 2050 550 2100 de
562 2065 593 2100 ea
606 2051 758 2114 sponsiones
772 2056 797 2099 et
809 2051 1092 2113 restipulationesfiunt

128 2122 175 2188 (cf.
190 2139 215 2172 a.
229 2121 340 2173 Studnlo
359 2124 427 2172 lecta
445 2124 472 2171 in
487 2124 510 2184 §-
526 2120 598 2187 lto.):
622 2137 655 2171 ne
673 2129 756 2170 tomen
775 2122 878 2170 incivili
895 2128 920 2171 et
933 2123 1048 2184 propria
1066 2122 1093 2169 oi

123 2195 314 2259 possessionem
328 2193 443 2244 obtinere
457 2200 591 2251 conentur,
602 2199 713 2256 praetor
724 2193 831 2256 fructus
842 2193 1010 2242 licitationem
1024 2193 1093 2241 inter

128 2281 173 2316 eos
191 2266 318 2323 instituit,
341 2272 366 2314 et
388 2271 446 2314 uter
465 2278 548 2312 eorum
566 2265 660 2313 vicerit
678 2265 779 2314 fructum
800 2259 942 2312 licitsnda':
959 2269 1093 2326 postrema

129 2351 164 2386 ex
178 2336 298 2402 Krttperi
313 2337 346 2398 ς).
422 2331 442 2402 l)
458 2335 489 2383 P.
504 2345 544 2386 244
559 2349 638 2399 usque
652 2335 688 2384 ad
700 2351 722 2385 a.
738 2346 764 2385 ts
778 2341 830 2393 ter,
850 2351 866 2384 o
885 2350 907 2384 o.
923 2345 948 2386 44
965 2334 1001 2382 od
1013 2346 1040 2385 44
1053 2333 1093 2384 bis

128 2415 168 2457 est
180 2409 291 2471 scripta.
306 2433 339 2443 -
358 2404 428 2466 Quae
447 2408 474 2455 in
488 2421 519 2455 ea
534 2407 657 2469 promime
675 2412 830 2470 sequuntur,
849 2412 926 2455 antea
940 2420 975 2454 ea
989 2420 1044 2455 mea
1059 2407 1093 2468 ci.

129 2475 248 2544 (‘Gaius’
261 2493 289 2541 p.
305 2476 356 2544 tet)
369 2479 554 2541 suppleuerarn,
569 2477 662 2527 deinde
676 2475 727 2542 (ed.
740 2475 764 2543 s)
778 2478 816 2527 ita
830 2484 858 2526 ut
876 2475 904 2526 V
905 2471 926 2508 ⁸¹
939 2491 955 2526 a
969 2475 1093 2542 Kriipero

131 2548 216 2613 (Krit.
236 2547 308 2598 Vero.
320 2564 348 2612 p.
361 2548 399 2614 ot)
412 2547 603 2612 reserebantur,
620 2549 695 2598 initio
710 2555 807 2597 tontum
821 2555 938 2611 excepto,
952 2548 1092 2598 edideram.

132 2619 190 2668 Iam
203 2620 285 2682 psum
304 2618 330 2668 V
332 2615 353 2652 'i
365 2634 466 2684 sequor.
542 2615 617 2685 ¹)De
632 2618 765 2682 probabili
779 2619 850 2667 initii
863 2620 978 2684 popinae
991 2621 1093 2682 supple·

131 2697 223 2748 mento,
238 2688 282 2740 ubi
289 2689 445 2740 Bluimiano
455 2691 582 2755 pleraque
596 2691 647 2738 iam
662 2691 709 2738 uia
721 2690 798 2753 fidem
807 2697 946 2747 merentur,
961 2689 1020 2739 vide
1034 2696 1094 2738 onte

130 2785 229 2829 notato.
262 2777 370 2828 Tantum
379 2794 432 2843 pro
446 2779 536 2828 tructus
551 2778 573 2844 (i
584 2775 696 2843 Blultm.)
710 2779 808 2842 scripsi
825 2779 935 2828 fructum.
973 2776 1013 2828 Eo
1027 2779 1095 2826 enim

131 2851 159 2899 in
175 2849 282 2912 fruetus
301 2851 444 2900 licitatione
458 2856 570 2914 praetor
586 2849 722 2912 fructuum
742 2850 846 2898 interim
865 2849 1096 2913 percipiendorum

130 2921 288 2972 commodum
302 2921 414 2973 denotat.
484 2917 506 2986 8)
520 2920 559 2970 De
572 2921 622 2970 ltoc
634 2922 850 2984 pronuntiatione
864 2921 898 2984 cf.
914 2919 946 2970 Ιι.
961 2930 995 2971 oo.
1015 2920 1047 2969 D.
1063 2920 1096 2969 de

131 3007 189 3056 aeq.
200 3006 271 3056 poss.
287 2992 335 3057 (41,
348 2992 381 3058 2).
437 2989 459 3057 ⁴)
474 2991 520 3040 Ea
534 2991 560 3040 V
561 2987 590 3051 st,
604 2992 651 3041 sed
660 2998 792 3054 postrema
806 3006 841 3040 eoo
854 3007 910 3041 mea
923 2992 1094 3050 restitutione,

132 3077 184 3112 non
198 3065 263 3112 satis
277 3070 358 3122 certo,
373 3065 434 3128 quio
444 3078 529 3127 poene
543 3069 597 3113 toto
611 3061 726 3112 Blulsmii
738 3061 848 3112 Schedia
856 3059 962 3113 nititur.
982 3068 1096 3112 notatum

128 3133 214 3197 fuisse
224 3135 318 3198 putavi
332 3131 480 3201 tantisp(er)‚
494 3133 551 3199 r(e)‚
565 3131 723 3200 p(ro)p(ri)s‚
737 3131 868 3200 prosator),
883 3131 956 3199 e(st)‚
972 3131 1094 3200 i(nter)eo.

133 3200 155 3268 ⁶)
176 3205 202 3253 V
204 3201 225 3237 ⁸²
242 3220 277 3256 ex
296 3205 415 3270 Kriiperi
433 3204 460 3269 (l.
480 3204 513 3270 c.)
532 3205 667 3254 relatione.
692 3219 716 3254 s1
735 3219 797 3256 nav.
816 3221 860 3255 sn.
875 3219 1095 3255 amensamens

135 3291 167 3323 rs
181 3289 225 3326 vis
243 3291 328 3326 secra
345 3293 394 3327 asa
412 3277 452 3326 ed.
471 3291 527 3326 mea
544 3287 565 3327 4.
589 3291 655 3340 puae
673 3274 751 3325 verbo
765 3291 817 3340 per
835 3290 951 3325 errorem
970 3275 1046 3323 etiam
1067 3275 1096 3322 in

131 3347 173 3396 ed.
187 3358 207 3398 s.
223 3349 324 3411 partim
342 3354 444 3398 retenta
462 3353 546 3396 erant.

131 3452 347 3464 —a—

204 3503 230 3574 §-
247 3510 307 3560 166.
326 3507 397 3556 fruct.
416 3503 510 3574 stipat]
531 3507 565 3570 cs.
585 3506 618 3554 L.
632 3517 653 3555 4.
673 3507 698 3567 ξ.
712 3517 732 3557 e.
752 3505 784 3554 D.
802 3505 834 3554 de
852 3503 920 3553 verb.
940 3502 988 3554 obt.
1004 3501 1049 3569 (45,
1064 3501 1097 3568 4).

133 3575 237 3646 nouerit]
253 3579 288 3642 cs.
304 3579 327 3640 ξ.
343 3589 390 3630 466.
409 3579 539 3642 sponsione
553 3573 614 3644 etc]
630 3577 664 3640 cf.
682 3577 733 3626 Cic.
745 3591 797 3641 pro
814 3575 886 3625 Coeo.
902 3586 936 3627 16.
955 3575 978 3637 ἓ.
993 3584 1028 3626 45.

184 3678 283 3712 nenses.
297 3681 375 3713 anm
389 3681 440 3713 aaa.
456 3681 493 3712 un.
507 3683 529 3712 v.
862 3663 894 3712 26
