2678 4116
434 194 496 230 unu
513 192 607 228 rreum.
625 174 659 232 ΙΙ,
678 180 787 230 ιιι-96,
1032 177 1093 245 241

127 339 285 412 legatumne
301 335 375 410 quod
387 337 411 392 ei
423 336 514 394 datum
526 335 619 405 inerit,
634 351 689 392 nou
700 335 776 407 mihi,
791 335 839 392 sed
849 335 959 392 domino
972 338 1095 411 proprie·

123 424 194 490 ,tatis
209 421 372 496 adquiritur.
402 416 451 480 92.
469 420 541 477 idem
556 419 645 494 placet
661 419 695 478 de
710 437 754 492 eo,
770 421 816 494 qui
832 438 847 478 a
862 419 940 478 nobis
955 420 1027 478 bona
1042 420 1094 480 lide

125 507 301 583 possidetur,
318 501 322 584 l
339 507 398 562 siue
421 504 489 562 liber
510 506 546 561 sit
567 505 627 562 siue
655 504 760 562 alienus
782 521 896 562 seruus:
927 505 1000 580 quod
1023 497 1146 564 euimlss·

125 592 231 668 placuit
252 591 285 648 de
300 590 521 662 usufructuario,
540 590 612 646 idem
633 589 764 663 probatur
779 591 857 646 etiam
880 589 914 646 de
931 589 1018 650 honae
1033 589 1095 648 lidei

125 691 304 752 possessore:
328 676 419 750 itaque
436 673 509 749 quod
525 682 600 732 entra
615 673 681 730 duas
695 676 763 732 istas
779 674 872 730 'causas
887 675 1046 748 adquiritur,
1068 676 1095 732 ld

126 761 174 818 uel
189 760 326 834 adipsum
341 761 469 834 pertinet,
485 760 508 816 si
523 758 592 815 liber
607 766 660 831 est,
675 758 720 816 uel
736 758 767 816 ad
789 759 938 832 dominum,
959 762 982 816 si
998 777 1094 818 seruus

125 853 182 904 cst.
224 842 275 902 93.
299 843 353 900 Sed
375 846 398 900 si
421 843 507 902 bonae
529 841 591 900 fidei
613 859 759 917 possessor
780 845 941 917 usuceperit
959 839 1093 917 seruum,¹

124 932 191 1005 qula
202 946 235 986 eo
247 928 330 986 modo
342 928 468 986 dominus
480 926 521 996 fir.
535 945 568 986 ex
580 929 653 986 omni
662 944 742 986 causa
753 944 803 1002 per
814 945 875 986 eum
887 928 940 986 sibi
951 929 1095 1004 adquirere

125 1022 230 1090 potest.
268 1013 488 1070 usuiructuarius
510 1029 577 1070 uero
599 1029 750 1088 usucapere
772 1029 827 1069 non
849 1021 956 1086 potest;
979 1017 1094 1094 primunr

125 1101 262 1173 quianon
277 1098 409 1173 possidet,
432 1106 476 1154 set
490 1097 570 1156 habet
585 1099 627 1154 ius
646 1091 895 1167 'utendilrucndi3²
917 1097 1013 1156 deinde
1033 1100 1095 1172 qula

125 1185 194 1256 scit,
211 1183 329 1246 alienum
343 1199 455 1240 seruum
470 1200 541 1241 esse.
572 1179 621 1240 94.
637 1182 672 1238 lie
687 1183 735 1240 illo
750 1183 904 1258 quaeritur,
920 1200 954 1240 an
969 1199 1019 1257 per
1034 1200 1095 1240 eum

124 1285 249 1340 seruum,
265 1269 294 1324 in
310 1284 365 1342 quo
377 1267 578 1325 usumfructum
591 1268 730 1338 habemus,
747 1267 887 1341 possidere
902 1267 1023 1342 aliquam
1037 1284 1094 1326 rem

126 1361 158 1410 et
173 1368 320 1426 usucapere
332 1345 506 1427 ’possimus,³
521 1354 583 1426 quia
595 1354 683 1426 ipsum
695 1368 751 1410 non
762 1351 944 1427 possidemus.
972 1369 1094 1427 per-eum

128 1453 211 1507 uero,
232 1453 310 1510 quern
332 1435 403 1494 bona
418 1435 471 1494 lide
486 1437 669 1512 possidemus,
691 1438 751 1494 sine
769 1436 852 1494 dnbio
868 1446 896 1494 et
910 1437 1052 1512 possidere
1066 1447 1095 1495 ct

127 1536 280 1595 usucapere
294 1538 450 1595 possumus.
484 1521 622 1596 loquimur
644 1529 734 1578 autem
756 1523 784 1579 in
806 1523 950 1598 utriusque
973 1540 1094 1598 persono

124 1605 277 1662 secundum
292 1604 485 1678 definitionem,
500 1623 580 1680 quam
599 1611 721 1681 proxime
740 1610 926 1681 exposuimus,
948 1607 974 1666 id
996 1617 1049 1680 est,
1070 1609 1094 1665 si

125 1691 249 1765 quidex
270 1706 301 1746 re
323 1699 417 1748 nostra
440 1691 484 1748 uel
507 1707 539 1747 ex
562 1693 652 1766 operis
678 1692 734 1748 suis
762 1691 922 1768 adquirant,
951 1693 987 1748 ’id
1015 1692 1093 1750 nohis

53 1783 110 1838 {tce}
124 1768 262 1850 adquiri.⁴
307 1772 354 1834 et.
377 1775 414 1832 Ex
435 1776 478 1832 liis
501 1784 630 1850 apparet,
658 1792 707 1850 per
734 1774 835 1833 liberos
860 1776 1002 1847 homines,
1024 1793 1093 1850 quos

124 1876 216 1934 neque
230 1860 284 1916 iuri
298 1868 394 1916 nostro
409 1859 548 1918 subiectos
565 1859 708 1932 habemus,
731 1876 819 1934 neque
838 1859 911 1918 bona
932 1857 985 1916 lide
1004 1862 1093 1934 possi·

124 1944 229 2016 demus,
246 1943 320 2002 'item
335 1961 384 2019 per
395 1945 498 2002 alienos
510 1961 618 2016 seruos,
633 1946 660 2002 lu
676 1943 775 2018 quilius
789 1960 879 2019 neque
894 1943 1094 2002 usumfructum

126 2027 258 2085 habemus
281 2045 370 2102 neque
391 2031 492 2087 iustam
514 2023 743 2104 ροεεεεειοιιειη,6
763 2028 838 2084 nulla
858 2045 991 2085 excausa
1015 2028 1093 2086 nolis

124 2113 232 2187 adquiri
247 2129 338 2189 posse.
376 2122 403 2169 et
418 2114 472 2171 hoc
486 2122 537 2186 est,
555 2113 629 2189 quod
646 2113 730 2188 uulgo
744 2112 853 2185 dicitur,
874 2129 924 2188 per
939 2121 1093 2172 extraneam

124 2215 272 2274 personam
294 2197 374 2254 nobis
396 2199 502 2274 adquiri
524 2215 579 2256 non
601 2215 699 2274 posse;
728 2206 832 2256 tantum
860 2198 893 2254 de
919 2200 1094 2272 possessione

125 2285 288 2356 quaeritur,
317 2297 351 2340 an
377 2282 437 2358 ’per
462 2299 619 2357 personum
646 2277 788 2341 lidercm⁶
814 2283 893 2340 nobis
922 2283 1092 2358 adquiratur.

122 2362 173 2426 96.
195 2367 225 2423 ln
247 2384 351 2424 sumnia
372 2368 511 2426 sciendum
534 2377 590 2440 est,
613 2369 672 2441 his,
696 2371 742 2443 qui
764 2371 791 2426 in
812 2365 816 2444 Ι
836 2376 989 2443 potestate,
1013 2367 1144 2426 manull-

201 2543 222 2612 ¹)
237 2546 282 2596 Ec
307 2543 363 2606 Vll,
387 2549 414 2597 ia
433 2549 483 2612 qu'o
502 2548 571 2612 quod
591 2554 651 2597 ante
669 2547 781 2612 nsucepit
799 2549 895 2614 tepitur
913 2562 981 2610 cum,
1004 2550 1094 2599 errori

125 2618 235 2668 librarii
244 2620 324 2684 prius
338 2619 360 2668 si
374 2617 455 2677 obliti,
471 2634 545 2683 quam
560 2633 614 2667 eum
629 2621 764 2685 corripere
778 2621 865 2669 malui.
940 2615 963 2685 ¹)
976 2618 1022 2668 Em
1031 2620 1091 2684 Dip.

125 2697 153 2739 et
166 2690 231 2740 Iasi.
247 2689 329 2740 utendi
345 2696 369 2738 et
382 2689 478 2739 fruendi
494 2689 520 2740 0.
530 2690 588 2740 edd.
627 2685 647 2756 8)
663 2705 791 2754 possumus
803 2689 828 2740 0.
839 2691 878 2739 cd.
889 2689 937 2756 Bp.
981 2687 1003 2756 ⁴)
1015 2689 1094 2740 Ferri

118 2767 235 2825 possunt
242 2761 307 2810 laec
316 2759 404 2820 uerba,
421 2762 532 2810 maxime
542 2776 598 2810 cum
613 2757 659 2809 Vlt
672 2761 834 2812 definitionem
848 2776 900 2810 uon
914 2762 1092 2812 distinctionem

118 2839 247 2896 praestet.
271 2831 339 2882 Edd.
350 2844 370 2884 1.
381 2843 401 2882 a.
412 2832 489 2882 initio
502 2834 680 2895 suppleverunt
692 2828 757 2882 ‘uu’
773 2848 809 2882 ex
822 2834 909 2882 vicino
918 2833 998 2884 simili
1006 2840 1059 2882 -ant
1068 2840 1093 2882 ct

118 2909 183 2966 post
187 2918 242 2966 pro
251 2903 385 2967 adquiritur
392 2901 441 2968 (sic
450 2902 475 2952 0.
482 2902 552 2968 edd.)
562 2905 720 2968 scripseram
730 2903 875 2968 adquiratur.
896 2903 951 2954 Pro
961 2903 1093 2968 acquiritur

124 2981 209 3024 tamem
229 2990 298 3024 auae
316 2975 396 3024 mutui
414 2974 512 3038 acquiri.
551 2971 648 3024 Vitium
667 2975 827 3026 coddeonis
845 2975 962 3038 effecisse
981 2975 1092 3034 videtur,

124 3051 154 3093 ut
163 3044 229 3095 Just.
239 3045 303 3114 lust.
313 3045 378 3095 laea
392 3047 544 3096 omitterent.
578 3045 656 3096 Uncis
671 3052 699 3095 ut
710 3048 837 3112 plassema
846 3048 953 3096 inclusit
961 3045 1009 3111 Bp.
1020 3047 1060 3097 cd.
1070 3056 1091 3097 5.

125 3112 148 3181 ⁶)
163 3115 239 3166 Haec
253 3131 346 3166 errore
359 3116 501 3180 dupliciter
514 3117 631 3166 scribere
645 3116 772 3166 librarius
786 3119 876 3181 coepit.
951 3113 973 3184 ⁶)
989 3117 1050 3167 Cum
1064 3118 1091 3167 in

129 3183 176 3233 W
183 3194 287 3237 'tautum
296 3189 331 3237 eit
344 3202 447 3250 pp--
457 3186 575 3237 dacbitari
580 3194 674 3252 potest,
689 3203 723 3236 aa
732 3190 857 3252 scriptum
863 3189 949 3252 fuerit
958 3190 1093 3252 uelpotius

124 3263 240 3310 notatam
254 3273 298 3322 per
307 3273 435 3323 personam
444 3259 545 3309 liberam
554 3275 589 3310 aa
600 3274 643 3323 per
653 3266 840 3323 procuratorem.
868 3258 922 3310 Sed
935 3259 1008 3316 illud,
1024 3259 1093 3323 quod

123 3329 203 3378 etiam
216 3336 326 3380 tutorem
339 3337 364 3380 et
378 3335 524 3380 curatorem
539 3330 742 3395 comprehendit,
757 3333 855 3382 rectius
869 3339 914 3380 est.

198 3484 281 3556 §.ec
303 3488 514 3553 Cf.§.t.1.cit.
579 3486 1091 3558 595.==§.s.10u.0f.1²aut.s,a.

126 3560 150 3620 5.
165 3568 186 3608 ε.
249 3557 275 3628 §-
291 3564 333 3617 96.
355 3561 393 3625 Of.
409 3563 432 3624 i.
447 3573 481 3614 er.

178 3661 274 3696 muru
288 3664 366 3696 asnar.
379 3665 431 3695 anu.
447 3665 484 3698 un.
499 3665 521 3696 v.
856 3649 887 3698 16
