2680 4118
223 123 283 186 728
450 138 548 176 annona.
567 137 621 176 nvn.
640 137 703 175 non.
723 137 808 174 varro.
828 125 941 174 att-38.

221 270 311 328 Piceni
326 266 456 341 Aquileia.
487 268 614 338 ‚Accepta
629 265 705 324 ΧΙΙΙΙ.
721 265 772 324 irai.
789 265 954 324 Oet.dibne.
996 264 1181 324 Constantino
1197 281 1270 329 [sest

222 362 249 411 et
265 343 401 427 (Licinio)
418 352 487 423 Aug.
504 349 545 406 iii.
561 345 664 408 consa.¹

283 430 333 494 86.
357 429 471 508 (Iidem)
495 427 598 507 2Αιιςε.
621 443 649 492 et
668 434 756 492 Gaess.
780 435 871 490 Basso.
915 432 1071 490 Valentinus
1093 432 1181 507 perfi-

221 520 290 578 diam
306 527 334 574 et
356 517 398 574 ’de
413 509 474 574 ἰΙΙο3
491 517 603 574 maxime
619 519 751 590 queritur,
775 519 836 591 quia
853 534 868 572 a
883 523 975 576 tutore
994 518 1135 590 prooessit.
1162 535 1181 574 a

222 618 276 678 quo
288 601 387 675 aliquid
402 603 430 656 in
442 600 565 657 fortunas
574 617 635 658 suns
651 603 906 674 perniciosissimum
922 599 1055 674 proficisci
1066 602 1181 656 minime

222 687 340 744 amnium
361 683 480 742 decebat.
525 683 735 758 Exttperantins‚
758 686 801 740 uir
823 684 1002 753 clarissimus,
1025 685 1179 740 sitantum

222 769 372 828 auunculus
389 767 527 824 Valentino
542 777 630 840 esset,
652 784 820 842 nequaquam
836 769 865 824 in
881 767 1050 826 Valentinum
1064 783 1182 841 peccaro

222 853 343 926 deberet,
360 853 405 926 qui
421 852 506 908 ’nuno
523 843 527 927 Ι
545 844 558 884 ⁴

429 927 570 998 [Quattuor
588 938 634 980 aut
651 939 708 982 acto
722 933 837 997 popinae
855 928 967 996 desunt]

115 999 213 1070 [titt-b·
277 999 340 1064 37.⁶
363 1005 537 1064 ..uidelicet
558 1004 704 1075 'iactando‚
727 997 887 1079 numquam⁸
903 1045 1033 1062 ......
1049 1002 1179 1062 fiduciam

117 1074 272 1178 rffi-sffii
288 1105 347 1146 esse
363 1098 497 1145 seruatam
514 1131 520 1144 .
538 1129 545 1144 .
563 1130 569 1143 .
588 1130 636 1145 ...
653 1087 766 1144 obnoxia
781 1095 952 1161 eomparatur
966 1087 1067 1145 aceedit
1081 1130 1087 1144 .
1102 1129 1128 1146 ..
1145 1130 1151 1144 .
1169 1130 1177 1144 .

118 1183 295 1262 Vffisnum.
332 1172 446 1248 proinde
468 1173 581 1245 posthac
601 1170 691 1228 saltim
708 1213 834 1230 ......
850 1171 1013 1244 fraudesque
1036 1172 1099 1228 talia
1121 1171 1178 1230 dis·

132 1267 200 1302 Gatt-
224 1259 324 1312 sentina
341 1295 474 1312 ......
493 1258 681 1325 eradicentur,
705 1255 794 1311 nullus
810 1255 899 1312 aditus
919 1253 988 1311 fictis
1010 1271 1025 1312 o
1041 1295 1176 1312 ......

222 1338 291 1394 dolis
306 1338 476 1410 relinquatur
491 1341 602 1412 ingenui
615 1378 726 1396 ......
757 1332 865 1412 ⁷Ipr'tur
885 1340 962 1412 quod
975 1337 1008 1394 ad
1023 1340 1179 1412 proninda·

222 1423 286 1478 lium
301 1437 395 1494 preces
411 1421 512 1476 dudnnr
527 1430 570 1478 est
584 1421 773 1494 constitutum,
789 1438 825 1478 ne
840 1423 894 1492 itis,
910 1425 960 1496 qui
971 1427 1179 1494 praestationi·

222 1504 274 1562 bus
288 1506 437 1576 fiscalibus
452 1506 607 1577 differrent
621 1506 776 1561 satisfacere
792 1505 836 1562 uel
848 1505 962 1576 nollent,
978 1504 1093 1578 publica
1108 1508 1177 1562 reti·

222 1605 342 1662 querum
369 1591 481 1645 turritus
506 1592 674 1662 proueniret
702 1591 748 1646 uel
775 1605 880 1644 summa
907 1588 1095 1660 toleraretur,
1124 1591 1176 1646 ianr

222 1673 335 1729 nuncid
347 1675 439 1744 ipsum
451 1691 469 1729 a
481 1671 640 1744 fraudibus
650 1675 808 1730 munientes
820 1671 1018 1730 constituimur
1025 1674 1177 1746 perspicue

221 1755 282 1828 lege
297 1758 415 1830 sancire,
437 1765 468 1812 ut
483 1771 666 1828 quaecumque
679 1773 734 1828 pro
750 1759 867 1828 reliquia
880 1757 1065 1830 prodr'porum
1078 1760 1108 1814 in
1122 1773 1176 1812 an·

223 1844 344 1898 nonaria
360 1843 440 1898 titulo
456 1843 597 1896 oeterisue
612 1839 746 1896 fiscalibus
758 1839 854 1895 debitis
866 1839 931 1895 luxu
943 1856 973 1896 ae
987 1843 1111 1914 nequitia
1126 1839 1176 1894 ’ad

223 1931 376 1996 eportatem
390 1925 596 1996 perductarum
611 1915 770 1980 dominam⁸
792 1923 925 1980 infundis
941 1932 1021 1996 atque
1037 1924 1173 1996 mancipiis

194 2077 200 2092 ι
223 2006 266 2062 uel
281 2009 308 2062 in
321 2007 539 2082 quibuscumque
551 2009 720 2078 corporibus
731 2007 784 2064 sub
796 2011 929 2064 auctione
943 2009 1083 2066 licitunda
1098 2013 1173 2076 sunt,

221 2092 292 2162 fiseo
315 2098 425 2148 auctore
447 2091 606 2158 uendentnn
629 2099 657 2146 et
671 2097 701 2146 ut
723 2095 850 2164 perpetui
865 2106 957 2162 penes
976 2106 1025 2150 eos
1039 2094 1096 2148 sint
1111 2095 1175 2146 iure

222 2175 464 2248 daminit‚,quibus
478 2189 526 2230 rea
540 2172 729 2230 huiuscemodi
740 2173 790 2230 suit
802 2174 893 2232 hastae
905 2173 1045 2231 sollemnia
1055 2175 1173 2232 arbitrio

221 2261 312 2328 fiscus
332 2260 479 2316 addixerit
494 2298 623 2314 ......
639 2258 666 2312 in
689 2257 730 2312 his
753 2258 840 2314 utitur
861 2257 1027 2330 uenditaris,
1050 2273 1118 2332 quae
1139 2255 1173 2312 ab

222 2341 239 2396 d
257 2381 387 2398 ......
398 2343 431 2413 gi
453 2340 496 2395 uel
518 2342 650 2414 permissu
672 2339 789 2397 iudicum
811 2340 899 2396 distre
918 2378 1050 2398 ......
1071 2340 1232 2410 emolu-taust
1306 2335 1313 2423 Ι

295 2548 315 2615 ¹)
329 2565 354 2600 u.
369 2561 415 2602 tlt.
468 2544 488 2615 ²)
505 2549 542 2612 Of.
558 2551 594 2598 ud
603 2552 626 2612 ξ.
637 2563 663 2602 ott
673 2553 728 2601 intr.
781 2547 802 2616 8)
816 2551 890 2602 Haeo
905 2551 990 2609 uerba,
1001 2567 1067 2616 quae
1081 2550 1139 2602 Vnt.
1149 2559 1173 2602 et
1303 2462 1314 2612 Ι

222 2621 315 2672 Hotlw.
331 2621 370 2670 ed.
381 2627 443 2683 past
457 2620 512 2684 quia
525 2620 627 2679 nabent,
641 2622 690 2671 due
704 2637 750 2672 eno
765 2624 822 2672 loeo
832 2623 941 2672 restitui.
965 2620 1011 2672 Sin
1025 2628 1050 2672 et
1059 2621 1172 2672 Memno.
1306 2622 1314 2711 Ι

223 2691 244 2756 ⁴)
263 2692 290 2740 V
291 2690 309 2739 Ι.
325 2691 364 2741 ed.
380 2689 493 2740 Memno.
509 2705 555 2740 non
570 2691 628 2742 Vat.
680 2689 701 2752 ὁΙ
718 2692 787 2742 Pure
801 2693 965 2744 huiuscenet.
977 2694 1100 2742 eustatie
1110 2691 1141 2742 L.
1152 2705 1171 2742 1.

226 2762 269 2812 Tit.
287 2761 312 2811 0.
327 2761 359 2810 de
374 2762 426 2824 fide
441 2769 465 2810 et
480 2763 529 2809 iur.
549 2761 638 2810 hastae
651 2759 700 2827 (to,
715 2760 751 2827 tt)
766 2785 799 2804 =
814 2762 845 2811 L.
860 2773 881 2814 5·
910 2762 936 2813 0.
951 2764 1007 2812 eod.
1023 2761 1071 2828 (ιο,
1086 2761 1109 2827 t)
1127 2761 1172 2810 sub

222 2835 317 2883 insen:
337 2828 447 2894 ‘Imppp
472 2831 682 2890 Valentinianus,
711 2831 807 2882 Valens
830 2840 855 2881 et
875 2831 1017 2882 Gratianus
1036 2831 1119 2882 ΑΑΑ.
1139 2831 1173 2880 ad

227 2901 370 2952 Vieentt'um
390 2901 433 2964 Pf.
454 2901 485 2950 P.
510 2899 674 2957 Galliarum',
696 2903 763 2952 unde
786 2904 910 2967 quaedam
931 2903 964 2952 ab
982 2903 1039 2952 edd.
1058 2902 1172 2967 suppleri

217 2979 367 3037 potuerunt.
427 2967 447 3034 ⁶)
468 2969 514 3019 Vi.
529 2972 569 3020 ed.
584 2971 697 3020 Mamers.
726 2979 778 3021 aeta
792 2987 839 3022 non
853 2973 941 3022 donum
955 2986 1025 3036 quam
1044 2971 1102 3022 Vnt.

224 3041 244 3108 ⁷)
263 3041 332 3104 Quae
345 3048 499 3106 sequuntur,
514 3042 634 3092 uidentur
652 3049 770 3106 spectare
786 3042 947 3092 Constantini
965 3049 1045 3093 conat.
1064 3045 1091 3091 in
1105 3041 1136 3092 L.
1150 3053 1171 3094 t.

225 3114 269 3164 Tlt.
286 3113 311 3163 0.
326 3114 358 3163 de
372 3119 457 3162 eoeaet.
472 3110 517 3178 (11,
532 3110 568 3178 a),
583 3113 650 3162 unde
664 3115 799 3176 proximas
818 3127 907 3162 uerear
921 3113 957 3162 ad
968 3114 1119 3164 sententiam
1131 3127 1171 3160 re·

220 3186 301 3236 stitui.
367 3181 389 3249 ⁸)
404 3182 533 3248 Suppteui.
563 3183 688 3247 Apparet,
704 3185 778 3232 etiam
793 3191 870 3234 antea
883 3183 1037 3246 prodigorum
1050 3197 1105 3232 erre
1118 3183 1170 3231 oul-

219 3257 281 3322 pari
294 3270 371 3306 aenou
387 3251 592 3311 ‘decoctarum',
611 3269 675 3311 non,
694 3253 760 3304 utI.
779 3251 952 3304 Gornofredus
969 3256 1040 3303 nullo
1058 3254 1171 3316 exempto

221 3329 406 3389 interpretatus
419 3331 490 3383 erat,
511 3321 609 3374 ‘rerum
627 3338 692 3388 quae
706 3319 904 3388 prodipantur’.
940 3323 978 3386 Of.
994 3330 1086 3386 postea
1099 3336 1171 3386 penes

220 3397 327 3458 perditos
347 3403 456 3446 maneant
475 3431 481 3445 .
497 3432 504 3445 .
520 3431 548 3445 ..
568 3395 706 3454 ignauorurn
726 3430 821 3445 .....
841 3393 957 3443 luxuriam
975 3393 1038 3442 terre
1060 3393 1170 3442 debenus

221 3503 317 3519 .....
331 3479 375 3528 per
389 3478 498 3514 somnum
512 3470 536 3513 et
549 3465 625 3525 gulam
640 3470 710 3527 atque
724 3464 854 3516 lasciuiam.
