2672 4112
270 1025 271 1032 ,
365 951 421 1016 TI.
446 949 803 1017 CORVNOANIVS

422 1055 493 1123 (abiit
511 1057 576 1106 circa
594 1072 616 1106 a.
636 1072 659 1106 u.
678 1052 751 1122 509).ι

162 1164 182 1225 l.
204 1165 388 1222 Coruncanius
403 1161 549 1220 ruminales
564 1164 677 1230 hostias,
700 1163 788 1220 donec
802 1155 939 1218 bidentes²
956 1161 1064 1236 fierent,

104 1267 183 1324 puras
205 1251 326 1322 negauit.
350 1277 387 1288 -
410 1247 478 1304 Plin.
500 1246 532 1307 N.
554 1247 586 1303 H.
609 1247 639 1318 8,
662 1245 713 1317 51,
737 1247 785 1304 77.

166 1332 197 1394 2.
220 1333 323 1388 Placuit
337 1332 365 1387 P.
381 1331 527 1389 Scaeuolae
549 1339 576 1386 et
591 1329 756 1386 Coruncanio
779 1339 830 1386 etc.
847 1359 888 1370 -
903 1329 957 1388 Cic.
979 1329 1011 1386 de
1027 1329 1065 1386 le·

108 1417 162 1491 gib.
186 1416 217 1487 2,
239 1416 289 1472 21.
326 1415 363 1474 Cl.
386 1415 457 1472 inlra
480 1415 508 1470 P.
532 1413 649 1470 lineium
671 1413 826 1472 Scaeuolam
849 1413 878 1472 3.

273 1593 362 1660 SEX.
385 1592 543 1660 AELIVS
566 1591 735 1658 Pennus
759 1591 898 1660 cuuis

476 1699 537 1765 (cus.
553 1713 574 1748 a.
589 1714 612 1748 u.
628 1695 701 1762 556).³

447 1807 728 1880 Trlperlita.

164 1922 353 1982 LPraeterca
381 1923 414 1980 de
442 1941 514 1999 penu
540 1922 745 1980 adscribendum
773 1923 826 1980 lruc
853 1923 932 1978 etlam
960 1924 1066 1996 putaui:

103 2011 227 2066 Seruium
255 2008 404 2081 Sulpicium
430 2009 458 2063 in
484 2008 656 2080 reprehensis
680 2005 825 2062 Scaeuolae
848 2005 980 2078 capitibus
1003 2008 1067 2062 scri·

105 2096 203 2168 psisse,
218 2092 283 2148 Cato
295 2091 371 2148 Aelia
384 2091 529 2165 placuisse,
545 2107 600 2146 tran
616 2105 685 2163 quae
701 2089 759 2145 esui
774 2097 802 2144 ct
816 2090 893 2162 patui
905 2089 1004 2160 iurent,
1020 2089 1066 2144 sed

106 2179 170 2232 thus
186 2192 293 2250 quoque
309 2184 337 2232 et
351 2192 445 2232 cereos
460 2177 487 2232 in
502 2191 575 2248 penu
590 2190 662 2245 csse,
686 2173 759 2248 quud
780 2179 852 2230 esset
867 2173 924 2228 eius
940 2167 1068 2229 lamilia04

104 2268 298 2334 comparatum.
315 2289 356 2300 -·
372 2259 440 2319 Geli.
457 2259 487 2332 4,
507 2260 532 2314 1.
550 2259 577 2330 S.
596 2257 648 2315 20.

167 2341 197 2400 2.
218 2343 343 2399 llluseras
358 2343 417 2398 heri
438 2345 509 2399 inter
528 2343 656 2416 scyphus,
678 2341 750 2415 quud
766 2341 893 2413 dixeram,
909 2350 1069 2400 contrauer-

105 2430 175 2484 siam
197 2443 266 2499 esse,
288 2435 418 2500 possetne
440 2427 530 2502 heres,
553 2425 626 2500 quad
649 2425 751 2481 lurtum
773 2433 849 2482 antea
870 2426 968 2482 lactum
984 2436 1067 2498 esset,

108 2511 175 2568 lurti
190 2518 263 2567 recte
279 2527 370 2584 agere.
400 2513 492 2584 ltaque
507 2511 558 2566 etsi
574 2511 683 2566 domum
698 2509 766 2566 bene
781 2517 862 2584 putus
877 2526 993 2583 seraque
1008 2510 1068 2566 red·

106 2597 200 2668 ieram,
224 2602 313 2650 tamen
329 2594 356 2650 id
379 2601 470 2668 caput,
493 2593 539 2650 ubi
561 2595 627 2649 haec
651 2596 838 2650 controuersia
859 2601 909 2664 est,
933 2596 1026 2650 notaui
1042 2603 1069 2650 et

105 2679 273 2752 descriptum
297 2677 344 2734 tibi
366 2679 436 2750 misi,
458 2686 489 2734 ut
510 2679 594 2734 scires
609 2678 647 2750 id,
670 2677 743 2751 quad
760 2685 789 2733 tu
804 2679 936 2733 neminem
952 2680 1068 2734 sensisse

104 2762 225 2836 dicebas,
245 2761 305 2818 Sex.
321 2762 437 2835 Aelium,
453 2761 496 2818 lll'.
512 2761 655 2833 llanilium,
677 2761 710 2816 ll.
728 2761 838 2817 Brutum
854 2763 981 2819 sensisse.
1010 2761 1068 2836 Ego

106 2854 197 2902 tamen
211 2845 357 2902 Scaeuolae
373 2854 401 2901 et
416 2845 511 2902 l'cstae
526 2847 668 2900 assentior.
686 2873 725 2886 -
741 2845 793 2904 Cic.
811 2845 843 2900 ad
859 2845 920 2900 lam.
939 2845 966 2912 7,
985 2845 1033 2902 22.

180 3005 202 3074 ¹)
211 3007 320 3072 Scripta
334 3012 390 3060 eiua
404 3026 455 3060 aon
470 3010 594 3060 elatabant
604 3010 635 3059 L.
647 3022 666 3061 2.
678 3012 701 3073 ἓ.
713 3022 746 3062 aa.
771 3011 803 3060 D.
815 3011 846 3060 de
856 3012 922 3076 arip.
934 3013 984 3061 tur.
995 3009 1027 3076 (1,
1037 3011 1068 3078 a).

106 3077 128 3146 ⁹)
145 3080 186 3144 Cf.
205 3079 267 3129 Geli,
283 3091 317 3139 tt,
332 3093 351 3132 6.
372 3081 488 3131 Macrob.
498 3081 554 3130 Sat.
569 3093 589 3144 c,
600 3093 621 3143 9,
632 3093 651 3132 1.
672 3081 738 3130 Fest.
753 3097 791 3144 ep.
807 3097 829 3130 a.
843 3080 972 3132 Bidental.
988 3099 1015 3146 p.
1035 3095 1068 3134 tt.

104 3147 125 3216 ³)
141 3150 216 3199 Aelii
230 3151 326 3199 dictam
339 3151 371 3200 de
386 3158 460 3202 nacte
475 3153 636 3215 intempesta,
655 3153 725 3216 quod
738 3152 817 3201 Vara.
837 3153 868 3200 de
882 3152 914 3200 J..
929 3153 961 3202 L.
976 3165 997 3215 a,
1012 3165 1032 3216 1,
1048 3166 1067 3205 a.

101 3221 198 3284 refert,
213 3220 246 3270 L.
261 3220 332 3270 Aetia·
346 3220 456 3272 Stilonis
465 3237 519 3272 esce
529 3223 639 3271 videtur.
662 3223 733 3272 Idem
746 3223 808 3272 mila·
813 3225 946 3286 persuasit
955 3225 987 3272 de
1001 3226 1072 3275 Aelii

100 3291 261 3355 etymologia
275 3291 348 3340 uerbi
364 3289 517 3350 ‘acciduaa',
532 3309 607 3357 quam
616 3308 650 3341 aar
662 3293 714 3342 (lic.
729 3292 789 3356 Tap.
800 3305 819 3344 a.
831 3295 854 3355 ξ.
866 3306 898 3344 10.
910 3295 1003 3358 priore
1015 3299 1068 3346 edi·

99 3364 174 3411 tione
188 3361 240 3410 huc
253 3365 402 3422 retuleram,
416 3363 453 3412 M.
468 3364 558 3412 Hertz.
573 3365 600 3412 iu
613 3363 772 3412 Fleckciccai
780 3365 900 3428 Mitras.
911 3367 986 3414 class.
1002 3365 1069 3413 Pln'l.

100 3444 155 3484 1861
166 3447 196 3496 p.
211 3441 246 3483 15.
277 3430 299 3498 ⁴)
313 3431 358 3482 Eua
369 3434 549 3499 Cannepa'ctera'
563 3436 595 3497 cj.
613 3433 741 3484 Mamaeae
756 3450 854 3498 quaque
865 3435 985 3498 probata.
1003 3433 1066 3495 quod

99 3510 169 3552 essct
185 3503 237 3552 elus
252 3501 311 3569 (non
327 3504 378 3554 elus
392 3507 432 3554 aci
445 3519 492 3553 nou
508 3511 574 3554 essct
588 3503 647 3569 aiii)
662 3507 736 3554 lerme
750 3507 785 3554 rei
801 3521 873 3554 causa
887 3505 944 3553 edd.
961 3501 1071 3568 quodque

99 3580 168 3623 essct
184 3574 236 3622 elus
252 3575 326 3623 lcrme
340 3577 376 3624 rei
390 3577 447 3625 edd.
463 3587 566 3625 maaet.
582 3587 602 3626 t.
621 3603 633 3620 2

156 3670 427 3701 tvnxsrss..tttu11.u1tm.
455 3670 493 3700 ΕΙ).
518 3671 540 3701 V.
822 3666 836 3712 1
