2700 4118
256 195 320 261 656
464 212 522 248 uos.
541 211 580 248 ra.
600 211 661 248 sorr.
682 192 962 247 cremonensem.
982 197 1006 246 3.

259 344 333 400 tulo
356 341 394 398 ed
417 339 737 415 legemssorncliam
759 338 798 396 de
820 340 960 396 sicariis
982 347 1015 395 et
1037 339 1213 398 uenalicis

257 427 356 484 dicit:
379 424 403 484 1.
421 425 522 482 Seruus
537 425 561 481 si
575 423 663 499 plagis
678 423 818 494 deiecerit,
833 424 885 480 nisi
897 423 923 479 id
935 421 998 479 dolo
1013 421 1067 494 liat,
1085 423 1213 482 dominus

258 509 392 567 homicidii
414 524 477 565 reus
499 524 554 565 non
577 515 669 583 potest
690 505 836 581 postulari3
858 507 968 563 modum
990 501 1110 564 'tamen¹
1133 511 1228 572 casti,

258 593 338 670 gandi
352 602 380 650 et
395 595 422 649 ln
437 607 580 649 seruorum
595 593 758 648 coercitione
772 589 874 664 placuit
892 584 1060 664 temperari²

321 676 386 751 llap.
403 675 444 732 lll.
482 675 649 750 Ulpianus
671 675 758 731 libro
781 683 903 732 octauo
926 674 964 731 de
986 674 1109 732 cilicio
1131 692 1211 750 pro·

257 761 435 831 consulis,
473 759 533 816 sub
569 758 676 816 titulo
710 757 748 814 de
783 757 1000 815 dominorum
1035 753 1211 821 saeuitia.³

260 846 287 903 1.
310 845 338 902 Si
360 843 485 902 dominus
500 845 527 900 in
544 859 653 900 seruum
668 841 811 914 saeuiente,
834 841 879 898 uel
894 841 927 898 ad
944 842 1138 916 impudicitiam
1151 852 1210 900 tur·

257 943 373 1004 pemque
394 921 584 984 uiolationem⁴
606 925 766 1000 compellat,
789 941 857 1000 quae
879 928 935 983 sint
955 935 1047 999 partes
1069 926 1209 1000 praesidis,

257 1029 289 1068 er
312 1013 445 1086 rescripto
468 1010 523 1066 diui
543 1010 582 1065 Pii
603 1010 636 1065 ad
656 1003 817 1066 ’Aurelium⁶
837 1007 996 1068 Marcianum
1019 1011 1211 1084 proconsulem

257 1097 377 1153 baeticae
400 1094 595 1151 manifestatur.
639 1091 668 1152 2.
692 1093 772 1150 Cuius
794 1095 918 1167 rescripti
941 1094 1022 1150 uerba
1044 1095 1111 1152 haec
1132 1105 1210 1153 sunt:

258 1180 442 1236 ‘beminerum
456 1177 562 1252 quidem
577 1184 738 1251 potestatem
754 1178 782 1234 ia
795 1193 861 1234 suos
872 1193 988 1235 seruuos
1002 1177 1139 1234 inlibatam
1150 1195 1211 1236 esse

258 1271 375 1336 oportet,
398 1279 449 1318 nec
463 1263 587 1334 cuiquam
601 1262 741 1318 hominum
757 1263 800 1317 ius
815 1277 893 1317 suum
909 1261 1022 1323 detrahi.
1055 1261 1109 1318 Sed
1125 1259 1209 1319 domi-

258 1363 354 1403 norum
382 1338 527 1417 interest‚⁶
554 1361 588 1401 ne
610 1344 739 1402 auxilium
760 1353 855 1402 contra
882 1347 1021 1403 saeuitiam
1048 1345 1093 1402 uel
1115 1345 1209 1403 lauaem

259 1430 303 1486 uel
318 1427 514 1486 intolerabilem
529 1430 653 1486 iniuriam
668 1429 820 1504 denegetur
834 1429 886 1494 bis,
909 1431 956 1503 qui
971 1431 1043 1486 iuste
1064 1429 1209 1501 deprecan-

257 1522 312 1570 tur.
349 1509 377 1572 3,
391 1511 509 1584 lucoque
525 1529 661 1587 cognosce
676 1513 709 1568 de
725 1512 852 1586 querellis
867 1529 977 1584 eorum,
1000 1515 1046 1587 qui
1061 1530 1093 1570 eu
1111 1511 1209 1570 familia

258 1597 316 1652 lulii
333 1595 423 1652 Sabini
445 1596 478 1652 ad
501 1605 616 1653 statuam
638 1596 836 1669 confugerunt:
859 1599 931 1652 etsi
954 1597 998 1653 uel
1020 1597 1113 1653 durius
1136 1597 1208 1654 babi-

258 1689 313 1753 tos,
335 1697 415 1754 quam
438 1696 553 1753 aequum
575 1689 633 1752 est,
656 1680 700 1735 ucl
721 1673 839 1736 ’inianri⁷
861 1681 958 1736 iniuria
977 1680 1087 1738 allectos
1106 1697 1208 1756 cogno·

258 1766 346 1838 ueris,
369 1765 461 1820 uenire
483 1763 561 1834 iube,
583 1766 619 1820 ita
641 1771 672 1820 ut
693 1765 720 1820 la
742 1771 903 1836 potestatem
926 1763 1017 1821 Sabini
1039 1781 1094 1821 non
1116 1777 1281 1828 neuen-[sss]

258 1857 359 1906 tantur.
403 1846 463 1915 ’Qui
485 1841 523 1904 si8
544 1863 619 1904 meae
634 1848 821 1904 constitutioni
836 1846 956 1904 fraudem
975 1848 1084 1919 iecerit,
1108 1842 1208 1920 ’sciat,⁹

258 1950 300 1989 me
322 1932 467 1989 admissum
489 1933 610 1988 seuerius
634 1929 843 1992 exsecuturum?
892 1927 921 1988 4.
952 1931 1034 1988 Diuus
1057 1935 1135 1990 etiam
1157 1932 1209 1988 Ha·

257 2017 366 2074 drianus
382 2007 543 2072 'Umbramw
558 2015 690 2090 quandam
704 2021 852 2072 matronam
868 2016 895 2072 in
912 2017 1123 2090 quinquennium
1139 2016 1208 2073 rele-

258 2103 348 2174 gauit,
371 2099 444 2174 quod
459 2115 490 2156 ex
505 2099 649 2156 leuissimis
664 2101 752 2156 causis
767 2098 874 2156 ancillas
890 2101 1055 2157 atrocissime
1070 2109 1207 2158 tractaret.

256 2183 283 2241 5.
307 2185 373 2241 ltcm
388 2183 471 2239 Diuus
485 2182 548 2238 Pius
563 2183 596 2238 ad
618 2181 739 2239 libellum
753 2181 813 2238 Allii
828 2182 887 2239 lulii
909 2185 1047 2258 rescripsit
1069 2178 1126 2261 (in)
1143 2185 1208 2241 hacc

256 2267 354 2326 uerba:
377 2266 537 2324 ‘Seruorum
553 2265 711 2339 obsequium
726 2283 781 2324 non
796 2266 883 2324 solum
898 2269 1024 2341 imperio,
1042 2268 1090 2324 sed
1105 2277 1132 2324 et
1147 2285 1207 2324 mo·

257 2351 395 2407 deratione
407 2359 435 2407 et
449 2348 645 2406 sufficientibus
661 2351 789 2422 praebitis
800 2359 828 2408 ct
839 2353 917 2408 iustis
933 2350 1059 2426 operibus
1074 2354 1207 2408 contineri

257 2442 376 2506 oportet.
422 2431 451 2494 6.
475 2432 567 2506 ltaque
594 2432 633 2488 ‘et
653 2435 711 2506 ipse
733 2449 826 2492 curare
835 2427 859 2469 ¹¹
881 2433 971 2491 'debes
994 2428 1055 2492 et¹²
1081 2437 1152 2492 iuste
1177 2451 1208 2492 ac

253 2507 412 2590 ’temperate
422 2509 548 2573 seruos¹³
558 2523 685 2587 tractare,
693 2527 724 2573 ut
735 2515 777 2573 ’ex
787 2511 889 2576 iacili¹⁴
899 2521 1037 2593 requirere
1049 2535 1096 2575 eos
1107 2520 1205 2595 possis,

329 2700 349 2770 1)
364 2703 426 2752 enim
443 2703 504 2752 odd.
519 2703 577 2753 edd.
589 2703 634 2752 elsi
646 2703 792 2768 Oramerqj.
822 2705 918 2755 Vocem
931 2705 1000 2770 sipla
1010 2705 1206 2756 librariuecon·

253 2775 332 2837 fudit.
385 2769 527 2839 ²)Aliorc.
538 2775 659 2836 periculo
673 2775 774 2825 domino
788 2775 913 2826 saeuienti
926 2777 1077 2826 imminente.
1103 2777 1206 2840 Osce.

257 2841 277 2907 ⁸)
292 2846 331 2906 §5-
347 2856 415 2896 1—4.
431 2851 521 2894 entant
534 2846 567 2895 L.
582 2856 602 2896 a.
621 2846 654 2893 D.
668 2845 700 2895 de
714 2845 763 2903 bie,
778 2847 822 2910 qai
835 2847 878 2895 sui
892 2845 923 2910 (1,
937 2844 968 2911 c).
991 2846 1028 2910 Of.
1044 2849 1066 2908 ξ.
1081 2857 1102 2896 a.
1118 2846 1205 2896 Leod.

255 2913 287 2980 (1,
302 2913 334 2980 8).
356 2913 413 2964 cat.
428 2927 448 2977 1,
458 2925 492 2966 tit.
544 2913 565 2982 ⁴)
580 2914 625 2965 Sic
639 2917 697 2965 item
706 2915 766 2980 Dip.
781 2916 828 2965 esd
840 2923 924 2966 vetere
938 2918 1001 2967 uitio
1012 2917 1112 2979 factum
1123 2917 1207 2980 fuerit

254 3000 289 3034 em
303 2985 493 3035 c'uersationam.
559 2984 580 3052 ⁶)
595 2985 685 3034 Aelium
704 2986 764 3051 etp.
784 2985 847 3035 Inst.
913 2983 934 3054 θ)
951 2987 989 3050 Of.
1004 2989 1027 3048 5.
1042 2999 1063 3038 e.
1090 2983 1131 3035 ‘ne
1150 2987 1206 3050 qnid

254 3053 431 3108 tumultuosius’
447 3063 495 3107 ete.
548 3053 569 3123 ²)
588 3057 633 3105 Ve.
649 3057 709 3121 Dip.
724 3057 833 3106 infamiae
847 3055 877 3105 B.
898 3057 1008 3106 inlamem
1028 3057 1069 3106 Vt.
1089 3057 1157 3105 iemis
1172 3059 1205 3120 qi.

254 3125 393 3192 Reisipera'.
452 3123 549 3194 ⁸)Dip.
564 3126 632 3186 Quod
645 3126 744 3177 stood.
759 3128 817 3178 edel.
875 3124 897 3193 ⁹)
912 3127 972 3193 Dip.
987 3127 1051 3178 laet.
1067 3128 1127 3176 sciet
1142 3126 1204 3176 odd.

253 3197 311 3246 edd.
365 3194 397 3264 10)
412 3198 556 3248 Umbriciam
569 3197 704 3263 Dipsas.
753 3194 787 3262 ²¹)
801 3200 818 3246 i.
828 3213 849 3247 e.
865 3213 917 3248 non
932 3205 1029 3248 taniam
1039 3198 1206 3261 proconsulis

254 3284 344 3318 curam
357 3276 519 3332 exspectare,
532 3285 550 3318 a
563 3283 612 3332 quo
626 3275 655 3316 ut
665 3268 792 3333 sopitione
805 3283 894 3318 servos
908 3270 1065 3334 innectipare
1078 3283 1110 3317 ae
1119 3268 1207 3332 requi·

253 3355 313 3389 rere
327 3341 424 3394 liceret.
438 3340 542 3402 frustra
551 3339 653 3388 videtur
664 3340 792 3401 petivisse.
819 3339 857 3402 Of.
867 3339 900 3388 L.
910 3350 930 3390 s.
946 3339 978 3388 D.
988 3341 1020 3388 de
1031 3339 1110 3404 saepit.
1120 3335 1165 3404 (ti,
1174 3336 1206 3401 i).

236 3406 289 3478 .¹²)
305 3410 376 3458 debet
388 3408 419 3459 B.
440 3409 486 3460 Vs.
505 3409 578 3458 debes
598 3409 639 3457 Vi.
655 3409 694 3458 ed.
709 3408 750 3458 Bl.
816 3405 849 3475 ¹⁸)
864 3417 997 3484 temperare
1015 3416 1083 3458 etuos
1096 3407 1127 3458 B.
1146 3417 1206 3457 tem-

252 3487 335 3540 perate
350 3486 374 3528 et
388 3493 445 3528 suos
464 3479 509 3529 Vc.
535 3485 664 3543 temperate
683 3487 737 3529 tuos
756 3479 797 3529 Vi.
813 3480 870 3530 edd.
938 3476 1031 3546 14)Εαε
1045 3479 1209 3530 Lacltmaaaa'

253 3550 286 3610 cj.
302 3556 326 3598 et
340 3548 403 3598 lacili
420 3548 481 3599 Odd.
497 3556 521 3599 et
535 3550 603 3599 lecils
618 3550 676 3600 cdd.
