2678 4116
249 245 311 311 184
558 261 735 298 annutante.
754 242 775 302 Ι,
794 249 903 300 44-45.

250 413 279 462 et
297 404 358 459 ideo
380 401 492 459 liberam
512 402 594 458 habet
611 410 775 476 potestatem
792 403 1009 460 manumittendi.
1047 400 1097 464 44.
1112 408 1150 462 Ao
1164 422 1218 466 nec

248 489 280 545 ad
295 503 344 544 eos
360 489 468 561 quidem
484 489 595 544 omnino
610 487 677 543 haee
696 487 739 544 len
754 489 883 560 pertinet,
905 490 951 560 qni
972 490 1030 545 sine
1049 497 1218 546 testamento

249 567 465 628 manumittunt.¹
490 573 581 644 itaque
595 571 661 628 licet
676 573 718 641 iis,
736 573 782 645 qui
793 571 912 628 uindicta
928 581 974 628 aut
989 590 1073 630 sensu
1085 581 1132 629 aut
1142 575 1217 630 inter

249 659 350 714 amieos
365 658 567 723 manumittunt,
586 664 669 712 totam
682 656 809 712 familiam
820 651 919 712 ’snam²
930 657 1056 730 liberare,
1072 658 1178 715 soiiioet
1192 660 1218 714 si

249 741 300 799 alia
316 758 397 799 causa
411 758 467 797 non
482 742 601 814 inpediat
615 740 780 798 libertatem.
821 738 870 798 tn.
887 740 939 798 Sed
956 743 1030 816 quod
1051 742 1085 798 de
1100 759 1216 798 numero

248 843 391 893 seruorum
407 834 571 882 testamento
588 826 862 882 manumittendorum
877 825 1004 898 diximus,
1019 828 1056 882 ita
1071 827 1217 902 intellege·

249 928 319 980 mus,
335 926 369 966 ne
386 927 503 984 unquam
520 927 551 964 ex
567 927 599 966 eo
616 927 740 982 numero,
756 927 789 966 en
804 927 860 984 qno
875 910 981 967 dimidia
1005 919 1052 966 aut
1073 913 1154 967 tertia
1169 919 1217 966 aut

249 1002 345 1070 quarta
360 1004 407 1051 ant
428 996 520 1067 quinta
541 1011 603 1068 pars
618 994 724 1051 liberari
740 1003 846 1068 potest,
863 997 1004 1069 pauciores
1020 999 1218 1054 manumittere

248 1079 329 1136 liceat
345 1073 444 1154 quam³
460 1095 492 1134 ex
507 1079 677 1136 antecedenti
692 1095 805 1136 numero
825 1079 913 1138 linuit.
942 1089 969 1137 et
984 1081 1038 1136 hoo
1052 1081 1110 1152 ipsa
1125 1075 1217 1155 ’tepet

244 1165 395 1237 prouisum
410 1172 467 1220 est:
491 1175 547 1219 erat
570 1166 641 1220 enim
659 1181 724 1220 sane
746 1163 903 1237 absurdum,
927 1173 993 1240 uix
1010 1181 1151 1221 seruorum
1167 1166 1216 1222 do·

250 1251 323 1305 mino
340 1251 462 1322 utrinque
476 1248 592 1304 liberare
607 1248 712 1318 liceret,
736 1251 799 1322 quia
815 1251 946 1322 usquead
962 1251 1095 1306 dimidiam
1109 1258 1216 1322 partem

251 1335 309 1388 eius
327 1335 432 1388 numeri
452 1335 641 1390 manumittere
662 1335 686 1388 ei
709 1334 878 1406 conceditur,
900 1337 1017 1390 atterius
1039 1328 1145 1390 autem⁵
1166 1350 1216 1392 ΧΠ

250 1433 347 1472 seruos
363 1417 473 1474 habenti
488 1434 543 1473 non
559 1417 652 1490 piures
672 1418 767 1474 linerat
788 1423 978 1474 manumittere
999 1435 1158 1492 quamtum
1178 1415 1216 1474 'at

197 1522 237 1570 12.
252 1493 319 1569 eis,6
340 1503 387 1574 ani
408 1501 501 1575 plnres
523 1518 602 1576 quam
617 1523 639 1560 x
653 1519 741 1574 neque
758 1497 763 1582 Ι
781 1504 890 1576 ’plures
904 1521 992 1576 quam
1011 1511 1079 1556 ω
1098 1504 1216 1575 habent,

251 1588 351 1642 eadem
369 1591 482 1643 ratione
497 1591 597 1660 ntique
611 1593 697 1644 etiam
718 1593 854 1662 quinque,
876 1595 944 1662 quot
958 1597 981 1639 n
993 1591 1114 1645 habenti
1124 1591 1217 1659 licuit,

250 1672 451 1728 mannmttere
466 1665 558 1728 lieet.⁷

325 1801 345 1870 1)
361 1809 573 1856 manumittuntur
592 1806 617 1855 V
620 1801 647 1854 et,
700 1803 721 1873 ²)
736 1807 785 1856 Kr.
796 1808 859 1858 eda
874 1816 902 1857 ut
913 1811 1041 1873 plassema
1055 1809 1139 1857 eieoit.
1159 1822 1219 1856 snos

250 1887 270 1936 1,
286 1887 312 1928 53
326 1879 436 1927 retinuit
449 1879 526 1927 etiam
541 1885 634 1928 eontra
647 1877 712 1927 Inst.
728 1879 803 1932 codd.
818 1879 869 1928 uid.
885 1881 962 1928 etiam
972 1891 992 1938 1,
1003 1889 1030 1932 55
1045 1881 1142 1942 aliique
1156 1880 1218 1928 ioci.

252 1943 334 2013 ³)Sie
349 1965 418 1999 nune
435 1949 526 1999 Gaison.
536 1949 647 1999 schedae
656 1951 870 2013 interpretandae
883 1957 950 2000 sunt.
996 1949 1018 2016 ⁴)
1035 1946 1160 2000 ‘ratione'
1176 1950 1219 1998 ed.

252 2019 343 2069 Poien.
356 2021 472 2084 fortasse
485 2027 556 2070 reete
571 2021 606 2084 af.
622 2021 698 2070 Paua
714 2033 770 2079 Μ,
785 2033 805 2071 1.
868 2018 890 2086 ⁶)
904 2021 950 2070 En
963 2021 1069 2072 Laedm.
1085 2023 1118 2084 ei.
1138 2019 1220 2085 (Mane

251 2097 335 2140 tamen
346 2093 377 2151 is,
388 2093 433 2156 qui
441 2107 523 2155 snpra
534 2107 588 2142 uoe.
599 2090 760 2156 coneedit(ur)
773 2098 871 2140 tantum
880 2093 955 2142 terias
965 2100 989 2142 at
998 2093 1115 2154 scripsit,
1125 2093 1219 2156 lepisse

251 2163 354 2212 uidetur
369 2162 523 2226 coneedit'ni)
540 2159 644 2212 ‘eontra
658 2159 732 2212 uero’
752 2163 792 2212 ed.
803 2161 851 2228 Bp.
869 2158 982 2214 ‘domino
997 2159 1071 2212 uero’
1088 2163 1128 2212 ed.
1142 2162 1218 2212 seua.

252 2229 273 2299 ⁶)
289 2235 347 2282 item
363 2234 397 2282 eis
408 2234 447 2282 ed.
458 2232 531 2281 Stoa.
543 2233 635 2282 Malim
648 2233 670 2280 ei
680 2247 732 2296 pro
743 2233 786 2282 eis.
839 2230 860 2298 ⁷)
874 2231 1031 2284 Sententiam
1045 2233 1219 2298 aliquomodo

247 2305 361 2366 perfeci.
373 2331 406 2339 —
416 2303 461 2351 En
471 2305 525 2352 toia
531 2319 559 2365 p.
571 2315 604 2352 12.
624 2301 759 2352 Bluitmius
769 2311 866 2354 tantum
875 2306 947 2369 isque
955 2321 1045 2368 panea
1055 2306 1179 2362 enotauit,
1190 2305 1219 2352 in

252 2390 274 2422 u.
286 2385 320 2424 12.
332 2385 365 2424 te.
376 2385 409 2424 18.
421 2385 464 2432 19,
480 2374 548 2422 unde
557 2388 633 2422 voees
647 2373 744 2422 liberari
755 2373 788 2441 (u.
799 2374 845 2437 18.)
856 2383 880 2424 et
894 2377 1010 2426 concedat
1021 2376 1054 2440 (o.
1065 2374 1111 2440 19.)
1122 2377 1148 2424 in
1159 2375 1218 2424 edd.

251 2451 371 2507 receptae
378 2451 446 2492 sunt.
468 2443 632 2506 Conferenda
639 2451 722 2493 autem
730 2453 768 2494 est
775 2447 856 2504 adea,
864 2463 929 2510 quae
932 2449 1079 2510 perierunt,
1089 2446 1150 2495 Gaii
1156 2447 1218 2509 epit.

251 2527 272 2574 1,
280 2525 300 2563 a.
310 2516 425 2576 §pa—4.
439 2511 517 2562 ‘Nam
524 2515 549 2562 si
556 2516 652 2578 aliquis
660 2522 808 2567 testamento
812 2520 905 2580 piures
912 2519 1089 2567 manumittere
1096 2518 1219 2576 uoluerit,

252 2601 327 2650 quma
337 2591 398 2648 quot
407 2587 522 2634 eontinet
531 2601 652 2634 numerus
661 2601 742 2650 supra
751 2590 874 2650 scriptus,
889 2589 953 2639 ordo
967 2589 1115 2638 seruandus
1124 2595 1177 2638 est:
1191 2595 1221 2636 ut

252 2657 306 2704 iliis
316 2663 413 2704 tanturn
423 2655 530 2706 libertas
540 2658 635 2716 ualeat,
646 2659 691 2721 qui
696 2660 775 2721 prius
783 2661 932 2708 manumissi
938 2667 1007 2717 sunt,
1017 2675 1096 2724 usqne
1103 2659 1140 2708 ad
1146 2661 1219 2707 ilium

251 2741 392 2785 nnmerum,
403 2743 474 2790 quem
481 2729 633 2790 explanatio
642 2730 755 2778 eontinet
763 2731 885 2793 superius
895 2731 1092 2794 comprehensa:
1101 2731 1146 2794 qui
1153 2743 1219 2780 nero

247 2804 340 2860 postea
349 2812 432 2860 supra
441 2801 606 2848 constitutum
615 2815 747 2848 numerum
757 2802 905 2850 manumissi
915 2803 1044 2866 iepuntur,
1054 2803 1082 2850 in
1091 2801 1220 2851 seruitute
1295 2821 1301 2824 ·

251 2882 295 2918 eos
305 2875 403 2917 eertum
413 2876 450 2918 est
457 2885 618 2933 permanere.
647 2868 745 2930 Quodsi
754 2886 805 2920 non
815 2873 963 2921 nominatim
972 2875 1045 2922 serui
1054 2875 1096 2922 nei
1104 2873 1220 2922 ancillae

252 2941 280 2987 in
294 2945 443 2990 testamento
457 2943 678 3001 manumittantur,
696 2941 744 2990 sed
761 2943 868 3005 confuse
886 2958 972 2992 omnes
989 2959 1081 2994 seruos
1096 2958 1159 2993 euos
1178 2943 1221 2992 uei

252 3011 364 3060 anoiilas
379 3012 461 3075 isqui
473 3018 649 3060 testamentum
655 3013 732 3074 fauit,
749 3012 843 3062 liberos
854 3013 947 3076 faeere
957 3016 1079 3073 uoluerit,
1094 3015 1161 3064 nulii
1170 3029 1220 3076 pe·

253 3082 323 3130 nitus
333 3082 411 3143 firma
421 3097 476 3130 esse
490 3081 593 3131 iubetur
607 3082 656 3132 doe
666 3083 758 3132 ordine
768 3084 831 3132 data
846 3083 961 3142 libertas,
974 3086 1021 3134 sed
1030 3101 1116 3135 omnes
1125 3087 1153 3133 in
1162 3099 1221 3134 ser·

253 3152 302 3200 uili
312 3152 466 3202 oondiaione
481 3155 526 3216 qni
539 3153 587 3203 doe
597 3153 690 3202 ordine
699 3155 849 3204 manumissi
862 3163 930 3214 sunt,
941 3156 1137 3218 permanebunt.
1161 3171 1221 3204 nam

253 3224 302 3272 etsi
320 3224 358 3272 ita
377 3223 405 3271 in
424 3230 571 3274 testamento
590 3239 726 3274 seruorum
744 3227 908 3276 manumissio
926 3227 1063 3290 adscripta
1074 3228 1173 3290 fuerit,
1192 3227 1223 3275 id

253 3295 328 3342 estin
339 3296 448 3352 circulo,
463 3301 490 3343 ut
505 3297 550 3360 qni
558 3296 646 3358 prior,
662 3297 707 3358 qui
716 3297 850 3358 posterior
860 3299 1005 3346 nominatus
1019 3299 1061 3357 sit,
1077 3313 1129 3348 non
1135 3298 1223 3361 possit

253 3367 370 3430 apparot,
386 3367 452 3414 nulii
465 3381 500 3414 eoa
514 3366 555 3414 itis
569 3365 711 3414 libertatem
726 3369 815 3416 ualere
830 3368 992 3431 manifestum
1007 3375 1053 3426 est,
1073 3369 1097 3418 si
1111 3369 1223 3434 opnosai

253 3449 305 3485 non
320 3443 414 3498 potest,
434 3439 479 3502 qui
492 3438 580 3500 prior,
600 3437 644 3500 qui
657 3438 791 3499 posterior
807 3438 893 3500 fuerit
906 3440 1084 3488 manumissus.
1117 3451 1138 3490 3.
1156 3437 1223 3488 Nam

252 3508 277 3554 si
291 3508 387 3570 aliquis
402 3508 429 3555 in
444 3507 609 3572 aspritudine
619 3509 773 3557 constitutus
783 3509 809 3556 in
821 3509 945 3571 fraudem
959 3509 1036 3559 deins
1050 3511 1116 3580 lepis
1128 3511 1223 3574 faeere

324 3625 350 3697 §-
365 3632 407 3680 44.
430 3629 468 3693 Os.
483 3629 592 3696 Dionps.
606 3643 629 3690 4,
642 3641 677 3681 st.
