2696 4120
440 221 501 256 erra
521 221 622 261 rusum.
641 201 686 256 IV.
706 207 815 261 ott-tn.
1047 205 1109 270 371

144 366 270 440 ponitur,
294 379 349 438 quo
372 365 434 421 loeo
456 363 519 437 plus
542 354 674 436 petendil
696 361 846 435 periculum
867 378 923 417 non
945 363 1109 432 interuenit3

144 452 240 524 utique
260 447 396 505 bonorum
417 456 541 522 emptore
560 454 673 521 agente,
698 447 745 519 qui
768 446 831 502 iicet
850 446 884 501 de
903 455 976 502 certa
997 450 1109 521 pecunia

144 544 220 609 agat,
236 534 333 590 incerti
348 541 439 589 tamen
454 531 706 590 condemnationem
721 531 849 604 concipit.

207 613 257 674 ott.
281 616 348 685 Quia
364 625 452 672 tamen
466 617 595 690 superius
607 616 772 672 mentionem
787 614 929 671 habuimus
944 615 977 672 dc
992 617 1109 690 actione,

145 719 196 778 qua
217 705 246 758 in
265 701 403 776 peculium
424 699 655 757 filiorumiamilias
671 715 870 774 seruorumque
890 694 1017 774 ’agitur,²
1039 717 1108 775 opus

144 797 196 860 est,
218 787 300 842 uide
321 787 374 843 dac
389 787 495 842 actione
511 793 539 842 et
558 784 591 840 de
607 785 714 856 ceteris,
737 799 807 857 quae
823 785 978 840 eorumdem
999 787 1108 842 nomine

83 865 90 876 ¹
142 873 170 928 in
189 880 317 946 parentes
339 870 500 927 dominosue
520 869 577 925 dari
598 868 705 941 soleat,
727 867 884 941 diligentius
906 868 1107 926 admoneamus.

142 951 191 1014 70.
209 957 238 1012 ln
254 957 347 1030 primis
363 957 454 1028 itaque
472 954 495 1009 si
511 955 587 1009 iussu
601 954 685 1027 patris
698 952 835 1009 dominiue
847 954 988 1027 negotium
1000 963 1108 1027 gestum

143 1043 204 1114 erit,
225 1039 385 1096 insolidum
406 1047 517 1113 praetor
532 1039 666 1094 actionem
683 1039 711 1092 in
732 1045 837 1110 patrem
853 1037 1027 1093 dominumue
1042 1053 1108 1094 oon·

142 1127 260 1200 parauit:
284 1133 311 1181 et
333 1132 424 1195 reete,
448 1124 509 1197 quia
531 1123 577 1196 qui
597 1123 634 1178 ita
649 1123 790 1196 negotium
810 1123 893 1196 gerit,
916 1123 1001 1196 magis
1022 1123 1107 1195 patris

141 1211 278 1266 dominiue
300 1225 379 1283 quam
402 1206 449 1264 iiiii
469 1208 579 1263 seruiue
599 1203 679 1262 iidem
700 1208 836 1280 sequitur.
879 1201 922 1268 'IL
944 1205 1043 1262 Eadem
1066 1222 1106 1262 ra·

143 1297 216 1351 tione
232 1289 236 1374 i
253 1295 421 1368 comparauit
436 1291 503 1348 duas
514 1291 582 1348 elias
598 1292 730 1362 actiones,
753 1291 939 1347 exercitoriam
954 1298 982 1346 ct
996 1291 1106 1347 instito-
1116 1301 1175 1352 214.

141 1380 224 1434 riam:
249 1385 313 1434 tunc
326 1385 416 1434 autem
432 1377 592 1434 exercitoria
612 1375 703 1432 locum
723 1375 819 1445 habet,
843 1391 904 1432 cum
925 1383 1003 1449 pater
1021 1374 1107 1431 domi·

142 1479 231 1519 nusue
246 1459 329 1518 filium
344 1477 490 1519 seruumuc
505 1461 665 1534 magistrum
677 1461 740 1515 naui
755 1461 955 1534 praeposuerit,
971 1467 999 1516 et
1009 1452 1108 1534 ‘quad³

70 1559 126 1613 paca}
142 1563 204 1604 cum
220 1563 253 1602 eo
269 1547 327 1602 eius
342 1547 381 1602 rei
396 1547 494 1620 gratia,
509 1546 554 1602 cui
567 1545 740 1619 praepositus
756 1544 818 1615 fuit,
839 1544 982 1618 negotium
997 1552 1107 1619 gestum

140 1634 206 1701 erit3
230 1647 291 1688 cum
312 1632 384 1686 enim
405 1647 435 1688 ea
458 1645 568 1704 quoque
583 1645 627 1686 res
649 1645 681 1684 ex
702 1628 844 1685 uoluntate
864 1631 947 1703 patris
969 1629 1107 1685 dominice

139 1715 263 1773 contrahi
279 1715 413 1787 uideatur,
428 1715 618 1789 aequissimum
634 1729 695 1769 esse
711 1714 798 1779 uisum
814 1720 865 1778 est,
886 1712 1046 1769 insolidum
1062 1704 1105 1791 (in

140 1793 237 1880 enm)⁴
258 1801 394 1857 actionem
415 1798 486 1855 dari:
506 1799 683 1871 quinetiam,
705 1797 769 1854 licet
784 1805 941 1853 extraneum
957 1790 1106 1869 'quisque⁶

140 1887 299 1960 magistrum
315 1885 377 1940 naui
393 1884 593 1958 praeposuerit,
608 1882 667 1938 siue
680 1897 789 1938 seruum
801 1883 860 1937 siue
874 1880 999 1952 liborum,
1015 1887 1105 1936 tamen

142 1987 172 2027 ea
194 1970 333 2044 praetoria
353 1970 424 2025 actio
444 1970 470 2024 in
491 1985 552 2025 eum
574 1966 710 2023 redditur:
738 1965 800 2022 idco
827 1973 916 2022 autem
944 1965 1105 2022 exercitoria

141 2055 212 2110 actio
227 2053 390 2127 appellatur,
405 2055 467 2127 quia
483 2053 619 2109 exercitur
634 2059 750 2108 uocatur
764 2051 803 2121 is,
824 2051 860 2106 ad
878 2065 957 2123 quem
980 2049 1104 2106 cottidia-

142 2155 193 2195 nus
214 2139 292 2194 nauis
317 2146 447 2212 quaestus
473 2137 606 2212 peruenit.
651 2135 786 2192 institoria
811 2150 878 2190 uero
905 2132 1020 2190 iormula
1047 2141 1104 2189 tum

140 2223 231 2280 locum
246 2221 337 2294 hahet,
353 2238 414 2279 cum
430 2223 491 2296 quis
502 2219 629 2276 tabernae
640 2229 687 2276 aut
699 2219 810 2276 cuilibet
823 2218 1005 2293 negotiationi
1020 2215 1103 2274 filium

141 2323 288 2364 seruumue
303 2315 349 2363 aut
365 2306 512 2380 quemlihet
527 2312 694 2376 extraneum,
711 2305 770 2361 siue
785 2319 897 2362 sernum
908 2304 967 2359 siue
978 2301 1104 2374 liberum,

140 2393 339 2466 praeposuerit,
361 2399 390 2448 et
409 2390 473 2465 quid
489 2406 550 2448 cum
566 2406 598 2446 eo
617 2391 675 2446 eius
691 2391 728 2445 rei
751 2390 851 2462 gratia,
875 2388 918 2444 oui
934 2387 1104 2462 praepositus

141 2485 196 2545 est,
213 2484 381 2532 contractum
397 2475 494 2532 fuerit:
518 2474 579 2530 ideo
595 2481 685 2530 autem
703 2474 839 2530 institoria
854 2472 1020 2547 appellatur,
1043 2472 1105 2545 quia

143 2561 190 2632 qui
213 2557 339 2615 tabernae
358 2561 550 2634 praeponitur,
576 2560 688 2615 institor
714 2557 879 2632 appellatur:
904 2573 972 2631 quae
996 2559 1105 2630 etipsa

141 2643 259 2700 formula
274 2644 301 2699 iu
316 2643 431 2700 solidum
447 2653 497 2700 est.
530 2637 575 2699 72.
591 2643 733 2698 Praeterea
748 2643 891 2698 tributaria
907 2657 1017 2716 quoque
1033 2641 1104 2696 aetio

141 2729 169 2782 in
184 2735 288 2802 patrem
309 2727 480 2785 dominumue
496 2728 645 2784 constituta
661 2734 712 2796 est,
734 2743 795 2783 oum
812 2724 884 2781 filius
901 2717 1055 2782 seruusue⁶
1075 2726 1103 2780 in

214 2841 234 2910 1)
246 2845 366 2896 Conreaei.
380 2845 471 2908 petenti
482 2844 508 2894 0.
521 2843 579 2893 edd.
590 2858 682 2892 reuera
692 2844 796 2892 enimin
807 2843 1018 2892 condemnatione
1028 2847 1104 2892 actor

140 2931 192 2966 nan
206 2918 289 2980 petit;
309 2917 450 2966 sedetiam
468 2913 571 2965 verdum
589 2914 774 2978 perfamiliare
793 2915 818 2963 ei
837 2909 1026 2963 ‘interuenire'
1047 2928 1104 2962 aum

140 2987 228 3037 datico
239 3002 370 3051 personae
387 2986 468 3037 Gaius
483 2987 529 3036 vim
539 3001 651 3050 unquam
660 2985 768 3034 dinarii.
833 2979 854 3050 ¹)
868 2983 914 3033 Ea
923 2984 1008 3036 Instit.
1020 2990 1104 3046 agatur

142 3057 167 3106 0.
183 3058 241 3108 edd.
307 3054 329 3124 ³)
343 3057 400 3123 quid
412 3057 437 3108 0.
452 3057 517 3108 Inrt.
532 3063 557 3106 et
570 3057 694 3122 quaedam
708 3057 766 3106 edd.
781 3057 857 3106 etiam
866 3056 906 3106 ed.
917 3055 966 3105 Kr.
978 3067 998 3106 a.
1010 3062 1103 3119 postea

141 3125 298 3196 [negotium.
363 3124 386 3194 ⁴)
400 3127 531 3193 supplevi.
556 3129 656 3178 excidit
669 3135 731 3191 post
749 3127 872 3177 solidum.
938 3123 959 3193 ¹⁵)
974 3127 1027 3192 quis
1042 3140 1102 3190 quas

144 3196 197 3253 W.
262 3197 274 3229 ⁶
299 3200 345 3249 Eae
364 3195 410 3248 W
422 3207 540 3265 apparet,
555 3213 734 3249 amanuensem
748 3198 825 3249 uerba
839 3199 988 3251 constituta.
1005 3235 1010 3247 .
1026 3233 1032 3248 .
1049 3211 1102 3246 ser·

139 3285 214 3320 uusue
228 3273 295 3320 male
308 3273 450 3334 repetiisse.
473 3270 560 3320 Etiam
574 3273 628 3320 alia
643 3285 694 3320 non
704 3285 794 3335 panca
807 3276 899 3334 aperta
913 3269 1005 3318 menda
1018 3270 1046 3316 in
1060 3268 1102 3316 iris

138 3343 178 3403 §5-
193 3357 228 3392 em
242 3341 306 3392 Inst.
321 3342 417 3392 dodam
431 3349 551 3392 correcta
564 3349 632 3394 sant.

210 3444 236 3516 §-
252 3449 295 3498 69.
310 3470 344 3490 =
354 3463 399 3512 pr.
412 3447 434 3498 Ι.
449 3449 519 3513 qood
532 3465 553 3500 c.
567 3464 597 3499 eo
611 3464 633 3512 q.
648 3449 675 3498 in
690 3449 777 3498 atiena
787 3463 815 3511 p.
831 3445 862 3511 (t,
877 3445 908 3511 a).
928 3439 1050 3506 superius]
1066 3442 1102 3504 ef.

137 3519 457 3583 not.1ad§.oo.p.sce.
512 3515 805 3587 §.to.=§.1.1.to.
855 3511 1101 3585 §.71.0f.§.e.l.

138 3589 336 3654 to.Paot.a,s.
391 3585 597 3658 §.72.==§.e.
616 3590 685 3642 Lib.
706 3589 897 3715 munt*
