2672 4112
446 248 471 291 Q·
490 248 586 284 ΙΝΟΙῩΒ
606 248 747 285 wunvouu.
1037 243 1076 300 13

112 375 183 446 dicit,
207 375 335 430 manibus
358 382 455 447 pectus
478 375 574 447 tangit.
618 374 878 448 lnautiquitaiibus
901 383 990 432 aulem
1013 375 1078 432 liaeo

113 457 209 532 oppida
238 460 335 514 inueni
364 457 482 527 deuota,
510 451 652 529 ’'lonios,¹
675 457 825 532 Fregellas,
850 457 961 529 Gabios,
986 459 1076 531 Veios,

111 541 240 611 Fidenas3
263 542 330 598 haee
353 543 425 596 intra
440 540 550 597 ltaliam.
580 549 721 614 praeterea
734 541 924 616 Karthaginem
939 551 967 599 et
982 542 1077 598 Coriu-

110 627 200 694 thum3
225 625 274 682 sed
297 633 327 681 et
348 624 450 680 multos
472 626 606 680 exercitus
628 625 780 699 oppidaque
796 628 913 682 hostium
929 626 1076 697 Gallorum,

110 709 301 782 Hispanorum,
325 709 463 779 Afrorum,
478 708 640 772 Maurorum,
664 709 827 783 aliarumque
850 712 983 784 gentium,
1010 727 1076 782 quas

110 795 192 866 prisoi
206 793 362 868 loquuntur
376 792 493 848 annales.
512 822 550 834 -
566 792 681 849 llaorob.
697 792 754 848 Sat.
771 794 798 864 3,
817 794 844 853 9.
861 794 909 866 33.
927 793 1040 851 6-13.

330 945 367 1022 Q.
390 944 576 1011 MVOIVS
600 945 861 1012 suAuVOLA

245 1051 307 1116 (eos.
328 1067 349 1101 a.
369 1067 392 1102 u.
413 1061 460 1102 sos.
479 1060 535 1114 post
553 1058 618 1116 pont.
639 1067 698 1102 max.
719 1054 818 1103 oblita.
838 1069 862 1102 u.
881 1051 938 1117 aaa).

356 1151 398 1207 lia
418 1152 493 1206 iure
517 1151 617 1206 ciuili
639 1150 724 1207 libri
746 1151 833 1209 llVlll.

173 1257 198 1320 l.
220 1261 286 1316 llam
301 1259 332 1327 Q.
351 1254 523 1315 Scaeuolam²
544 1259 577 1315 ad
592 1259 829 1316 demonstrandam
844 1277 944 1335 penum
959 1261 1000 1318 his
1017 1277 1077 1318 uer·

111 1343 153 1400 bis
176 1361 260 1400 usum
281 1343 372 1398 audio:
404 1341 505 1398 ‘Penus
528 1351 584 1414 est,
607 1344 707 1416 inquit,
731 1337 818 1418 quod³
841 1345 1009 1401 esculentum
1031 1354 1077 1402 aui

113 1421 374 1501 possulemumlest.
387 1427 460 1500 quod
468 1427 553 1500 ipsius
559 1427 824 1500 patrisfamilias(aat
836 1423 1075 1500 matrisfamilias)

112 1521 160 1567 aut
183 1511 298 1566 liberum
318 1504 533 1584 patrisfamilias⁵
554 1511 614 1586 (aut
626 1505 771 1590 familiae)
793 1514 862 1584 eius,
885 1529 953 1586 quae
975 1515 1075 1570 circum

111 1587 174 1650 εοε6
189 1604 238 1650 aut
252 1595 353 1650 liberos
368 1597 424 1650 eius
441 1603 483 1650 est
498 1603 525 1650 et
541 1611 609 1668 opus
624 1611 679 1650 uon
696 1596 773 1667 lacit,
795 1613 873 1652 causa
888 1606 1008 1669 paratum
1024 1605 1074 1653 est.

111 1679 181 1748 (Sea
197 1682 309 1751 partim
330 1681 405 1735 baec
426 1681 605 1750 improbasse
621 1678 755 1736 Seruium
770 1681 942 1751 Sulpiciam,
964 1685 1014 1754 qui
1027 1679 1076 1736 ‘Aa

110 1781 168 1820 aaa
188 1763 294 1833 omna,
319 1766 418 1836 inquit,
435 1765 512 1836 qaod
526 1778 593 1819 esus
606 1771 748 1835 potusque
764 1780 861 1822 eoram
878 1780 969 1820 causa
981 1782 1074 1836 para-

111 1857 167 1902 tam
183 1843 237 1921 est)
256 1855 286 1902 ut
301 1846 403 1902 Mucius
420 1848 467 1918 ait,
483 1863 568 1919 penus
586 1845 670 1902 uideri
682 1847 772 1904 debet.
794 1846 857 1903 Nam
870 1864 938 1920 quae
951 1847 982 1902 ad
995 1849 1074 1903 eden·

112 1930 174 1986 dum
196 1929 399 2002 bibendumque
421 1931 448 1984 in
470 1930 528 1985 dies
551 1930 674 2003 singulos
697 1931 802 2003 prandii
825 1939 871 1986 aut
893 1947 974 1986 aenae
996 1946 1075 1986 causa

111 2020 250 2087 parantur,
265 2031 353 2087 penus
368 2030 423 2070 non
440 2021 513 2084 sunt,
529 2014 576 2070 sed
593 2030 623 2068 ea
638 2016 740 2086 potius,
757 2030 825 2086 quae
840 2014 952 2068 huiusne
968 2013 1075 2086 generis

113 2097 214 2170 longae
225 2098 326 2154 usionis
338 2099 425 2170 gratia
437 2098 635 2153 contrahuntur
648 2105 674 2152 nt
686 2097 882 2167 reconduntur,
900 2112 932 2152 en
943 2114 987 2168 eo,
1004 2097 1076 2170 quod

113 2197 170 2236 non
193 2183 219 2236 iu
240 2189 367 2255 promptu
389 2182 454 2253 sint,
477 2181 525 2236 sed
548 2183 621 2236 intus
644 2189 672 2236 et
686 2181 794 2254 penitus
810 2179 970 2252 habeantur,
989 2196 1076 2256 penus

112 2264 184 2320 diota
199 2267 285 2321 sunt'.
304 2295 341 2304 —
358 2264 426 2320 Gall.
442 2264 473 2334 4,
490 2265 518 2321 1.
535 2265 563 2336 3.
578 2265 625 2321 17.

176 2347 204 2406 2.
215 2347 308 2422 ltaque
320 2347 351 2417 Q.
360 2348 489 2404 Scaeuola
501 2349 528 2403 in
540 2347 678 2419 librorum,
693 2365 761 2422 quos
773 2348 806 2404 de
818 2349 876 2404 iura
885 2348 957 2404 aiuili
965 2365 1074 2422 compo-

113 2435 180 2501 suit,
192 2432 254 2488 llVl.
269 2432 353 2488 uerba
368 2433 435 2488 hoec
450 2433 557 2504 posuit:
574 2431 663 2498 ‘Quod
678 2434 721 2488 aui
738 2433 899 2488 seruandum
916 2431 1007 2488 datum
1022 2440 1075 2504 est,

113 2517 138 2570 si
154 2515 181 2570 id
197 2533 258 2571 usus
274 2525 324 2583 est,
341 2517 400 2571 siue
416 2515 489 2588 quod
504 2515 634 2571 utendum
650 2519 762 2589 accepit,
783 2517 815 2572 ad
831 2517 907 2572 allam
923 2531 979 2571 rem
995 2525 1076 2590 atque

113 2602 226 2672 aceepit,
245 2617 310 2656 usus
323 2609 374 2668 est,
390 2599 456 2654 lorti
471 2616 501 2654 se
516 2598 670 2672 obligault'.
687 2629 725 2639 -
742 2599 810 2656 Gall.
831 2601 848 2656 7
866 2596 917 2676 (6),
935 2599 983 2656 15.
1001 2600 1028 2670 S.
1047 2599 1074 2654 2.

19 2751 20 2756 ¹
172 2679 203 2740 3.
227 2683 307 2756 Legis
322 2683 422 2738 ueteris
436 2683 538 2738 Atiniae
555 2682 635 2738 uerba
646 2691 723 2739 sunt:
739 2682 827 2750 ‘Quod
840 2683 1000 2756 subruptum
1014 2685 1075 2755 erit,

19 2763 21 2780 ⁷
111 2769 168 2823 eius
190 2769 233 2823 rei
254 2777 361 2824 aeterna
383 2767 528 2822 auotoritas
550 2768 632 2822 eslo’.
670 2765 734 2834 Quis
755 2767 825 2823 aliud
845 2775 924 2840 putet
948 2768 976 2822 iu
1002 2767 1075 2822 hisce

184 2929 204 2997 ¹)
222 2931 358 2981 Fortasse:
381 2931 483 2979 Thurias
502 2927 545 2993 (ab
560 2930 708 2980 Hannibale
727 2930 868 2996 receptam:
887 2947 946 2980 nam
960 2931 1075 2980 ordinem

107 3002 313 3067 proprapbiaam
326 3003 399 3066 sequi
413 3002 522 3050 videtur.
557 3001 672 3050 Ceteram
686 3003 821 3060 incertam,
841 3018 875 3050 aa
895 3003 958 3050 baec
977 3017 1074 3066 qaoque

111 3073 197 3130 Furii,
212 3088 248 3121 an
262 3071 355 3121 Sereni
368 3071 524 3120 Sammonici
537 3073 596 3120 siat.
627 3068 647 3133 2)
662 3071 744 3122 Libro
758 3073 880 3121 secanda.
902 3072 940 3134 Cf.
960 3071 991 3120 L.
1007 3085 1019 3123 a
1030 3088 1073 3136 pr.

109 3145 131 3204 §-
142 3155 163 3194 6.
180 3143 214 3191 D.
225 3143 257 3191 de
267 3158 338 3206 pena
352 3145 400 3207 lep.
417 3141 462 3206 (33,
478 3141 508 3206 9).
539 3137 558 3206 ³)
570 3140 677 3190 Ratiaai
689 3157 758 3191 nano
769 3141 830 3190 edd.
842 3145 982 3201 lectionem,
994 3143 1075 3193 Mom-

108 3228 198 3262 aenam
211 3211 332 3277 (Symbol.
340 3212 485 3276 Halimepio
497 3211 710 3263 abl.Berol.1868.
718 3227 745 3275 p.
755 3211 790 3276 91)
799 3221 910 3271 secutas,
925 3215 969 3276 qai
978 3215 1074 3272 doaaa't,

109 3284 184 3346 infra
196 3291 259 3347 past
271 3299 294 3332 o.
305 3291 414 3346 paratum
424 3289 461 3332 est
470 3283 594 3346 quaedam
608 3283 746 3340 excidisse,
762 3299 826 3346 qaae
837 3286 928 3346 etipsa
938 3283 970 3332 ab
980 3299 1008 3334 eo
1016 3285 1075 3346 fera

108 3361 240 3403 mutuatas
254 3369 316 3402 sam.
331 3368 378 3402 non
392 3353 496 3416 quidque
511 3360 534 3401 et
545 3359 636 3415 pastea
651 3354 694 3401 saal
706 3369 758 3416 pro
772 3361 810 3402 est
824 3354 881 3402 edd.
893 3367 912 3404 t.
924 3365 943 3403 2.
974 3351 995 3417 ⁴)
1012 3353 1073 3400 Caici.

109 3425 200 3474 Moms.
216 3426 302 3473 malim
315 3425 470 3487 potulentum.
501 3421 522 3488 ὅ)
536 3422 581 3472 Sia
599 3425 697 3472 rectius
711 3423 809 3482 Momm,
829 3440 903 3488 qaam
917 3423 985 3485 qaod
998 3422 1073 3469 dede·

108 3511 165 3544 ram
175 3495 234 3544 edd.
246 3507 265 3544 1.
277 3507 301 3546 a.
322 3495 499 3557 patrisfamilias
510 3500 549 3542 aut
559 3494 659 3543 liberum
667 3494 914 3560 matris(ae)lamilias.
946 3489 967 3554 6)
981 3489 1026 3540 Sia
1040 3506 1075 3539 eae

110 3565 173 3614 Cdd.
189 3565 280 3616 Moms.
297 3579 351 3614 eum
365 3566 422 3614 edd.
439 3577 458 3614 1.
473 3577 493 3616 a.
