2692 4114
274 203 338 270 532
571 217 637 256 rvmr
655 218 751 255 rernm
768 217 841 253 seur.
860 198 893 252 V.
911 205 936 253 4.
951 279 954 284 Ι

273 357 404 426 possunt:
426 351 525 407 crimen
541 349 628 418 enim,
649 346 722 421 quod
743 345 896 402 ’uindictam
912 341 977 402 eut¹
999 345 1145 402 calumniae
1160 343 1232 402 iudi·

274 437 344 490 cium
360 441 509 508 exspectat,
525 449 574 507 per
589 431 656 488 aiios
670 430 774 487 intendi
790 446 845 486 nou
861 438 961 504 potest.
998 425 1043 488 13.
1059 423 1122 486 ²in
1132 431 1230 487 iniuria

273 527 368 575 contra
394 517 480 574 bonos
501 532 606 586 mores,
634 514 720 572 ueluti
741 516 764 570 si
785 515 846 587 quis
871 513 935 570 iimo
955 521 1086 588 corrupto
1113 513 1231 587 aliquem

273 601 433 676 perfuderit,
449 617 548 672 coeno,
562 599 621 656 into
637 598 804 668 obiiniuerit,
820 613 903 671 aquas
918 599 1097 672 spurcauerit,
1113 595 1230 668 fistulas,

275 687 361 757 lacus,
385 685 483 758 quidue
504 683 574 740 aliud
590 684 618 738 in
631 683 755 738 iniuriam
777 681 909 756 publicam
928 681 1162 739 contaminauerit.
1200 683 1231 738 in

274 786 342 843 quos
358 771 478 844 grauiter
492 767 667 824 animaduerti
688 766 768 822 solet.
806 763 852 822 14.
874 759 946 832 iou
961 781 1046 838 puero
1062 773 1230 839 praetextato

274 863 400 928 stuprum
415 852 522 909 aliudue
537 851 680 925 flagitium,
696 849 812 906 abducto
827 849 860 904 ab
875 865 908 905 eo
921 849 965 906 uei
978 858 1108 922 corrupto
1120 851 1229 920 comite,

273 938 454 1012 persuaserit,
474 935 614 992 mulierem
635 933 788 1008 pueliamne
802 933 1031 1006 interpellauerit,
1054 933 1154 1006 quidue
1169 949 1230 990 cor·
1309 935 1312 940 “

274 1021 437 1095 rumpendae
451 1019 595 1094 pudicitiae
617 1019 703 1092 gratia
726 1017 837 1088 iecerit,
859 1016 968 1072 domum
983 1017 1153 1090 praebuerit,
1169 1032 1229 1090 pre·

273 1109 391 1176 tiumue,
412 1121 466 1178 quo
487 1103 514 1158 id
529 1102 703 1176 persuadeat,
727 1100 848 1171 dederit,
871 1101 993 1173 perfecto
1016 1099 1118 1174 iiagitio
1140 1103 1229 1174 capite

273 1191 400 1262 punitur;
422 1187 582 1260 imperfecto
597 1188 624 1242 in
646 1185 760 1241 insuiam
783 1184 957 1258 deportatur,
979 1186 1101 1256 corrupti
1116 1185 1230 1240 comites

274 1288 379 1327 summo
396 1271 528 1343 supplicio
543 1267 708 1326 afficiuntur.
753 1261 813 1324 ⁴16.
837 1263 907 1334 inni
930 1284 1037 1324 carmen
1053 1268 1186 1324 famosum
1200 1269 1229 1324 in

274 1357 396 1410 iniuriam
412 1355 524 1409 alicuius
540 1353 585 1409 uel
601 1353 651 1409 alia
667 1350 802 1426 quaelibet
816 1354 928 1422 cantica,
941 1365 996 1424 qno
1005 1355 1116 1424 agnosci
1127 1352 1228 1424 possit,

275 1439 474 1512 composuerit,
496 1453 529 1492 ex
543 1439 705 1493 auctoritate
719 1435 876 1509 amplissimi
895 1436 997 1491 ordinis
1011 1437 1039 1490 in
1054 1435 1168 1491 insulam
1182 1435 1229 1492 de·

275 1529 414 1596 portatur:
430 1523 545 1577 interest
559 1522 629 1576 enim
645 1519 769 1594 publicae
783 1519 948 1592 disciplinae,
964 1521 1119 1592 opinionem
1135 1519 1229 1576 unius·

275 1607 407 1679 cuiusque
422 1621 437 1661 a
450 1597 568 1678 'turpis⁶
582 1606 707 1661 carminis
728 1603 834 1658 iniamia
851 1602 997 1659 uindicare.
1033 1602 1144 1659 Carmen
1164 1603 1230 1660 iacit

275 1705 334 1757 non¹
353 1698 473 1761 tantum,
496 1690 542 1762 qui
565 1690 660 1745 satiras
676 1696 704 1744 et
718 1689 927 1760 epigrammata,
949 1687 997 1743 sed
1016 1677 1067 1758 'iet
1087 1685 1148 1761 qui)
1163 1686 1229 1760 quid

275 1773 347 1830 aiiud
368 1773 421 1830 aiio
444 1789 544 1848 genere
567 1773 714 1845 componit.
752 1771 787 1826 [ie
809 1771 929 1844 legitima
945 1770 1095 1827 insectandi
1116 1771 1230 1828 alicuius

274 1873 354 1915 causa
377 1853 553 1932 (composita)
578 1847 721 1912 oratione⁷
750 1863 778 1910 et
803 1853 848 1910 ‘de
874 1845 1072 1928 perstricnone
1095 1855 1230 1913 diuersae

348 2076 368 2144 ¹)
383 2079 502 2128 uindictae
516 2085 557 2127 aut
570 2093 605 2126 em
614 2077 747 2140 plerisque
759 2075 821 2125 Odd
832 2077 905 2132 edd.;
915 2091 967 2139 pro
978 2083 1018 2125 aut
1026 2084 1064 2126 eet
1073 2091 1117 2140 per
1126 2078 1153 2126 in
1165 2077 1228 2127 Gdd.

275 2164 295 2201 1.
310 2161 332 2202 2,
347 2160 366 2200 t.
382 2161 403 2201 6.
418 2161 438 2200 9.
462 2148 533 2199 Unde
546 2149 679 2211 suspicere
693 2161 748 2196 esse
762 2147 894 2210 dependam
904 2147 1033 2195 uindictam
1048 2162 1099 2210 per.
1122 2145 1175 2196 Sed
1184 2149 1230 2196 lem

277 2221 397 2270 Cornelia
411 2219 442 2268 de
457 2220 571 2275 iniuriis,
587 2226 615 2267 ut
624 2225 716 2281 postea
731 2217 775 2266 iem
784 2216 854 2266 Iulia
869 2217 900 2265 de
915 2217 1053 2266 adulteriis
1062 2217 1163 2282 (Goliat.
1174 2229 1196 2274 4,
1205 2230 1227 2268 t.

274 2293 298 2353 §-
313 2289 355 2356 1.),
368 2291 488 2339 sanxisse
497 2290 608 2347 videtur,
618 2295 647 2337 ut
656 2289 757 2338 omnino
768 2288 812 2350 qui
821 2287 1030 2336 condemnatione
1039 2289 1080 2336 rei
1089 2284 1228 2337 uindictam

275 2377 326 2411 non
340 2367 533 2422 assequeretur,
553 2359 696 2408 calumniae
714 2357 839 2407 iudicium
854 2357 959 2406 subiret.
990 2357 1105 2407 Ceterum
1119 2357 1153 2421 cf.
1168 2360 1191 2420 ἕ.
1206 2369 1227 2409 9.

275 2430 297 2478 I.
312 2431 336 2478 Ιι.
352 2437 369 2478 t.
385 2428 416 2495 (e,
430 2427 462 2494 t).
519 2425 539 2493 ²)
554 2428 637 2477 Extat
650 2429 726 2477 etiam
740 2430 768 2476 in
782 2428 813 2476 L.
829 2441 848 2478 1.
864 2429 886 2488 ξ.
903 2440 923 2477 1.
943 2427 975 2477 D.
990 2429 1022 2477 de
1036 2435 1138 2479 eatrao.
1153 2430 1227 2478 crim.

275 2500 320 2565 (aa,
335 2497 378 2564 11).
440 2495 461 2563 ³)
476 2497 524 2547 Est
537 2501 613 2548 etiam
627 2498 659 2546 L.
675 2511 694 2548 1.
710 2500 732 2560 ἕ.
748 2509 768 2547 a.
789 2498 821 2546 D.
837 2499 892 2547 eod.
908 2500 934 2546 in
949 2498 1099 2563 quibusdam
1112 2501 1226 2548 varians.

277 2568 298 2635 ⁴)
313 2569 358 2618 Em
374 2569 435 2618 Cdd.
450 2567 478 2620 S.
491 2567 572 2618 Germ.
589 2566 643 2631 (uhi
653 2569 790 2633 praecedit
804 2567 915 2632 iuterpr.)
929 2579 949 2618 8.
966 2581 999 2620 1³.
1015 2581 1048 2621 38.
1064 2580 1097 2621 ³9.
1149 2567 1171 2634 ὅ)
1188 2569 1226 2633 Cf.

275 2640 307 2689 L.
323 2650 343 2690 o.
362 2641 401 2701 §5-
416 2650 498 2690 o-11.
514 2638 545 2687 L.
560 2651 581 2690 o.
605 2639 637 2688 D.
653 2639 685 2687 de
699 2639 778 2687 intur.
793 2637 839 2702 (er,
855 2637 899 2704 ιο).
924 2637 1004 2688 Tacit.
1020 2639 1053 2689 A.
1068 2652 1102 2698 14,
1117 2650 1150 2691 oo.
1291 2682 1293 2688 .

276 2708 298 2776 ⁶)
315 2709 358 2760 cd.
373 2721 393 2760 8.
413 2710 476 2772 turpi
491 2711 582 2767 ceteri,
597 2709 654 2757 edd.
721 2705 742 2772 π)
756 2709 901 2771 illegitimam
921 2707 969 2773 (uei
983 2709 1111 2771 legitimam
1128 2711 1189 2760 Gdd.
1205 2722 1226 2762 a.

276 2793 309 2832 18.
324 2792 357 2832 38.
373 2778 418 2844 ea.)
437 2780 568 2829 insectandi
584 2779 683 2828 alicuius
698 2793 794 2827 causam
808 2780 894 2842 quidue
909 2779 972 2829 niiud
990 2781 1036 2829 aiio
1055 2795 1141 2842 genere
1160 2795 1228 2830 com·

275 2853 349 2914 ponit.
377 2851 411 2898 De
425 2850 518 2899 ratione
534 2850 595 2899 Cdd.
606 2850 663 2898 edd.
676 2849 762 2898 Ouiae.
773 2856 851 2899 totam
860 2852 1011 2900 sententiam
1025 2851 1086 2901 inde
1100 2869 1117 2901 a
1130 2868 1153 2902 c.
1168 2851 1228 2901 Car·

275 2936 329 2970 men
344 2921 401 2970 iacit
414 2935 466 2983 pro
481 2923 572 2983 spuria
586 2927 633 2970 aut
646 2934 698 2983 pro
713 2921 925 2983 interpretatione
943 2921 1039 2970 debuit.
1067 2921 1164 2972 Schutt.
1180 2925 1230 2986 opi:

275 2992 357 3040 sedet
375 2991 521 3052 illegitimum
541 2991 557 3040 i.
578 3005 599 3041 e.
619 3005 691 3039 causa
710 2991 766 3053 quid
786 2990 849 3039 aiiud
868 3006 888 3039 a.
904 3006 926 3052 g.
945 2992 1067 3055 conponit
1084 3001 1140 3052 eta,
1160 2993 1231 3057 quod

274 3063 340 3111 satis
353 3076 403 3111 non
415 3061 491 3125 facit.
519 3060 576 3126 Epo
596 3063 675 3111 totius
693 3063 745 3110 loci
762 3063 911 3110 sententiam
925 3070 1062 3125 reputans,
1080 3065 1119 3113 sic
1133 3069 1228 3124 statuo,

274 3133 412 3182 redeuntia
425 3131 503 3181 uerba
516 3133 612 3181 cimilia
627 3132 747 3195 componit
758 3131 786 3180 de
796 3138 821 3180 et
831 3133 963 3196 composita
973 3148 999 3181 o·
1010 3135 1037 3182 in
1047 3149 1127 3182 cauca
1134 3135 1228 3196 fuisse,

275 3210 303 3252 ut
316 3203 380 3252 daec
394 3204 452 3266 ipsa
466 3209 490 3252 et
504 3219 569 3266 quae
583 3203 734 3252 intermedia
748 3209 815 3264 sunt,
830 3202 982 3252 exciderent
991 3211 1015 3253 et
1024 3204 1117 3253 deinde
1127 3206 1230 3254 omissis

274 3281 357 3324 tamen
372 3275 426 3322 iilis
439 3275 570 3336 composita
586 3289 599 3321 o
613 3281 733 3337 tanquam
745 3273 817 3335 falsa
831 3275 990 3335 repetitione,
1006 3276 1091 3324 alieno
1102 3277 1157 3325 ioca
1167 3281 1229 3324 ante

274 3345 331 3408 quid
341 3343 396 3410 (ubi
411 3351 434 3393 et
447 3345 487 3408 qui
495 3342 686 3409 pandnardum)
697 3344 882 3405 insererentur,
893 3358 942 3408 quo
954 3346 1028 3407 facto
1038 3345 1183 3406 illegitimam
1195 3373 1228 3383 -

274 3429 370 3464 causam
385 3423 410 3464 et
424 3415 510 3478 quidue
524 3416 649 3477 scriptum
664 3420 708 3462 ert.
741 3413 894 3478 Leyitimam
913 3416 961 3464 ins.
976 3417 1010 3464 ai.
1026 3431 1048 3466 c.
1064 3417 1229 3479 compositam

274 3488 416 3536 orationem
430 3486 546 3550 intellige
558 3484 669 3547 exempli
681 3485 771 3548 ,qratia
785 3485 812 3532 in
826 3491 917 3533 senata
931 3492 1023 3535 contra
1041 3488 1133 3535 malum
1148 3488 1229 3536 civem

273 3555 392 3604 debitam.
