<?xml version="1.0" encoding="UTF-8"?>
<!DOCTYPE html PUBLIC "-//W3C//DTD XHTML 1.0 Transitional//EN"
    "http://www.w3.org/TR/xhtml1/DTD/xhtml1-transitional.dtd">
<html xmlns="http://www.w3.org/1999/xhtml" xml:lang="en" lang="en">
 <head>
  <title>
</title>
<meta http-equiv="Content-Type" content="text/html;charset=utf-8" />
  <meta name='ocr-system' content='tesseract 3.04.00' />
  <meta name='ocr-capabilities' content='ocr_page ocr_carea ocr_par ocr_line ocrx_word'/>
</head>
<body>
  <div class='ocr_page' id='page_1' title='image "./ivrisprvdentiae00huscgoog_0084.png"; bbox 0 0 2672 4112; ppageno 0'>
   <div class='ocr_carea' id='block_1_1' title="bbox 240 235 858 307">
    <p class='ocr_par' dir='ltr' id='par_1_1' title="bbox 240 235 858 307">
     <span class='ocr_line' id='line_1_1' title="bbox 240 235 858 307; baseline -0.031 0"><span class='ocrx_word' id='word_1_1' title='bbox 240 250 282 307; x_wconf 82' lang='lat'>60</span> <span class='ocrx_word' id='word_1_2' title='bbox 350 235 355 244; x_wconf 54' lang='grc'><strong>’</strong></span> <span class='ocrx_word' id='word_1_3' title='bbox 583 255 609 288; x_wconf 79' lang='lat' dir='ltr'>u.</span> <span class='ocrx_word' id='word_1_4' title='bbox 630 254 739 290; x_wconf 77' lang='lat' dir='ltr'>nvnmvs</span> <span class='ocrx_word' id='word_1_5' title='bbox 758 253 858 307; x_wconf 73' lang='lat' dir='ltr'>cronno.</span> 
     </span>
    </p>
   </div>
   <div class='ocr_carea' id='block_1_2' title="bbox 238 375 1203 1960">
    <p class='ocr_par' dir='ltr' id='par_1_2' title="bbox 238 375 1203 1960">
     <span class='ocr_line' id='line_1_2' title="bbox 239 375 1203 454; baseline -0.003 -15"><span class='ocrx_word' id='word_1_6' title='bbox 239 385 289 439; x_wconf 89' lang='lat' dir='ltr'>hac</span> <span class='ocrx_word' id='word_1_7' title='bbox 303 383 414 438; x_wconf 90' lang='lat' dir='ltr'>scientia</span> <span class='ocrx_word' id='word_1_8' title='bbox 430 381 501 436; x_wconf 92' lang='lat' dir='ltr'>illam</span> <span class='ocrx_word' id='word_1_9' title='bbox 522 378 637 440; x_wconf 86' lang='lat' dir='ltr'>eluditis.</span> <span class='ocrx_word' id='word_1_10' title='bbox 669 375 769 454; x_wconf 88' lang='lat' dir='ltr'>placuit</span> <span class='ocrx_word' id='word_1_11' title='bbox 783 377 813 434; x_wconf 91' lang='lat' dir='ltr'>P.</span> <span class='ocrx_word' id='word_1_12' title='bbox 829 377 975 434; x_wconf 89' lang='lat' dir='ltr'>Scaeuolae</span> <span class='ocrx_word' id='word_1_13' title='bbox 995 385 1023 434; x_wconf 90' lang='lat' dir='ltr'>et</span> <span class='ocrx_word' id='word_1_14' title='bbox 1038 379 1080 434; x_wconf 80' lang='lat' dir='ltr'>Ti.</span> <span class='ocrx_word' id='word_1_15' title='bbox 1096 377 1203 436; x_wconf 82' lang='lat' dir='ltr'>Corun-</span> 
     </span>
     <span class='ocr_line' id='line_1_3' title="bbox 239 459 1201 539; baseline -0.002 -17"><span class='ocrx_word' id='word_1_16' title='bbox 239 468 326 537; x_wconf 81' lang='lat' dir='ltr'>canio,</span> <span class='ocrx_word' id='word_1_17' title='bbox 344 459 518 539; x_wconf 78' lang='lat' dir='ltr'>pontilic&#39;ihus</span> <span class='ocrx_word' id='word_1_18' title='bbox 540 465 669 534; x_wconf 75' lang='lat' dir='ltr'>maximis,</span> <span class='ocrx_word' id='word_1_19' title='bbox 690 465 809 535; x_wconf 75' lang='lat' dir='ltr'><strong>itemque</strong></span> <span class='ocrx_word' id='word_1_20' title='bbox 823 464 932 534; x_wconf 89' lang='lat' dir='ltr'>ceteris,</span> <span class='ocrx_word' id='word_1_21' title='bbox 954 479 1011 534; x_wconf 88' lang='lat' dir='ltr'>eos,</span> <span class='ocrx_word' id='word_1_22' title='bbox 1027 464 1074 536; x_wconf 93' lang='lat' dir='ltr'>qui</span> <span class='ocrx_word' id='word_1_23' title='bbox 1090 471 1201 520; x_wconf 89' lang='lat' dir='ltr'>tantun·</span> 
     </span>
     <span class='ocr_line' id='line_1_4' title="bbox 240 545 1201 622; baseline -0.001 -17"><span class='ocrx_word' id='word_1_24' title='bbox 240 549 299 606; x_wconf 91' lang='lat' dir='ltr'>dem</span> <span class='ocrx_word' id='word_1_25' title='bbox 316 557 452 622; x_wconf 79' lang='lat' dir='ltr'>caperent,</span> <span class='ocrx_word' id='word_1_26' title='bbox 469 555 598 621; x_wconf 90' lang='lat' dir='ltr'>quantum</span> <span class='ocrx_word' id='word_1_27' title='bbox 614 563 706 603; x_wconf 87' lang='lat' dir='ltr'>omnes</span> <span class='ocrx_word' id='word_1_28' title='bbox 721 546 852 618; x_wconf 85' lang='lat' dir='ltr'>heredes,</span> <span class='ocrx_word' id='word_1_29' title='bbox 874 547 956 602; x_wconf 89' lang='lat' dir='ltr'>sacris</span> <span class='ocrx_word' id='word_1_30' title='bbox 971 545 1083 618; x_wconf 84' lang='lat' dir='ltr'>alligari.</span> <span class='ocrx_word' id='word_1_31' title='bbox 1113 547 1201 604; x_wconf 90' lang='lat' dir='ltr'>habeo</span> 
     </span>
     <span class='ocr_line' id='line_1_5' title="bbox 238 627 1201 709; baseline -0.002 -21"><span class='ocrx_word' id='word_1_32' title='bbox 238 635 280 688; x_wconf 92' lang='lat' dir='ltr'>ius</span> <span class='ocrx_word' id='word_1_33' title='bbox 301 631 479 707; x_wconf 90' lang='lat' dir='ltr'>pontificium.</span> <span class='ocrx_word' id='word_1_34' title='bbox 513 627 560 688; x_wconf 81' lang='lat'>53.</span> <span class='ocrx_word' id='word_1_35' title='bbox 582 630 645 702; x_wconf 90' lang='lat' dir='ltr'>quid</span> <span class='ocrx_word' id='word_1_36' title='bbox 666 631 719 686; x_wconf 88' lang='lat' dir='ltr'>hnc</span> <span class='ocrx_word' id='word_1_37' title='bbox 741 631 854 686; x_wconf 87' lang='lat' dir='ltr'>accessit</span> <span class='ocrx_word' id='word_1_38' title='bbox 875 647 907 686; x_wconf 84' lang='lat' dir='ltr'>ex</span> <span class='ocrx_word' id='word_1_39' title='bbox 928 632 986 709; x_wconf 72' lang='lat' dir='ltr'>iure</span> <span class='ocrx_word' id='word_1_40' title='bbox 1008 630 1098 686; x_wconf 79' lang='lat' dir='ltr'>ciuili?</span> <span class='ocrx_word' id='word_1_41' title='bbox 1117 633 1201 704; x_wconf 88' lang='lat' dir='ltr'>parti·</span> 
     </span>
     <span class='ocr_line' id='line_1_6' title="bbox 241 713 1201 790; baseline -0.003 -17"><span class='ocrx_word' id='word_1_42' title='bbox 241 718 323 773; x_wconf 89' lang='lat' dir='ltr'>tionis</span> <span class='ocrx_word' id='word_1_43' title='bbox 346 725 427 790; x_wconf 89' lang='lat' dir='ltr'>caput</span> <span class='ocrx_word' id='word_1_44' title='bbox 449 716 578 790; x_wconf 87' lang='lat' dir='ltr'>seriptum</span> <span class='ocrx_word' id='word_1_45' title='bbox 594 723 682 785; x_wconf 82' lang='lat' dir='ltr'>caute,</span> <span class='ocrx_word' id='word_1_46' title='bbox 705 721 735 769; x_wconf 90' lang='lat' dir='ltr'>ut</span> <span class='ocrx_word' id='word_1_47' title='bbox 751 721 858 770; x_wconf 86' lang='lat' dir='ltr'>centurn</span> <span class='ocrx_word' id='word_1_48' title='bbox 873 715 974 770; x_wconf 89' lang='lat' dir='ltr'>nummi</span> <span class='ocrx_word' id='word_1_49' title='bbox 989 713 1201 770; x_wconf 79' lang='lat' dir='ltr'>deducerentur:</span> 
     </span>
     <span class='ocr_line' id='line_1_7' title="bbox 239 796 1199 872; baseline -0.002 -16"><span class='ocrx_word' id='word_1_50' title='bbox 239 803 348 857; x_wconf 90' lang='lat' dir='ltr'>inuenta</span> <span class='ocrx_word' id='word_1_51' title='bbox 369 807 410 856; x_wconf 87' lang='lat' dir='ltr'>est</span> <span class='ocrx_word' id='word_1_52' title='bbox 430 801 510 869; x_wconf 81' lang='lat' dir='ltr'>ratio,</span> <span class='ocrx_word' id='word_1_53' title='bbox 533 817 581 856; x_wconf 92' lang='lat' dir='ltr'>cnr</span> <span class='ocrx_word' id='word_1_54' title='bbox 601 799 714 872; x_wconf 89' lang='lat' dir='ltr'>pecunia</span> <span class='ocrx_word' id='word_1_55' title='bbox 736 813 874 855; x_wconf 87' lang='lat' dir='ltr'>sacrorum</span> <span class='ocrx_word' id='word_1_56' title='bbox 889 797 1012 852; x_wconf 89' lang='lat' dir='ltr'>molestia</span> <span class='ocrx_word' id='word_1_57' title='bbox 1027 796 1199 854; x_wconf 77' lang='lat' dir='ltr'>liberaretur.</span> 
     </span>
     <span class='ocr_line' id='line_1_8' title="bbox 240 877 1200 958; baseline -0.002 -18"><span class='ocrx_word' id='word_1_58' title='bbox 240 884 305 958; x_wconf 92' lang='lat' dir='ltr'>quid</span> <span class='ocrx_word' id='word_1_59' title='bbox 321 877 357 939; x_wconf 87' lang='lat' dir='ltr'>si¹</span> <span class='ocrx_word' id='word_1_60' title='bbox 373 885 434 954; x_wconf 88' lang='lat' dir='ltr'>hoc,</span> <span class='ocrx_word' id='word_1_61' title='bbox 459 885 505 956; x_wconf 91' lang='lat' dir='ltr'>qui</span> <span class='ocrx_word' id='word_1_62' title='bbox 519 889 709 939; x_wconf 88' lang='lat' dir='ltr'>testamentum</span> <span class='ocrx_word' id='word_1_63' title='bbox 725 881 847 953; x_wconf 85' lang='lat' dir='ltr'>iaciebat,</span> <span class='ocrx_word' id='word_1_64' title='bbox 867 896 965 936; x_wconf 91' lang='lat' dir='ltr'>cauere</span> <span class='ocrx_word' id='word_1_65' title='bbox 979 881 1131 937; x_wconf 76' lang='lat' dir='ltr'>noluisset?</span> <span class='ocrx_word' id='word_1_66' title='bbox 1154 882 1200 938; x_wconf 90' lang='lat' dir='ltr'>ad-</span> 
     </span>
     <span class='ocr_line' id='line_1_9' title="bbox 241 965 1200 1039; baseline -0.004 -15"><span class='ocrx_word' id='word_1_67' title='bbox 241 975 333 1024; x_wconf 88' lang='lat' dir='ltr'>monet</span> <span class='ocrx_word' id='word_1_68' title='bbox 353 969 419 1022; x_wconf 90' lang='lat' dir='ltr'>iuris</span> <span class='ocrx_word' id='word_1_69' title='bbox 434 967 576 1022; x_wconf 88' lang='lat' dir='ltr'>consultus</span> <span class='ocrx_word' id='word_1_70' title='bbox 591 967 635 1022; x_wconf 91' lang='lat' dir='ltr'>hic</span> <span class='ocrx_word' id='word_1_71' title='bbox 650 965 757 1039; x_wconf 86' lang='lat' dir='ltr'>quidem</span> <span class='ocrx_word' id='word_1_72' title='bbox 772 967 830 1039; x_wconf 92' lang='lat' dir='ltr'>ipse</span> <span class='ocrx_word' id='word_1_73' title='bbox 846 965 963 1034; x_wconf 82' lang='lat' dir='ltr'>Mucius,</span> <span class='ocrx_word' id='word_1_74' title='bbox 978 965 1102 1038; x_wconf 79' lang='lat' dir='ltr'>pontifex</span> <span class='ocrx_word' id='word_1_75' title='bbox 1116 965 1200 1038; x_wconf 89' lang='lat' dir='ltr'>idem,</span> 
     </span>
     <span class='ocr_line' id='line_1_10' title="bbox 241 1045 1201 1124; baseline -0.001 -17"><span class='ocrx_word' id='word_1_76' title='bbox 241 1061 270 1108; x_wconf 92' lang='lat' dir='ltr'>ut</span> <span class='ocrx_word' id='word_1_77' title='bbox 285 1053 373 1106; x_wconf 87' lang='lat' dir='ltr'>minus</span> <span class='ocrx_word' id='word_1_78' title='bbox 388 1045 488 1124; x_wconf 82' lang='lat' dir='ltr'>capiat²</span> <span class='ocrx_word' id='word_1_79' title='bbox 505 1067 583 1123; x_wconf 89' lang='lat' dir='ltr'>quam</span> <span class='ocrx_word' id='word_1_80' title='bbox 599 1049 722 1106; x_wconf 87' lang='lat' dir='ltr'>omnibus</span> <span class='ocrx_word' id='word_1_81' title='bbox 737 1048 881 1105; x_wconf 85' lang='lat' dir='ltr'>heredibus</span> <span class='ocrx_word' id='word_1_82' title='bbox 897 1048 1081 1121; x_wconf 77' lang='lat' dir='ltr'>relinquatur,</span> <span class='ocrx_word' id='word_1_83' title='bbox 1103 1049 1201 1122; x_wconf 89' lang='lat' dir='ltr'>quibus</span> 
     </span>
     <span class='ocr_line' id='line_1_11' title="bbox 240 1125 1201 1209; baseline -0.002 -19"><span class='ocrx_word' id='word_1_84' title='bbox 240 1151 288 1209; x_wconf 90' lang='lat' dir='ltr'>par</span> <span class='ocrx_word' id='word_1_85' title='bbox 303 1133 427 1190; x_wconf 89' lang='lat' dir='ltr'>dicebant</span> <span class='ocrx_word' id='word_1_86' title='bbox 443 1137 488 1208; x_wconf 90' lang='lat' dir='ltr'>qui</span> <span class='ocrx_word' id='word_1_87' title='bbox 505 1136 620 1208; x_wconf 89' lang='lat' dir='ltr'>cepisset</span> <span class='ocrx_word' id='word_1_88' title='bbox 628 1127 651 1205; x_wconf 82' lang='lat'>‚³</span> <span class='ocrx_word' id='word_1_89' title='bbox 666 1133 814 1206; x_wconf 79' lang='lat' dir='ltr'>adstringi:</span> <span class='ocrx_word' id='word_1_90' title='bbox 835 1149 931 1188; x_wconf 85' lang='lat' dir='ltr'>rursus</span> <span class='ocrx_word' id='word_1_91' title='bbox 946 1133 1028 1188; x_wconf 89' lang='lat' dir='ltr'>sacris</span> <span class='ocrx_word' id='word_1_92' title='bbox 1044 1125 1201 1190; x_wconf 56' lang='lat' dir='ltr'>liberatur!</span> 
     </span>
     <span class='ocr_line' id='line_1_12' title="bbox 240 1210 1201 1291; baseline -0.002 -17"><span class='ocrx_word' id='word_1_93' title='bbox 240 1221 293 1276; x_wconf 91' lang='lat' dir='ltr'>hoo</span> <span class='ocrx_word' id='word_1_94' title='bbox 307 1235 373 1274; x_wconf 92' lang='lat' dir='ltr'>uero</span> <span class='ocrx_word' id='word_1_95' title='bbox 389 1217 457 1274; x_wconf 88' lang='lat' dir='ltr'>nihil</span> <span class='ocrx_word' id='word_1_96' title='bbox 473 1218 504 1274; x_wconf 93' lang='lat' dir='ltr'>ad</span> <span class='ocrx_word' id='word_1_97' title='bbox 520 1215 688 1291; x_wconf 84' lang='lat' dir='ltr'>pontificium</span> <span class='ocrx_word' id='word_1_98' title='bbox 702 1217 759 1287; x_wconf 78' lang='lat' dir='ltr'>ino,</span> <span class='ocrx_word' id='word_1_99' title='bbox 780 1210 835 1272; x_wconf 75' lang='lat' dir='ltr'>set⁵</span> <span class='ocrx_word' id='word_1_100' title='bbox 851 1215 970 1272; x_wconf 88' lang='lat' dir='ltr'>emedio</span> <span class='ocrx_word' id='word_1_101' title='bbox 986 1223 1027 1271; x_wconf 89' lang='lat' dir='ltr'>est</span> <span class='ocrx_word' id='word_1_102' title='bbox 1041 1217 1099 1272; x_wconf 88' lang='lat' dir='ltr'>iure</span> <span class='ocrx_word' id='word_1_103' title='bbox 1114 1216 1201 1287; x_wconf 89' lang='lat' dir='ltr'>ciuili,</span> 
     </span>
     <span class='ocr_line' id='line_1_13' title="bbox 241 1297 1201 1376; baseline -0.002 -18"><span class='ocrx_word' id='word_1_104' title='bbox 241 1311 271 1358; x_wconf 92' lang='lat' dir='ltr'>ut</span> <span class='ocrx_word' id='word_1_105' title='bbox 292 1319 341 1376; x_wconf 90' lang='lat' dir='ltr'>per</span> <span class='ocrx_word' id='word_1_106' title='bbox 362 1317 407 1356; x_wconf 88' lang='lat' dir='ltr'>aes</span> <span class='ocrx_word' id='word_1_107' title='bbox 421 1311 458 1357; x_wconf 87' lang='lat' dir='ltr'>·et</span> <span class='ocrx_word' id='word_1_108' title='bbox 479 1301 572 1358; x_wconf 89' lang='lat' dir='ltr'>libram</span> <span class='ocrx_word' id='word_1_109' title='bbox 595 1301 722 1358; x_wconf 87' lang='lat' dir='ltr'>heredem</span> <span class='ocrx_word' id='word_1_110' title='bbox 746 1301 900 1356; x_wconf 78' lang='lat' dir='ltr'>testamenti</span> <span class='ocrx_word' id='word_1_111' title='bbox 921 1297 1039 1372; x_wconf 78' lang='lat' dir='ltr'>soluent,</span> <span class='ocrx_word' id='word_1_112' title='bbox 1062 1308 1090 1356; x_wconf 85' lang='lat' dir='ltr'>et</span> <span class='ocrx_word' id='word_1_113' title='bbox 1105 1299 1201 1356; x_wconf 91' lang='lat' dir='ltr'>eodem</span> 
     </span>
     <span class='ocr_line' id='line_1_14' title="bbox 240 1383 1202 1458; baseline -0.002 -18"><span class='ocrx_word' id='word_1_114' title='bbox 240 1386 301 1442; x_wconf 93' lang='lat' dir='ltr'>loco</span> <span class='ocrx_word' id='word_1_115' title='bbox 317 1387 422 1454; x_wconf 78' lang='lat' dir='ltr'>nessii,</span> <span class='ocrx_word' id='word_1_116' title='bbox 439 1387 516 1458; x_wconf 91' lang='lat' dir='ltr'>quasi</span> <span class='ocrx_word' id='word_1_117' title='bbox 531 1401 562 1440; x_wconf 93' lang='lat' dir='ltr'>ea</span> <span class='ocrx_word' id='word_1_118' title='bbox 577 1385 689 1458; x_wconf 88' lang='lat' dir='ltr'>pecunia</span> <span class='ocrx_word' id='word_1_119' title='bbox 706 1383 795 1458; x_wconf 79' lang='lat' dir='ltr'>legata</span> <span class='ocrx_word' id='word_1_120' title='bbox 812 1401 867 1440; x_wconf 90' lang='lat' dir='ltr'>non</span> <span class='ocrx_word' id='word_1_121' title='bbox 879 1391 961 1454; x_wconf 81' lang='lat' dir='ltr'>esset,</span> <span class='ocrx_word' id='word_1_122' title='bbox 977 1385 1000 1438; x_wconf 90' lang='lat' dir='ltr'>si</span> <span class='ocrx_word' id='word_1_123' title='bbox 1016 1383 1050 1456; x_wconf 85' lang='lat' dir='ltr'>is,</span> <span class='ocrx_word' id='word_1_124' title='bbox 1066 1385 1109 1439; x_wconf 91' lang='lat' dir='ltr'>cui</span> <span class='ocrx_word' id='word_1_125' title='bbox 1124 1383 1202 1457; x_wconf 79' lang='lat' dir='ltr'>lega-</span> 
     </span>
     <span class='ocr_line' id='line_1_15' title="bbox 243 1467 1202 1541; baseline 0 -17"><span class='ocrx_word' id='word_1_126' title='bbox 243 1477 299 1524; x_wconf 89' lang='lat' dir='ltr'>tum</span> <span class='ocrx_word' id='word_1_127' title='bbox 315 1476 367 1539; x_wconf 85' lang='lat' dir='ltr'>est,</span> <span class='ocrx_word' id='word_1_128' title='bbox 390 1468 534 1541; x_wconf 88' lang='lat' dir='ltr'>stipulatus</span> <span class='ocrx_word' id='word_1_129' title='bbox 551 1477 592 1523; x_wconf 89' lang='lat' dir='ltr'>est</span> <span class='ocrx_word' id='word_1_130' title='bbox 606 1469 632 1522; x_wconf 92' lang='lat' dir='ltr'>id</span> <span class='ocrx_word' id='word_1_131' title='bbox 647 1469 744 1540; x_wconf 90' lang='lat' dir='ltr'>ipsum,</span> <span class='ocrx_word' id='word_1_132' title='bbox 766 1467 839 1540; x_wconf 90' lang='lat' dir='ltr'>qnod</span> <span class='ocrx_word' id='word_1_133' title='bbox 854 1467 974 1540; x_wconf 77' lang='lat' dir='ltr'>legatum</span> <span class='ocrx_word' id='word_1_134' title='bbox 989 1475 1042 1538; x_wconf 86' lang='lat' dir='ltr'>est,</span> <span class='ocrx_word' id='word_1_135' title='bbox 1063 1473 1094 1522; x_wconf 91' lang='lat' dir='ltr'>ut</span> <span class='ocrx_word' id='word_1_136' title='bbox 1108 1483 1138 1524; x_wconf 90' lang='lat' dir='ltr'>ea</span> <span class='ocrx_word' id='word_1_137' title='bbox 1154 1483 1202 1540; x_wconf 90' lang='lat' dir='ltr'>pe·</span> 
     </span>
     <span class='ocr_line' id='line_1_16' title="bbox 241 1549 1202 1624; baseline 0 -17"><span class='ocrx_word' id='word_1_138' title='bbox 241 1553 318 1608; x_wconf 89' lang='lat' dir='ltr'>cunia</span> <span class='ocrx_word' id='word_1_139' title='bbox 338 1567 369 1606; x_wconf 80' lang='lat' dir='ltr'>en</span> <span class='ocrx_word' id='word_1_140' title='bbox 390 1551 564 1624; x_wconf 84' lang='lat' dir='ltr'>stipulatione</span> <span class='ocrx_word' id='word_1_141' title='bbox 585 1551 731 1623; x_wconf 87' lang='lat' dir='ltr'>debeatur,</span> <span class='ocrx_word' id='word_1_142' title='bbox 752 1553 841 1624; x_wconf 89' lang='lat' dir='ltr'>sitque</span> <span class='ocrx_word' id='word_1_143' title='bbox 863 1567 893 1606; x_wconf 90' lang='lat' dir='ltr'>ea</span> <span class='ocrx_word' id='word_1_144' title='bbox 913 1567 967 1606; x_wconf 88' lang='lat' dir='ltr'>non</span> <span class='ocrx_word' id='word_1_145' title='bbox 985 1549 1095 1622; x_wconf 81' lang='lat' dir='ltr'>(mortio</span> <span class='ocrx_word' id='word_1_146' title='bbox 1109 1567 1202 1607; x_wconf 85' lang='lat' dir='ltr'>causa</span> 
     </span>
     <span class='ocr_line' id='line_1_17' title="bbox 241 1628 1202 1708; baseline -0.002 -16"><span class='ocrx_word' id='word_1_147' title='bbox 241 1628 356 1708; x_wconf 78' lang='lat' dir='ltr'>capta)⁶</span> <span class='ocrx_word' id='word_1_148' title='bbox 373 1652 413 1692; x_wconf 72' lang='lat' dir='ltr'>*a</span> <span class='ocrx_word' id='word_1_149' title='bbox 428 1635 537 1690; x_wconf 91' lang='lat' dir='ltr'>doctum</span> <span class='ocrx_word' id='word_1_150' title='bbox 552 1635 687 1691; x_wconf 89' lang='lat' dir='ltr'>hominem</span> <span class='ocrx_word' id='word_1_151' title='bbox 703 1650 779 1706; x_wconf 80' lang='lat' dir='ltr'>sane,</span> <span class='ocrx_word' id='word_1_152' title='bbox 802 1631 850 1691; x_wconf 80' lang='lat'>54.</span> <span class='ocrx_word' id='word_1_153' title='bbox 872 1636 947 1690; x_wconf 88' lang='lat' dir='ltr'>cuius</span> <span class='ocrx_word' id='word_1_154' title='bbox 964 1634 1015 1690; x_wconf 86' lang='lat' dir='ltr'>luit</span> <span class='ocrx_word' id='word_1_155' title='bbox 1029 1635 1124 1690; x_wconf 84' lang='lat' dir='ltr'>hocius</span> <span class='ocrx_word' id='word_1_156' title='bbox 1139 1651 1202 1708; x_wconf 85' lang='lat' dir='ltr'>per·</span> 
     </span>
     <span class='ocr_line' id='line_1_18' title="bbox 242 1717 1197 1791; baseline 0 -17"><span class='ocrx_word' id='word_1_157' title='bbox 242 1719 389 1791; x_wconf 80' lang='lat' dir='ltr'>familiaris,</span> <span class='ocrx_word' id='word_1_158' title='bbox 405 1717 452 1774; x_wconf 92' lang='lat' dir='ltr'>sed</span> <span class='ocrx_word' id='word_1_159' title='bbox 467 1734 596 1788; x_wconf 83' lang='lat' dir='ltr'>mensem,</span> <span class='ocrx_word' id='word_1_160' title='bbox 613 1717 706 1789; x_wconf 83' lang='lat' dir='ltr'>credo,</span> <span class='ocrx_word' id='word_1_161' title='bbox 721 1725 870 1774; x_wconf 82' lang='lat' dir='ltr'>extremum</span> <span class='ocrx_word' id='word_1_162' title='bbox 886 1719 963 1790; x_wconf 88' lang='lat' dir='ltr'>anai,</span> <span class='ocrx_word' id='word_1_163' title='bbox 978 1727 1010 1772; x_wconf 89' lang='lat' dir='ltr'>ut</span> <span class='ocrx_word' id='word_1_164' title='bbox 1025 1725 1132 1774; x_wconf 87' lang='lat' dir='ltr'>ueteres</span> <span class='ocrx_word' id='word_1_165' title='bbox 1148 1717 1197 1774; x_wconf 82' lang='lat' dir='ltr'>Fe·</span> 
     </span>
     <span class='ocr_line' id='line_1_19' title="bbox 242 1801 1203 1875; baseline 0 -17"><span class='ocrx_word' id='word_1_166' title='bbox 242 1802 387 1872; x_wconf 87' lang='lat' dir='ltr'>bruarium,</span> <span class='ocrx_word' id='word_1_167' title='bbox 407 1804 447 1858; x_wconf 88' lang='lat' dir='ltr'>sic</span> <span class='ocrx_word' id='word_1_168' title='bbox 459 1803 502 1858; x_wconf 91' lang='lat' dir='ltr'>hic</span> <span class='ocrx_word' id='word_1_169' title='bbox 514 1803 684 1858; x_wconf 83' lang='lat' dir='ltr'>Decembrem</span> <span class='ocrx_word' id='word_1_170' title='bbox 696 1801 869 1875; x_wconf 88' lang='lat' dir='ltr'>sequebatur.</span> <span class='ocrx_word' id='word_1_171' title='bbox 885 1801 974 1858; x_wconf 88' lang='lat' dir='ltr'>hostia</span> <span class='ocrx_word' id='word_1_172' title='bbox 988 1810 1076 1858; x_wconf 87' lang='lat' dir='ltr'>autem</span> <span class='ocrx_word' id='word_1_173' title='bbox 1088 1803 1203 1858; x_wconf 80' lang='lat' dir='ltr'>maxima</span> 
     </span>
     <span class='ocr_line' id='line_1_20' title="bbox 241 1885 895 1960; baseline 0 -18"><span class='ocrx_word' id='word_1_174' title='bbox 241 1895 394 1960; x_wconf 87' lang='lat' dir='ltr'>parentare,</span> <span class='ocrx_word' id='word_1_175' title='bbox 408 1887 516 1960; x_wconf 90' lang='lat' dir='ltr'>pietatis</span> <span class='ocrx_word' id='word_1_176' title='bbox 532 1902 591 1942; x_wconf 89' lang='lat' dir='ltr'>esse</span> <span class='ocrx_word' id='word_1_177' title='bbox 606 1885 761 1942; x_wconf 88' lang='lat' dir='ltr'>adiunctum</span> <span class='ocrx_word' id='word_1_178' title='bbox 776 1885 895 1960; x_wconf 90' lang='lat' dir='ltr'>putabat.</span> 
     </span>
    </p>
   </div>
   <div class='ocr_carea' id='block_1_3' title="bbox 168 1975 1287 3057">
    <p class='ocr_par' dir='ltr' id='par_1_3' title="bbox 168 1975 1287 3057">
     <span class='ocr_line' id='line_1_21' title="bbox 303 1975 1202 2051; baseline 0 -17"><span class='ocrx_word' id='word_1_179' title='bbox 303 1979 380 2034; x_wconf 89' lang='lat' dir='ltr'>llllll.</span> <span class='ocrx_word' id='word_1_180' title='bbox 403 1975 448 2036; x_wconf 82' lang='lat'>55.</span> <span class='ocrx_word' id='word_1_181' title='bbox 470 1979 534 2034; x_wconf 85' lang='lat' dir='ltr'>lam.</span> <span class='ocrx_word' id='word_1_182' title='bbox 547 1987 620 2034; x_wconf 90' lang='lat' dir='ltr'>tanta</span> <span class='ocrx_word' id='word_1_183' title='bbox 642 1977 738 2050; x_wconf 81' lang='lat' dir='ltr'>religio</span> <span class='ocrx_word' id='word_1_184' title='bbox 761 1983 811 2033; x_wconf 81' lang='lat' dir='ltr'>est</span> <span class='ocrx_word' id='word_1_185' title='bbox 825 1977 1045 2051; x_wconf 87' lang='lat' dir='ltr'>sepulchrorum,</span> <span class='ocrx_word' id='word_1_186' title='bbox 1073 1983 1105 2032; x_wconf 89' lang='lat' dir='ltr'>ut</span> <span class='ocrx_word' id='word_1_187' title='bbox 1126 1984 1202 2034; x_wconf 75' lang='lat' dir='ltr'>extra</span> 
     </span>
     <span class='ocr_line' id='line_1_22' title="bbox 241 2061 1202 2137; baseline -0.002 -17"><span class='ocrx_word' id='word_1_188' title='bbox 241 2079 314 2120; x_wconf 87' lang='lat' dir='ltr'>sacra</span> <span class='ocrx_word' id='word_1_189' title='bbox 338 2071 366 2119; x_wconf 92' lang='lat' dir='ltr'>et</span> <span class='ocrx_word' id='word_1_190' title='bbox 388 2070 496 2137; x_wconf 80' lang='lat' dir='ltr'>gentem</span> <span class='ocrx_word' id='word_1_191' title='bbox 518 2062 612 2118; x_wconf 86' lang='lat' dir='ltr'>inlerri</span> <span class='ocrx_word' id='word_1_192' title='bbox 633 2061 673 2118; x_wconf 86' lang='lat' dir='ltr'>las</span> <span class='ocrx_word' id='word_1_193' title='bbox 689 2070 791 2136; x_wconf 78' lang='lat' dir='ltr'>negent</span> <span class='ocrx_word' id='word_1_194' title='bbox 805 2078 874 2132; x_wconf 88' lang='lat' dir='ltr'>esse,</span> <span class='ocrx_word' id='word_1_195' title='bbox 897 2061 979 2134; x_wconf 93' lang='lat' dir='ltr'>idque</span> <span class='ocrx_word' id='word_1_196' title='bbox 1001 2061 1071 2136; x_wconf 90' lang='lat' dir='ltr'>apud</span> <span class='ocrx_word' id='word_1_197' title='bbox 1086 2061 1202 2118; x_wconf 88' lang='lat' dir='ltr'>maiores</span> 
     </span>
     <span class='ocr_line' id='line_1_23' title="bbox 168 2140 1201 2218; baseline -0.001 -16"><span class='ocrx_word' id='word_1_198' title='bbox 168 2140 172 2143; x_wconf 66' lang='grc'><strong>’</strong></span> <span class='ocrx_word' id='word_1_199' title='bbox 240 2155 350 2203; x_wconf 88' lang='lat' dir='ltr'>nostros</span> <span class='ocrx_word' id='word_1_200' title='bbox 367 2149 397 2206; x_wconf 85' lang='lat' dir='ltr'>A.</span> <span class='ocrx_word' id='word_1_201' title='bbox 410 2147 565 2218; x_wconf 83' lang='lat' dir='ltr'>Torquatus</span> <span class='ocrx_word' id='word_1_202' title='bbox 579 2147 606 2201; x_wconf 91' lang='lat' dir='ltr'>in</span> <span class='ocrx_word' id='word_1_203' title='bbox 622 2153 704 2218; x_wconf 79' lang='lat' dir='ltr'>gente</span> <span class='ocrx_word' id='word_1_204' title='bbox 715 2145 826 2218; x_wconf 88' lang='lat' dir='ltr'>Popillia</span> <span class='ocrx_word' id='word_1_205' title='bbox 838 2145 974 2202; x_wconf 90' lang='lat' dir='ltr'>iudicauit.</span> <span class='ocrx_word' id='word_1_206' title='bbox 999 2161 1049 2202; x_wconf 88' lang='lat' dir='ltr'>nec</span> <span class='ocrx_word' id='word_1_207' title='bbox 1064 2161 1131 2202; x_wconf 91' lang='lat' dir='ltr'>uero</span> <span class='ocrx_word' id='word_1_208' title='bbox 1146 2153 1201 2201; x_wconf 89' lang='lat' dir='ltr'>tam</span> 
     </span>
     <span class='ocr_line' id='line_1_24' title="bbox 240 2228 1201 2302; baseline -0.003 -15"><span class='ocrx_word' id='word_1_209' title='bbox 240 2231 387 2301; x_wconf 88' lang='lat' dir='ltr'>denicalcs,</span> <span class='ocrx_word' id='word_1_210' title='bbox 407 2246 474 2302; x_wconf 87' lang='lat' dir='ltr'>quae</span> <span class='ocrx_word' id='word_1_211' title='bbox 495 2247 510 2284; x_wconf 90' lang='lat' dir='ltr'>a</span> <span class='ocrx_word' id='word_1_212' title='bbox 532 2245 598 2285; x_wconf 90' lang='lat' dir='ltr'>nece</span> <span class='ocrx_word' id='word_1_213' title='bbox 613 2228 761 2302; x_wconf 88' lang='lat' dir='ltr'>appellatae</span> <span class='ocrx_word' id='word_1_214' title='bbox 775 2237 849 2302; x_wconf 82' lang='lat' dir='ltr'>sunt,</span> <span class='ocrx_word' id='word_1_215' title='bbox 872 2231 934 2302; x_wconf 88' lang='lat' dir='ltr'>quia</span> <span class='ocrx_word' id='word_1_216' title='bbox 954 2228 1109 2286; x_wconf 86' lang='lat' dir='ltr'>residentnr</span> <span class='ocrx_word' id='word_1_217' title='bbox 1128 2244 1201 2285; x_wconf 87' lang='lat' dir='ltr'>mor·</span> 
     </span>
     <span class='ocr_line' id='line_1_25' title="bbox 242 2311 1202 2386; baseline 0 -18"><span class='ocrx_word' id='word_1_218' title='bbox 242 2315 307 2384; x_wconf 91' lang='lat' dir='ltr'>tuis,</span> <span class='ocrx_word' id='word_1_219' title='bbox 322 2329 402 2386; x_wconf 90' lang='lat' dir='ltr'>quarn</span> <span class='ocrx_word' id='word_1_220' title='bbox 417 2321 569 2369; x_wconf 88' lang='lat' dir='ltr'>ceterorum</span> <span class='ocrx_word' id='word_1_221' title='bbox 585 2311 740 2368; x_wconf 87' lang='lat' dir='ltr'>caelestium</span> <span class='ocrx_word' id='word_1_222' title='bbox 756 2315 839 2386; x_wconf 86' lang='lat' dir='ltr'>quieti</span> <span class='ocrx_word' id='word_1_223' title='bbox 860 2312 917 2368; x_wconf 91' lang='lat' dir='ltr'>dies</span> <span class='ocrx_word' id='word_1_224' title='bbox 932 2312 1015 2370; x_wconf 82' lang='lat' dir='ltr'>feriae</span> <span class='ocrx_word' id='word_1_225' title='bbox 1031 2313 1202 2370; x_wconf 87' lang='lat' dir='ltr'>nominaren-</span> 
     </span>
     <span class='ocr_line' id='line_1_26' title="bbox 240 2397 1201 2469; baseline -0.001 -17"><span class='ocrx_word' id='word_1_226' title='bbox 240 2405 295 2466; x_wconf 80' lang='lat' dir='ltr'>tur,</span> <span class='ocrx_word' id='word_1_227' title='bbox 315 2397 366 2450; x_wconf 90' lang='lat' dir='ltr'>nisi</span> <span class='ocrx_word' id='word_1_228' title='bbox 386 2397 500 2452; x_wconf 88' lang='lat' dir='ltr'>maiores</span> <span class='ocrx_word' id='word_1_229' title='bbox 521 2412 580 2466; x_wconf 89' lang='lat' dir='ltr'>eos,</span> <span class='ocrx_word' id='word_1_230' title='bbox 603 2397 649 2468; x_wconf 92' lang='lat' dir='ltr'>qui</span> <span class='ocrx_word' id='word_1_231' title='bbox 669 2411 701 2451; x_wconf 76' lang='lat' dir='ltr'>es</span> <span class='ocrx_word' id='word_1_232' title='bbox 716 2397 766 2452; x_wconf 89' lang='lat' dir='ltr'>hac</span> <span class='ocrx_word' id='word_1_233' title='bbox 781 2399 836 2452; x_wconf 90' lang='lat' dir='ltr'>uita</span> <span class='ocrx_word' id='word_1_234' title='bbox 850 2398 1024 2469; x_wconf 76' lang='lat' dir='ltr'>migrassent,</span> <span class='ocrx_word' id='word_1_235' title='bbox 1044 2397 1201 2452; x_wconf 83' lang='lat' dir='ltr'>iudeorum</span> 
     </span>
     <span class='ocr_line' id='line_1_27' title="bbox 241 2473 1202 2555; baseline 0 -21"><span class='ocrx_word' id='word_1_236' title='bbox 241 2495 353 2534; x_wconf 87' lang='lat' dir='ltr'>nurnero</span> <span class='ocrx_word' id='word_1_237' title='bbox 375 2495 434 2534; x_wconf 88' lang='lat' dir='ltr'>esse</span> <span class='ocrx_word' id='word_1_238' title='bbox 456 2480 616 2535; x_wconf 88' lang='lat' dir='ltr'>noluissent.</span> <span class='ocrx_word' id='word_1_239' title='bbox 655 2477 707 2552; x_wconf 83' lang='lat' dir='ltr'>(act</span> <span class='ocrx_word' id='word_1_240' title='bbox 732 2473 785 2555; x_wconf 83' lang='lat' dir='ltr'>at)⁷</span> <span class='ocrx_word' id='word_1_241' title='bbox 808 2497 852 2536; x_wconf 91' lang='lat' dir='ltr'>eas</span> <span class='ocrx_word' id='word_1_242' title='bbox 872 2482 900 2536; x_wconf 92' lang='lat' dir='ltr'>in</span> <span class='ocrx_word' id='word_1_243' title='bbox 922 2497 969 2538; x_wconf 92' lang='lat' dir='ltr'>eos</span> <span class='ocrx_word' id='word_1_244' title='bbox 991 2481 1048 2537; x_wconf 88' lang='lat' dir='ltr'>dies</span> <span class='ocrx_word' id='word_1_245' title='bbox 1068 2473 1202 2538; x_wconf 80' lang='lat' dir='ltr'>conferri8</span> 
     </span>
     <span class='ocr_line' id='line_1_28' title="bbox 240 2557 1202 2638; baseline 0.001 -19"><span class='ocrx_word' id='word_1_246' title='bbox 240 2565 292 2634; x_wconf 89' lang='lat' dir='ltr'>ius,</span> <span class='ocrx_word' id='word_1_247' title='bbox 308 2568 339 2619; x_wconf 90' lang='lat' dir='ltr'>ut</span> <span class='ocrx_word' id='word_1_248' title='bbox 354 2577 404 2619; x_wconf 89' lang='lat' dir='ltr'>nec</span> <span class='ocrx_word' id='word_1_249' title='bbox 418 2565 503 2637; x_wconf 88' lang='lat' dir='ltr'>ipsius</span> <span class='ocrx_word' id='word_1_250' title='bbox 521 2557 654 2638; x_wconf 74' lang='lat' dir='ltr'>(damus)9</span> <span class='ocrx_word' id='word_1_251' title='bbox 669 2579 759 2638; x_wconf 90' lang='lat' dir='ltr'>neque</span> <span class='ocrx_word' id='word_1_252' title='bbox 773 2563 896 2638; x_wconf 88' lang='lat' dir='ltr'>publicae</span> <span class='ocrx_word' id='word_1_253' title='bbox 912 2564 993 2621; x_wconf 84' lang='lat' dir='ltr'>leriae</span> <span class='ocrx_word' id='word_1_254' title='bbox 1009 2566 1071 2634; x_wconf 88' lang='lat' dir='ltr'>sint,</span> <span class='ocrx_word' id='word_1_255' title='bbox 1087 2571 1202 2636; x_wconf 89' lang='lat' dir='ltr'>totaque</span> 
     </span>
     <span class='ocr_line' id='line_1_29' title="bbox 241 2645 1203 2722; baseline -0.002 -18"><span class='ocrx_word' id='word_1_256' title='bbox 241 2647 320 2704; x_wconf 90' lang='lat' dir='ltr'>huius</span> <span class='ocrx_word' id='word_1_257' title='bbox 344 2647 411 2702; x_wconf 91' lang='lat' dir='ltr'>iuris</span> <span class='ocrx_word' id='word_1_258' title='bbox 433 2648 585 2720; x_wconf 87' lang='lat' dir='ltr'>conpositio</span> <span class='ocrx_word' id='word_1_259' title='bbox 607 2645 769 2721; x_wconf 88' lang='lat' dir='ltr'>pontificalis</span> <span class='ocrx_word' id='word_1_260' title='bbox 790 2664 914 2721; x_wconf 80' lang='lat' dir='ltr'>magnam</span> <span class='ocrx_word' id='word_1_261' title='bbox 937 2647 1095 2722; x_wconf 78' lang='lat' dir='ltr'>religionem</span> <span class='ocrx_word' id='word_1_262' title='bbox 1117 2649 1203 2703; x_wconf 87' lang='lat' dir='ltr'>caeri-</span> 
     </span>
     <span class='ocr_line' id='line_1_30' title="bbox 243 2730 1203 2804; baseline 0 -18"><span class='ocrx_word' id='word_1_263' title='bbox 243 2732 414 2804; x_wconf 87' lang='lat' dir='ltr'>moniamque</span> <span class='ocrx_word' id='word_1_264' title='bbox 429 2730 563 2799; x_wconf 83' lang='lat' dir='ltr'>declarat3</span> <span class='ocrx_word' id='word_1_265' title='bbox 583 2746 671 2804; x_wconf 88' lang='lat' dir='ltr'>neque</span> <span class='ocrx_word' id='word_1_266' title='bbox 686 2748 796 2788; x_wconf 91' lang='lat' dir='ltr'>necesse</span> <span class='ocrx_word' id='word_1_267' title='bbox 812 2740 853 2787; x_wconf 91' lang='lat' dir='ltr'>est</span> <span class='ocrx_word' id='word_1_268' title='bbox 868 2731 979 2788; x_wconf 88' lang='lat' dir='ltr'>edisseri</span> <span class='ocrx_word' id='word_1_269' title='bbox 995 2749 1009 2787; x_wconf 96' lang='lat' dir='ltr'>a</span> <span class='ocrx_word' id='word_1_270' title='bbox 1023 2730 1115 2803; x_wconf 84' lang='lat' dir='ltr'>nobis,</span> <span class='ocrx_word' id='word_1_271' title='bbox 1131 2747 1203 2804; x_wconf 85' lang='lat' dir='ltr'>quae</span> 
     </span>
     <span class='ocr_line' id='line_1_31' title="bbox 241 2807 1287 2888; baseline 0.001 -19"><span class='ocrx_word' id='word_1_272' title='bbox 241 2813 301 2870; x_wconf 86' lang='lat' dir='ltr'>finis</span> <span class='ocrx_word' id='word_1_273' title='bbox 322 2815 445 2870; x_wconf 81' lang='lat' dir='ltr'>funestae</span> <span class='ocrx_word' id='word_1_274' title='bbox 466 2814 595 2884; x_wconf 78' lang='lat' dir='ltr'>familiae,</span> <span class='ocrx_word' id='word_1_275' title='bbox 618 2815 691 2888; x_wconf 91' lang='lat' dir='ltr'>quod</span> <span class='ocrx_word' id='word_1_276' title='bbox 713 2832 800 2888; x_wconf 77' lang='lat' dir='ltr'>genus</span> <span class='ocrx_word' id='word_1_277' title='bbox 821 2813 941 2872; x_wconf 86' lang='lat' dir='ltr'>sacrificii</span> <span class='ocrx_word' id='word_1_278' title='bbox 961 2817 1021 2872; x_wconf 90' lang='lat' dir='ltr'>Lari</span> <span class='ocrx_word' id='word_1_279' title='bbox 1040 2814 1202 2872; x_wconf 89' lang='lat' dir='ltr'>ueruecibus</span> <span class='ocrx_word' id='word_1_280' title='bbox 1269 2807 1287 2832; x_wconf 80' lang='lat'><em>&#39;</em></span> 
     </span>
     <span class='ocr_line' id='line_1_32' title="bbox 241 2896 1203 2974; baseline 0.001 -21"><span class='ocrx_word' id='word_1_281' title='bbox 241 2896 297 2970; x_wconf 85' lang='lat' dir='ltr'>liat,</span> <span class='ocrx_word' id='word_1_282' title='bbox 319 2898 452 2971; x_wconf 89' lang='lat' dir='ltr'>quemad</span> <span class='ocrx_word' id='word_1_283' title='bbox 474 2899 582 2954; x_wconf 90' lang='lat' dir='ltr'>modum</span> <span class='ocrx_word' id='word_1_284' title='bbox 605 2915 637 2954; x_wconf 93' lang='lat' dir='ltr'>os</span> <span class='ocrx_word' id='word_1_285' title='bbox 658 2907 791 2955; x_wconf 88' lang='lat' dir='ltr'>resectum</span> <span class='ocrx_word' id='word_1_286' title='bbox 813 2906 884 2955; x_wconf 85' lang='lat' dir='ltr'>terra</span> <span class='ocrx_word' id='word_1_287' title='bbox 900 2908 1055 2974; x_wconf 82' lang='lat' dir='ltr'>optegatur,</span> <span class='ocrx_word' id='word_1_288' title='bbox 1077 2915 1203 2973; x_wconf 91' lang='lat' dir='ltr'>quaeque</span> 
     </span>
     <span class='ocr_line' id='line_1_33' title="bbox 241 2983 1202 3057; baseline 0.002 -21"><span class='ocrx_word' id='word_1_289' title='bbox 241 2983 268 3037; x_wconf 92' lang='lat' dir='ltr'>in</span> <span class='ocrx_word' id='word_1_290' title='bbox 283 2998 363 3055; x_wconf 87' lang='lat' dir='ltr'>porea</span> <span class='ocrx_word' id='word_1_291' title='bbox 382 2991 519 3038; x_wconf 85' lang='lat' dir='ltr'>contracta</span> <span class='ocrx_word' id='word_1_292' title='bbox 537 2984 596 3038; x_wconf 92' lang='lat' dir='ltr'>iura</span> <span class='ocrx_word' id='word_1_293' title='bbox 612 2985 677 3054; x_wconf 89' lang='lat' dir='ltr'>sint,</span> <span class='ocrx_word' id='word_1_294' title='bbox 695 2999 749 3056; x_wconf 93' lang='lat' dir='ltr'>quo</span> <span class='ocrx_word' id='word_1_295' title='bbox 765 2991 888 3056; x_wconf 89' lang='lat' dir='ltr'>tempore</span> <span class='ocrx_word' id='word_1_296' title='bbox 903 2983 1012 3056; x_wconf 81' lang='lat' dir='ltr'>incipiat</span> <span class='ocrx_word' id='word_1_297' title='bbox 1027 2983 1202 3057; x_wconf 85' lang='lat' dir='ltr'>sepulchrum</span> 
     </span>
    </p>
   </div>
   <div class='ocr_carea' id='block_1_4' title="bbox 243 3095 445 3106">
    <p class='ocr_par' dir='ltr' id='par_1_4' title="bbox 243 3095 445 3106">
     <span class='ocr_line' id='line_1_34' title="bbox 243 3095 445 3106; baseline 0 -2"><span class='ocrx_word' id='word_1_298' title='bbox 243 3095 445 3106; x_wconf 81' lang='lat'>-—.-—.</span> 
     </span>
    </p>
   </div>
   <div class='ocr_carea' id='block_1_5' title="bbox 240 3142 1205 3494">
    <p class='ocr_par' dir='ltr' id='par_1_5' title="bbox 240 3142 1205 3494">
     <span class='ocr_line' id='line_1_35' title="bbox 315 3142 1205 3212; baseline 0.003 -18"><span class='ocrx_word' id='word_1_299' title='bbox 315 3142 336 3212; x_wconf 90' lang='lat'>¹)</span> <span class='ocrx_word' id='word_1_300' title='bbox 351 3146 406 3210; x_wconf 94' lang='lat' dir='ltr'>quid</span> <span class='ocrx_word' id='word_1_301' title='bbox 421 3147 441 3195; x_wconf 93' lang='lat' dir='ltr'>si</span> <span class='ocrx_word' id='word_1_302' title='bbox 456 3147 480 3194; x_wconf 88' lang='lat' dir='ltr'><em>A</em></span> <span class='ocrx_word' id='word_1_303' title='bbox 494 3147 556 3210; x_wconf 89' lang='lat' dir='ltr'>quisi</span> <span class='ocrx_word' id='word_1_304' title='bbox 569 3145 596 3194; x_wconf 90' lang='lat' dir='ltr'><em>B</em></span> <span class='ocrx_word' id='word_1_305' title='bbox 607 3147 674 3210; x_wconf 89' lang='lat' dir='ltr'>quasi</span> <span class='ocrx_word' id='word_1_306' title='bbox 688 3147 727 3196; x_wconf 87' lang='lat' dir='ltr'>ed.</span> <span class='ocrx_word' id='word_1_307' title='bbox 739 3147 877 3204; x_wconf 24' lang='lat' dir='ltr'>Vlomisso</span> <span class='ocrx_word' id='word_1_308' title='bbox 891 3148 917 3196; x_wconf 88' lang='lat' dir='ltr'>in</span> <span class='ocrx_word' id='word_1_309' title='bbox 926 3149 978 3210; x_wconf 83' lang='lat' dir='ltr'>fine</span> <span class='ocrx_word' id='word_1_310' title='bbox 988 3147 1205 3212; x_wconf 65' lang='lat' dir='ltr'>interrogationis</span> 
     </span>
     <span class='ocr_line' id='line_1_36' title="bbox 240 3213 1204 3282; baseline -0.001 -16"><span class='ocrx_word' id='word_1_311' title='bbox 240 3218 323 3282; x_wconf 65' lang='lat' dir='ltr'>aigyna.</span> <span class='ocrx_word' id='word_1_312' title='bbox 344 3217 428 3280; x_wconf 90' lang='lat' dir='ltr'>quodsi</span> <span class='ocrx_word' id='word_1_313' title='bbox 447 3217 505 3266; x_wconf 87' lang='lat' dir='ltr'>edd.</span> <span class='ocrx_word' id='word_1_314' title='bbox 520 3232 554 3266; x_wconf 76' lang='lat' dir='ltr'>ecc</span> <span class='ocrx_word' id='word_1_315' title='bbox 569 3217 600 3269; x_wconf 86' lang='lat' dir='ltr'>R.</span> <span class='ocrx_word' id='word_1_316' title='bbox 615 3216 740 3281; x_wconf 80' lang='lat' dir='ltr'>Stephani</span> <span class='ocrx_word' id='word_1_317' title='bbox 754 3219 786 3280; x_wconf 66' lang='grc' dir='ltr'>φ’.</span> <span class='ocrx_word' id='word_1_318' title='bbox 823 3213 843 3282; x_wconf 76' lang='lat'>²)</span> <span class='ocrx_word' id='word_1_319' title='bbox 859 3217 981 3268; x_wconf 80' lang='lat' dir='ltr'>Fortasse</span> <span class='ocrx_word' id='word_1_320' title='bbox 999 3219 1100 3267; x_wconf 74' lang='lat' dir='ltr'>cncidit</span> <span class='ocrx_word' id='word_1_321' title='bbox 1114 3217 1152 3266; x_wconf 89' lang='lat' dir='ltr'>cui</span> <span class='ocrx_word' id='word_1_322' title='bbox 1165 3224 1204 3266; x_wconf 85' lang='lat' dir='ltr'>est</span> 
     </span>
     <span class='ocr_line' id='line_1_37' title="bbox 242 3283 1203 3354; baseline -0.002 -18"><span class='ocrx_word' id='word_1_323' title='bbox 242 3285 372 3353; x_wconf 66' lang='lat' dir='ltr'>lagadun).</span> <span class='ocrx_word' id='word_1_324' title='bbox 407 3283 427 3352; x_wconf 71' lang='grc'>8)</span> <span class='ocrx_word' id='word_1_325' title='bbox 445 3287 590 3351; x_wconf 85' lang='lat' dir='ltr'>relinquatur</span> <span class='ocrx_word' id='word_1_326' title='bbox 604 3301 651 3354; x_wconf 79' lang='lat' dir='ltr'>sup</span> <span class='ocrx_word' id='word_1_327' title='bbox 666 3287 775 3336; x_wconf 89' lang='lat' dir='ltr'>dicebant</span> <span class='ocrx_word' id='word_1_328' title='bbox 789 3288 900 3352; x_wconf 89' lang='lat' dir='ltr'>quicquid</span> <span class='ocrx_word' id='word_1_329' title='bbox 915 3287 980 3353; x_wconf 91' lang='lat' dir='ltr'>(quic</span> <span class='ocrx_word' id='word_1_330' title='bbox 993 3287 1028 3353; x_wconf 90' lang='lat' dir='ltr'>B)</span> <span class='ocrx_word' id='word_1_331' title='bbox 1043 3287 1163 3352; x_wconf 87' lang='lat' dir='ltr'>coepisset</span> <span class='ocrx_word' id='word_1_332' title='bbox 1176 3286 1203 3335; x_wconf 93' lang='lat' dir='ltr'>A</span> 
     </span>
     <span class='ocr_line' id='line_1_38' title="bbox 241 3356 1203 3425; baseline 0 -19"><span class='ocrx_word' id='word_1_333' title='bbox 241 3357 267 3406; x_wconf 88' lang='grc' dir='ltr'><em>Β</em></span> <span class='ocrx_word' id='word_1_334' title='bbox 278 3359 430 3422; x_wconf 86' lang='lat' dir='ltr'>relinquatur,</span> <span class='ocrx_word' id='word_1_335' title='bbox 450 3373 521 3421; x_wconf 87' lang='lat' dir='ltr'>super</span> <span class='ocrx_word' id='word_1_336' title='bbox 536 3359 645 3406; x_wconf 88' lang='lat' dir='ltr'>dicebant</span> <span class='ocrx_word' id='word_1_337' title='bbox 659 3358 771 3421; x_wconf 88' lang='lat' dir='ltr'>quicquid</span> <span class='ocrx_word' id='word_1_338' title='bbox 783 3359 886 3422; x_wconf 90' lang='lat' dir='ltr'>cepisset</span> <span class='ocrx_word' id='word_1_339' title='bbox 903 3359 959 3408; x_wconf 88' lang='lat' dir='ltr'>edd.</span> <span class='ocrx_word' id='word_1_340' title='bbox 993 3356 1016 3425; x_wconf 79' lang='lat'>⁴)</span> <span class='ocrx_word' id='word_1_341' title='bbox 1035 3359 1163 3407; x_wconf 86' lang='lat' dir='ltr'>liberantur</span> <span class='ocrx_word' id='word_1_342' title='bbox 1177 3357 1203 3406; x_wconf 92' lang='lat' dir='ltr'>A</span> 
     </span>
     <span class='ocr_line' id='line_1_39' title="bbox 241 3417 1205 3494; baseline 0 -18"><span class='ocrx_word' id='word_1_343' title='bbox 241 3427 335 3478; x_wconf 85' lang='lat' dir='ltr'>Bedd.</span> <span class='ocrx_word' id='word_1_344' title='bbox 361 3426 383 3493; x_wconf 65' lang='grc' dir='ltr'>ὁ)</span> <span class='ocrx_word' id='word_1_345' title='bbox 398 3427 540 3478; x_wconf 85' lang='lat' dir='ltr'>etABed.</span> <span class='ocrx_word' id='word_1_346' title='bbox 562 3428 592 3477; x_wconf 88' lang='lat' dir='ltr'>V.</span> <span class='ocrx_word' id='word_1_347' title='bbox 618 3425 861 3494; x_wconf 75' lang='lat' dir='ltr'>⁶)Adaententiam</span> <span class='ocrx_word' id='word_1_348' title='bbox 875 3417 1205 3492; x_wconf 69' lang='lat' dir='ltr'>explendamaddidi.&#39;Ad</span> 
     </span>
    </p>
   </div>
   <div class='ocr_carea' id='block_1_6' title="bbox 241 3499 1203 3635">
    <p class='ocr_par' dir='ltr' id='par_1_6' title="bbox 241 3499 1203 3635">
     <span class='ocr_line' id='line_1_40' title="bbox 241 3499 1203 3563; baseline -0.001 -16"><span class='ocrx_word' id='word_1_349' title='bbox 241 3515 279 3557; x_wconf 87' lang='lat' dir='ltr'>ea,</span> <span class='ocrx_word' id='word_1_350' title='bbox 295 3514 360 3562; x_wconf 81' lang='lat' dir='ltr'>qaae</span> <span class='ocrx_word' id='word_1_351' title='bbox 369 3505 430 3562; x_wconf 81' lang='lat' dir='ltr'>post</span> <span class='ocrx_word' id='word_1_352' title='bbox 444 3502 562 3549; x_wconf 86' lang='lat' dir='ltr'>lacunam</span> <span class='ocrx_word' id='word_1_353' title='bbox 575 3505 725 3562; x_wconf 84' lang='lat' dir='ltr'>sequnntur,</span> <span class='ocrx_word' id='word_1_354' title='bbox 744 3499 779 3561; x_wconf 82' lang='lat' dir='ltr'>cf.</span> <span class='ocrx_word' id='word_1_355' title='bbox 796 3499 930 3548; x_wconf 80' lang='lat' dir='ltr'>Plutarch.</span> <span class='ocrx_word' id='word_1_356' title='bbox 946 3515 987 3563; x_wconf 84' lang='lat' dir='ltr'>qu.</span> <span class='ocrx_word' id='word_1_357' title='bbox 1004 3499 1075 3549; x_wconf 86' lang='lat' dir='ltr'>Rom.</span> <span class='ocrx_word' id='word_1_358' title='bbox 1090 3510 1117 3549; x_wconf 77' lang='lat'>84</span> <span class='ocrx_word' id='word_1_359' title='bbox 1130 3505 1155 3548; x_wconf 85' lang='lat' dir='ltr'>et</span> <span class='ocrx_word' id='word_1_360' title='bbox 1168 3509 1203 3549; x_wconf 81' lang='lat'>19.</span> 
     </span>
     <span class='ocr_line' id='line_1_41' title="bbox 243 3565 1050 3635; baseline 0.002 -19"><span class='ocrx_word' id='word_1_361' title='bbox 243 3566 264 3634; x_wconf 77' lang='lat'>⁷)</span> <span class='ocrx_word' id='word_1_362' title='bbox 278 3569 386 3618; x_wconf 83' lang='lat' dir='ltr'>Addidi.</span> <span class='ocrx_word' id='word_1_363' title='bbox 417 3567 438 3635; x_wconf 76' lang='lat'>⁸)</span> <span class='ocrx_word' id='word_1_364' title='bbox 454 3569 560 3618; x_wconf 82' lang='lat' dir='ltr'>conferre</span> <span class='ocrx_word' id='word_1_365' title='bbox 574 3567 599 3615; x_wconf 92' lang='lat' dir='ltr'><em>B</em></span> <span class='ocrx_word' id='word_1_366' title='bbox 611 3569 650 3616; x_wconf 85' lang='lat' dir='ltr'>ed.</span> <span class='ocrx_word' id='word_1_367' title='bbox 671 3568 701 3617; x_wconf 90' lang='lat' dir='ltr'>V.</span> <span class='ocrx_word' id='word_1_368' title='bbox 717 3569 828 3620; x_wconf 70' lang='lat' dir='ltr'>cortsslere</span> <span class='ocrx_word' id='word_1_369' title='bbox 843 3569 875 3617; x_wconf 89' lang='lat' dir='ltr'>A.</span> <span class='ocrx_word' id='word_1_370' title='bbox 906 3565 928 3635; x_wconf 71' lang='grc'>9)</span> <span class='ocrx_word' id='word_1_371' title='bbox 942 3569 1050 3618; x_wconf 87' lang='lat' dir='ltr'>Addidi.</span> 
     </span>
    </p>
   </div>
   <div class='ocr_carea' id='block_1_7' title="bbox 0 0 1341 4112">
    <p class='ocr_par' dir='ltr' id='par_1_7' title="bbox 0 0 1341 4112">
     <span class='ocr_line' id='line_1_42' title="bbox 0 0 1341 4112; baseline 0 0"><span class='ocrx_word' id='word_1_372' title='bbox 0 0 1341 4112; x_wconf 95' lang='lat' dir='ltr'> </span> 
     </span>
    </p>
   </div>
  </div>
 </body>
</html>
