2692 4114
275 213 339 280 514
563 228 630 265 rvnu
648 227 741 264 ervum
760 227 831 263 seur.
849 208 896 262 IV.
916 215 940 264 5.

275 367 375 415 stratus
390 349 583 431 municipales¹
600 372 632 412 er
647 357 808 413 auctoritate
823 356 963 430 praesidis,
978 355 1226 415 fideicommissario
1240 375 1303 424 [aaa]

275 442 441 518 postulante,
465 440 643 498 hereditatem
666 441 738 496 adire
760 449 788 496 et
809 441 955 498 restituere
977 441 1159 514 compellitur.
1195 439 1226 500 3.

275 521 566 582 ²l'ideicommissarius
587 525 611 580 ei
632 522 760 594 affirmet,
783 524 908 580 heredem
930 523 1003 582 nolle
1025 524 1098 580 adire
1120 525 1228 582 beredi-
1336 565 1337 568 η

275 617 368 680 tatem,
384 609 494 666 absente
510 625 543 665 eo
559 609 694 680 interponi
709 607 847 664 decretum
863 617 890 664 et
905 609 932 664 in
943 609 1143 683 possessionem
1155 611 1227 668 mitti

274 695 332 752 lure
348 692 491 750 desiderat.
527 688 556 752 4.
581 683 756 765 ³Suspeetam
778 691 954 750 hereditatem
977 691 1049 750 adire
1070 693 1227 766 compulsus
1336 751 1337 756 ,

275 779 363 834 omnia
378 793 410 833 er
426 775 594 832 Trebelliano
611 777 740 831 restituit.

466 928 530 970 rlr.
547 927 575 971 V.
606 927 648 966 DE
664 926 855 969 morr101ost
872 927 1025 976 Qvnnnnh.

337 1023 363 1082 1.
380 1021 561 1082 inofficiosum
577 1021 674 1078 dicitur
685 1029 884 1092 testamentum,
896 1020 989 1096 ’quod,
1002 1021 1103 1078 frustra
1114 1017 1227 1080 liberis⁴

274 1109 460 1179 exheredatis,
482 1123 537 1162 non
552 1121 585 1160 ex
601 1101 691 1162 oillcio
706 1106 814 1178 pietatis
835 1105 943 1160 uidetur
958 1121 1017 1162 esse
1032 1108 1226 1180 conscriptum.

272 1189 301 1252 2.
325 1188 408 1248 ⁵Post
423 1191 521 1248 iactum
537 1205 551 1244 a
566 1197 651 1245 matre
672 1197 862 1245 testamentum
886 1187 954 1244 filius
975 1198 1148 1262 procreatus,
1170 1208 1226 1246 non

273 1284 376 1334 mutata
392 1275 423 1332 ab
440 1290 478 1346 ea,
494 1289 555 1330 cum
570 1279 673 1346 posset,
688 1272 845 1342 uoluntate,
861 1271 893 1327 ad
909 1273 1058 1346 exemplum
1075 1275 1225 1346 praeteriti,

273 1358 417 1417 inofficiosi
432 1357 568 1431 querelam
583 1365 656 1413 recte
670 1357 796 1413 instituit.
833 1353 862 1413 8.
885 1351 1112 1428 ⁰Testamentum,
1126 1357 1154 1414 ln
1170 1375 1225 1432 quo

273 1447 420 1518 imperator
435 1442 552 1514 scriptus
572 1440 653 1496 heres
668 1449 726 1511 est,
742 1438 921 1496 inofficiosum
942 1441 1018 1513 argui
1032 1449 1142 1514 potest:
1164 1457 1225 1498 eum

274 1527 354 1588 enim,
370 1527 414 1600 qui
430 1525 505 1597 leges
522 1523 594 1595 lacit,
610 1524 667 1597 pari
683 1525 821 1580 maiestate
837 1523 942 1597 legibus
958 1523 1146 1598 obtemperare
1161 1542 1225 1583 con·

273 1612 358 1668 uenit.
395 1605 425 1666 4.
449 1601 517 1676 ⁷Qui
532 1603 712 1664 inofficiosum
728 1607 816 1664 dicere
828 1615 930 1682 potest,
942 1607 1116 1666 hereditatem
1131 1616 1225 1683 petere

274 1712 328 1752 non
343 1692 512 1768 prohibetur.
549 1687 577 1748 li.
602 1684 703 1747 ⁸rmus
718 1707 750 1747 er
769 1708 827 1748 asse
842 1692 921 1747 heres
936 1693 1077 1748 institutus
1091 1690 1225 1750 lnoificio·

273 1796 332 1836 sum
347 1778 438 1834 dicere
453 1793 507 1833 non
522 1783 628 1850 potest:
645 1792 695 1832 nee
709 1777 832 1845 interest,
848 1775 976 1832 exhausta
991 1791 1041 1832 nec
1055 1793 1089 1833 ne
1100 1777 1137 1832 sit
1148 1777 1226 1833 here·

273 1863 356 1930 ditas;
381 1878 441 1919 cum
463 1859 533 1936 apud
554 1877 615 1916 eum
631 1867 726 1934 quarta
745 1870 792 1915 aut
811 1860 879 1934 legis
896 1857 1026 1916 Falcidiae
1047 1869 1093 1916 aut
1113 1869 1225 1917 senatus

274 1946 391 2006 consulti
418 1945 559 2020 Pegasiani
585 1941 716 2000 beneficio
747 1944 782 1999 sit
815 1959 978 2003 remansura.
1033 1939 1062 2000 6.
1091 1936 1225 2012 ⁹Quartae

273 2031 407 2107 portionls
421 2030 511 2103 portio
521 2021 546 2061 ¹⁰
560 2027 668 2100 liberis,
684 2026 799 2083 deducto
815 2043 876 2084 aere
898 2027 985 2084 alieno
1001 2035 1029 2084 et
1051 2027 1153 2084 funeris
1177 2029 1225 2084 im·

272 2132 366 2190 pensa,
389 2111 551 2188 praestanda
573 2120 623 2183 est,
647 2119 677 2167 ut
692 2111 724 2167 ab
747 2110 890 2167 inofliciosi
914 2111 1024 2184 querela
1039 2111 1224 2168 excludantur.

272 2199 421 2256 Libertates
436 2213 546 2270 quoque
561 2212 619 2254 eam
635 2197 788 2269 portionem
808 2195 929 2252 minuere
949 2193 1046 2269 placet.
1090 2190 1118 2252 7.
1142 2194 1224 2252 lilius

272 2274 414 2340 ’iudicio¹¹
436 2281 519 2353 patris
539 2282 562 2336 si
582 2281 669 2336 minus
685 2288 781 2352 quarta
801 2280 927 2352 portione
943 2287 1107 2337 consecutus
1121 2280 1171 2351 sit,
1195 2288 1225 2336 ut

274 2375 368 2440 quarta
389 2364 439 2420 sibi
459 2381 473 2419 a
494 2361 672 2420 coheredibus
693 2362 821 2420 iratribus
842 2364 907 2420 citra
928 2360 1072 2420 inofliciosi
1088 2362 1224 2438 querclam

272 2450 431 2523 impleatur,
450 2449 509 2503 iure
530 2439 704 2504 desiderat¹²
744 2443 773 2504 8.
800 2439 919 2504 ¹³Pactio
941 2445 1018 2517 talis,
1038 2463 1072 2503 ne
1087 2447 1121 2503 de
1135 2444 1224 2503 inolli·

273 2535 347 2590 closo
364 2538 526 2587 testamento
541 2529 656 2602 dicatur,
672 2530 808 2604 querelam
823 2547 906 2604 super
920 2529 1019 2586 iudicio
1035 2529 1153 2587 futuram
1169 2548 1224 2586 non

274 2615 405 2673 excludit:
432 2614 535 2670 meritis
558 2615 627 2669 enim
655 2613 755 2670 liberos
778 2613 863 2688 magis
886 2630 965 2688 quam
990 2613 1158 2686 pactionibus
1180 2614 1224 2671 ad·
1236 2623 1294 2674 [⁴1⁹]

274 2729 485 2742 ————-

347 2779 366 2848 l)
382 2782 420 2845 Of.
435 2781 467 2830 L.
483 2795 502 2832 ι.
513 2794 534 2832 c.
553 2783 593 2844 ἐξ.
608 2794 628 2834 e.
643 2794 664 2834 4.
678 2794 698 2835 o.
720 2783 753 2831 D.
768 2783 800 2831 de
813 2782 898 2831 damn.
909 2782 957 2846 inf.
968 2780 1013 2844 (oe,
1023 2779 1054 2847 a).
1070 2782 1102 2832 L.
1116 2795 1150 2835 re.
1165 2785 1223 2846 §.a

272 2855 305 2904 D.
320 2853 352 2903 de
367 2853 432 2902 adm.
447 2859 472 2902 et
481 2868 539 2916 per.
556 2854 599 2918 (no,
614 2852 645 2919 t).
698 2849 981 2918 ¹)OfiL.opr.o·tpr.
1001 2851 1224 2903 baalsamen.

272 2923 370 3044 (so,b1),·
383 2938 464 2987 supra
477 2935 499 2981 r,
514 2937 534 2974 1.
549 2925 572 2985 5.
588 2935 621 2974 m.
678 2919 925 2988 bononienses.
944 2922 1060 2974 baeu
1080 2923 1223 2974 manso.

276 2995 348 3044 d're.
374 3005 408 3054 sd,
424 3007 453 3044 1.

346 2993 394 3114 dgit.
418 2993 449 3114 V).
491 3061 513 3130 ⁴)
532 3065 595 3130 qnod
614 3066 714 3122 irustra,
733 3063 815 3114 liberis
834 3064 891 3114 edd.
966 3061 986 3129 ⁶)
1003 3063 1041 3127 Cf.
1056 3063 1088 3113 L.
1103 3075 1124 3115 e.
1151 3063 1176 3114 0.
1192 3065 1225 3114 de

272 3136 345 3200 inoff.
361 3142 415 3186 test.
432 3135 463 3201 (o,
474 3133 519 3201 28).
570 3131 591 3200 ο)
612 3134 650 3197 Of.
664 3134 697 3183 J..
707 3145 727 3186 e.
743 3136 766 3196 ξ.
777 3145 797 3184 a.
807 3134 840 3186 D.
850 3135 882 3184 de
896 3133 968 3197 inoff.
984 3141 1039 3184 test.
1054 3132 1087 3199 (o,
1096 3133 1128 3198 a).
1143 3135 1167 3196 θ.
1179 3137 1224 3184 ult.

271 3206 294 3256 Ι.
310 3206 377 3272 quib.
391 3208 456 3257 mod.
471 3212 526 3256 teat.
541 3203 577 3269 (s,
595 3202 639 3270 tt).
663 3204 696 3253 L.
711 3215 744 3256 ss.
768 3205 800 3256 D.
815 3205 848 3254 de
861 3207 909 3270 lep.
924 3215 945 3256 a.
964 3231 1000 3242 -
1017 3202 1085 3253 Suet.
1101 3203 1169 3268 Aug.
1188 3215 1223 3256 oo.

276 3277 356 3329 Tacit.
372 3278 463 3343 Apric.
478 3288 512 3328 eo.
531 3274 665 3340 Spartica.
680 3274 766 3324 Hadr.
781 3287 815 3327 1⁸.
867 3272 888 3341 7)
904 3274 942 3338 Os.
957 3275 990 3326 L.
1006 3287 1026 3326 s.
1041 3275 1064 3336 ξ.
1076 3284 1109 3324 12.
1126 3273 1159 3322 D.
1170 3274 1194 3324 lt.
1206 3282 1224 3323 t.

271 3345 572 3411 J..1r.0.eou.(o,ee).
638 3342 659 3410 ⁸)
676 3345 713 3408 Os.
729 3345 795 3397 Ine.
815 3348 873 3408 §.o
898 3345 969 3396 nt.
985 3352 1002 3395 t.
1023 3345 1092 3394 Ptin.
1108 3355 1188 3408 epe,
1204 3359 1224 3395 1.

273 3416 350 3485 ⁰)Gl.
365 3419 397 3468 L.
411 3430 431 3470 a.
452 3419 475 3478 §-
491 3427 511 3468 e.
535 3416 567 3466 D.
582 3416 606 3464 Ιι.
622 3422 639 3464 t.
714 3411 746 3481 ¹⁰)
763 3416 801 3480 Cf.
816 3418 839 3478 §-
855 3418 900 3465 ult.
918 3417 963 3480 pin.
988 3415 1061 3465 Lde
1081 3416 1153 3480 inoff.
1169 3422 1224 3466 teat.

273 3488 304 3554 (e,
315 3488 359 3554 18).
400 3485 432 3553 ¹¹)
448 3488 472 3536 in
487 3487 574 3536 iudicio
589 3486 646 3536 edd.
662 3487 811 3538 exunoOd.
865 3483 897 3550 ¹²)
914 3486 972 3536 Nisi
987 3489 1116 3550 querelam
1127 3501 1226 3537 monere

272 3561 351 3607 matie.
372 3558 403 3607 h.
418 3569 439 3607 a.
461 3555 505 3605 Gr.
523 3557 548 3606 G.
563 3557 587 3605 h.
603 3563 620 3606 t.
636 3555 667 3621 (a,
677 3557 708 3623 a).
761 3553 794 3624 18)
811 3557 849 3620 Cf.
865 3556 896 3605 J..
908 3567 941 3608 oo.
957 3558 981 3618 §-
997 3570 1017 3608 ι.
1035 3557 1059 3607 0.
1075 3557 1099 3606 h.
1111 3564 1127 3606 t.
1139 3555 1170 3621 (e,
1180 3556 1225 3624 aa).
