2696 4120
427 251 486 288 aru
504 251 602 287 rnsnnn.
622 232 670 288 IV.
689 239 798 291 62-64.
1034 237 1099 303 369

131 398 204 453 bono
220 393 405 464 aestimandi,
426 399 564 466 quantum
580 397 676 449 actori
693 398 808 451 restitui
822 401 970 468 oporteat,
990 397 1047 453 irae
1067 401 1098 454 iu

132 481 340 554 potestateeius
350 471 359 511 ¹
370 468 374 550 Ι
384 479 549 550 continetur,
557 486 587 534 ut
599 476 689 537 habita
701 480 804 536 ratione
813 481 882 554 eius,
895 480 968 554 qnod
981 481 1096 538 inuicem
1109 479 1168 534 21².

131 574 251 620 actorem
267 579 300 618 ex
316 561 409 619 endem
422 578 501 618 causa
517 570 654 637 praestare
665 561 826 638 'oporteret,
838 565 865 619 in
877 565 1011 640 reliquum
1024 582 1097 639 eum,
1110 546 1128 584 ⁸·
1141 555 1161 586 ι

131 665 193 705 cum
209 664 265 721 quo
285 655 373 704 actum
391 653 444 718 est,
461 646 639 703 condemnare
656 639 813 728 (debeat).²
853 643 902 706 62.
921 649 990 706 Sunt
1008 658 1098 706 autem

132 733 220 789 bonae
234 722 303 788 ‘fidei
324 730 421 788 iudicia
437 724 554 807 (ueluti)
569 731 648 788 haec:
670 751 702 790 ex
723 740 830 808 empto,
852 733 975 806 uendite,
996 733 1098 806 locato,

133 816 286 888 conducto,
308 817 483 890 negotiorum
499 823 656 891 gestorum,
679 817 812 888 mandati,
828 816 960 892 depositi,
976 816 1098 892 fiduciae,

133 919 183 975 pro
204 903 295 972 socio,
316 900 432 966 tutelae,
454 905 499 958 rei
517 893 668 958 uxoriae.³
710 898 760 960 68.
781 901 904 958 Liberum
928 911 971 958 est
987 910 992 972 1
1009 910 1099 960 tamen

133 985 214 1043 iudici
235 985 336 1041 nullam
358 985 467 1042 omniuo
489 980 624 1042 inuiccm⁴
645 987 873 1062 compensationis
895 988 1027 1042 rationem
1054 988 1098 1043 ha·

132 1063 233 1140 here;⁴
258 1086 309 1126 nec
332 1070 403 1125 enim
430 1063 545 1145 aperte⁵
569 1069 703 1128 formulae
725 1069 818 1127 uerbis
841 1071 1021 1146 praecipitur3
1050 1070 1098 1126 sed

132 1156 198 1228 quia
220 1155 247 1210 id
267 1154 355 1211 bonae
375 1151 437 1211 fidei
462 1153 562 1211 iudicio
585 1158 750 1212 conueniens
773 1155 898 1226 uidetur,
921 1155 983 1213 ideo
1007 1153 1097 1212 officio

132 1241 192 1295 eius
216 1239 349 1296 contineri
371 1238 501 1296 creditur.
545 1233 594 1298 64.
619 1240 677 1296 Alia
699 1257 777 1297 causa
799 1248 841 1296 est
869 1239 942 1296 illius
971 1241 1095 1303 actionis,

132 1340 188 1397 qua
217 1321 387 1397 argentarius
418 1324 572 1398 experitur:
607 1341 667 1381 nam
697 1326 720 1381 is
749 1325 859 1398 cogitur
888 1341 949 1382 cum
978 1341 1099 1399 conpen-

133 1409 241 1463 satione
260 1423 353 1482 agere,
373 1415 400 1464 ct
420 1425 451 1464 ea
466 1410 643 1482 conpensatio
664 1408 754 1466 uerbis
776 1408 909 1466 iormulae
929 1410 1098 1483 exprimitur,

133 1491 204 1549 adeo
220 1491 342 1566 quidem,
365 1501 395 1549 ut
409 1487 522 1551 statim⁰
537 1493 569 1550 ab
585 1495 662 1551 initio
679 1496 892 1569 conpensatione
913 1493 982 1551 iacta
1007 1495 1098 1550 minus

132 1576 256 1633 intendat
275 1575 326 1632 sibi
347 1577 405 1635 dari
425 1588 569 1653 oportere:
592 1595 655 1636 ecce
677 1581 747 1636 enim
768 1579 791 1634 si
812 1582 975 1636 sestertium
990 1597 1010 1635 x
1025 1578 1099 1634 milia

131 1661 229 1718 debeat
250 1662 331 1734 Titio,
354 1671 435 1737 atque
456 1664 481 1719 ei
494 1680 537 1722 xx
551 1662 710 1734 debeantur,
732 1664 772 1720 sic
791 1663 922 1719 intendit:
947 1678 977 1719 s1
996 1679 1100 1719 saner

133 1764 246 1806 utervis
261 1761 325 1804 SIBI
340 1765 361 1803 x
376 1763 466 1805 urere
480 1762 564 1804 nene
581 1763 746 1805 oronnnnn
768 1763 902 1805 nuperus
927 1761 1014 1812 oven
1029 1760 1099 1802 11³sn
1167 1749 1169 1754 ’

206 1868 227 1937 ¹)
237 1887 290 1936 pro
304 1884 323 1924 s
335 1884 354 1924 s
367 1883 385 1924 2
398 1883 417 1923 t
432 1871 467 1929 0.,
482 1878 510 1920 at
524 1873 632 1934 opinor:
650 1877 739 1935 potest.
766 1869 820 1920 Sed
832 1881 948 1933 periers
967 1865 1014 1917 W
1031 1869 1101 1932 quod

132 1958 203 1992 uuna
219 1941 271 2008 (ed.
290 1941 314 2008 4)
329 1950 396 2007 puto
411 1943 495 2006 fuisse
514 1943 616 2006 poteius.
687 1937 709 2008 ¹)
723 1942 763 1990 De
781 1940 937 1990 anacolutIto
956 1939 990 2003 es.
1010 1951 1036 2004 2,
1051 1951 1098 1990 reo.

134 2013 205 2078 quod
222 2020 304 2063 tamen
319 2013 431 2064 librario
445 2019 543 2063 tantum
562 2013 605 2064 hic
619 2014 730 2063 inarime
749 2013 883 2062 temulento
904 2012 1032 2074 imputare
1047 2025 1098 2060 uon

134 2083 251 2134 dubitaui
264 2085 384 2135 addendo
399 2085 492 2134 debeat.
560 2081 581 2150 ⁸)
591 2084 743 2148 Difficultas
752 2083 871 2132 lectionis
885 2083 997 2131 uertitur
1007 2082 1034 2129 ia
1046 2083 1100 2144 fine

133 2172 173 2207 oo,
189 2165 209 2206 2.
224 2162 249 2205 et
261 2168 296 2218 2.,
315 2157 343 2204 in
362 2155 454 2220 quibus
468 2163 554 2206 uotum
567 2162 606 2205 est
622 2155 760 2205 librarium
773 2154 866 2203 seriem
884 2153 1015 2202 actionum
1030 2158 1100 2201 certe

133 2227 194 2276 inde
208 2243 225 2276 a
242 2223 245 2294 i
262 2226 367 2276 mandati
378 2224 435 2292 (aa
452 2224 455 2294 Ι
472 2227 530 2289 dati,
540 2234 677 2291 postquam
687 2227 715 2274 ia
726 2227 779 2289 fiae
789 2241 812 2274 u.
822 2235 843 2277 2.
854 2237 946 2273 errore
956 2237 988 2285 m,
1003 2224 1056 2286 ipsi
1065 2244 1099 2265 =

134 2312 187 2346 man
205 2295 362 2363 scripserat)
381 2312 460 2362 usque
481 2298 517 2347 ad
534 2298 621 2347 tutelae
636 2313 687 2362 per
703 2311 820 2347 errorem
836 2295 875 2344 bis
888 2293 1035 2358 scripsisse.
1054 2294 1102 2343 sed

133 2376 159 2418 et
172 2367 230 2435 r(ei)
245 2367 374 2434 u(xari)ae‚
390 2375 450 2418 uota
465 2367 591 2428 aduitae,
606 2369 648 2432 (de
662 2384 714 2433 qua
728 2368 780 2420 uid.
794 2367 831 2416 ad
846 2378 867 2429 ι,
883 2377 930 2417 122.
945 2363 1046 2430 notata)
1060 2380 1099 2414 se·

134 2446 221 2488 cutum
236 2440 321 2502 fuisse
339 2447 364 2488 et
379 2441 456 2503 finem
471 2440 568 2504 fecisse
586 2440 679 2489 aarum
697 2442 828 2490 actionum
846 2452 881 2487 erc
900 2439 933 2500 ej.
955 2451 1024 2496 mea,
1043 2452 1100 2486 curn

134 2509 229 2558 deinde
248 2517 370 2580 aequatur
383 2511 485 2560 liuerum
504 2507 591 2578 sitm,
610 2512 732 2574 firmatur
749 2508 840 2573 Suppt.
856 2507 893 2559 St.
909 2524 938 2572 p.
959 2506 1100 2556 XXXIII.

140 2577 227 2639 Quare
235 2595 303 2629 uuna
311 2584 426 2645 expulso,
437 2582 506 2646 quod
515 2582 755 2631 deindesecundum
768 2576 982 2630 Veiconteceram
990 2579 1043 2627 alia.
1057 2581 1100 2630 63.

135 2650 321 2714 Verumtamen,
334 2660 466 2704 artesae
476 2659 538 2715 post
547 2653 635 2701 iudicia
649 2652 796 2702 addendum
806 2657 863 2700 erat
874 2645 1013 2716 ‘(uelutt)'.
1035 2648 1101 2698 Nam

135 2737 194 2771 eum
208 2721 265 2771 edd.
281 2724 356 2772 etiam
370 2721 423 2774 Kr.
439 2734 459 2774 2.
474 2739 509 2773 ecc
523 2725 545 2785 §-
562 2735 596 2775 22.
612 2723 634 2772 1.
649 2723 681 2773 de
695 2729 746 2773 aet.
762 2721 794 2787 (t,
809 2719 832 2789 c)
846 2727 924 2771 totum
942 2722 1013 2770 illum
1028 2726 1101 2769 cata·

135 2794 221 2858 iopam
231 2792 253 2842 b.
261 2793 284 2856 s.
294 2795 425 2844 actionum
435 2795 531 2859 (multis
542 2802 625 2844 tamen
636 2793 672 2843 tte·
681 2795 760 2843 dietis
770 2791 893 2856 omissis),
903 2806 978 2856 qaam
986 2790 1101 2849 aliunde,

135 2863 180 2912 ubi
193 2863 319 2930 agebatur
333 2865 365 2914 de
379 2867 467 2914 stricti
485 2867 553 2915 iuris
572 2872 596 2914 et
614 2865 671 2930 Ins.
687 2865 817 2914 aetianam
835 2863 1000 2926 differentia,
1021 2860 1101 2910 Iusti-

135 2936 241 2984 niauanr
254 2937 376 2985 sumsisse
391 2943 499 2994 constat,
514 2943 539 2985 et
549 2951 601 3000 pro
613 2935 715 2985 Gaiano
725 2937 801 2985 etiam
815 2941 909 2984 eontra
921 2933 947 2982 0.
957 2932 1102 2991 venditare,

136 3007 326 3071 relipionifait
340 3013 364 3055 et
379 3007 538 3057 nuncetiam
551 3009 634 3072 mapis
648 3014 693 3056 est.
759 3002 780 3071 ⁴)
796 3004 841 3054 Ex
860 2999 905 3054 W
919 3011 944 3053 et
956 3002 1047 3067 Suppl.
1062 3001 1100 3052 St.

131 3091 160 3140 p.
179 3075 321 3128 XXXIII.
346 3076 462 3127 Maccime
477 3092 538 3127 uero
552 3077 600 3128 Itoa
615 3079 683 3127 ualet
693 3079 720 3126 ire
730 3077 893 3135 aduersario,
908 3076 954 3140 qai
967 3074 1037 3140 quod
1050 3075 1103 3138 ipsi

135 3147 254 3207 debetur,
268 3162 318 3198 sua
334 3150 437 3198 actione
452 3149 576 3213 persequi
589 3155 690 3212 potest:
708 3163 759 3212 qua
777 3149 880 3197 ratione
897 3146 978 3196 Gaius
994 3160 1029 3194 ea
1042 3144 1101 3207 of.

135 3218 283 3268 actionibus
303 3233 348 3268 eas
364 3220 533 3284 praeposuit,
555 3220 582 3268 in
602 3218 694 3284 quibus
711 3225 735 3267 et
754 3219 904 3280 contrariae
923 3217 963 3266 uel
981 3216 1046 3265 adeo
1061 3215 1102 3263 di-

136 3296 223 3338 rectae
237 3295 306 3347 suat,
321 3295 346 3339 et
355 3291 382 3339 in
397 3293 439 3340 rei
448 3291 559 3340 uacarios
574 3292 683 3348 actione,
699 3305 763 3354 quae
777 3305 809 3338 ue
824 3287 986 3339 contrariam
1001 3285 1103 3348 quidem

137 3359 225 3420 habet,
236 3362 315 3424 finem
325 3360 399 3424 feeit.
465 3359 487 3429 ⁵)
501 3361 566 3411 Item
579 3377 614 3412 esa
627 3360 719 3425 Suppl.
733 3359 769 3411 St.
784 3363 801 3408 t.
817 3375 839 3410 a.
904 3354 926 3422 ⁰)
942 3355 986 3404 Ea
1005 3349 1059 3416 W,
1074 3355 1102 3402 ia

135 3446 184 3494 quo
199 3439 283 3480 tamen
293 3447 346 3494 pro
361 3433 442 3482 stetim
456 3440 494 3483 est
508 3434 588 3500 itaque
603 3435 650 3482 uia
664 3439 734 3482 recte
748 3433 848 3480 tectum.

207 3534 233 3606 ἦ.
250 3541 292 3590 62.
315 3539 354 3604 Of.
369 3540 393 3600 §-
408 3551 442 3590 22.
462 3539 532 3589 Lib.
549 3539 601 3589 ute.
618 3541 633 3590 l.
648 3556 671 3590 c.
695 3538 755 3602 Tap.
771 3548 804 3588 tt.
820 3537 843 3598 ξ.
858 3545 892 3586 66.
913 3534 944 3583 de
961 3539 1014 3582 reat.
1029 3531 1104 3580 deor.

134 3619 157 3672 2,
171 3619 206 3660 uu.
226 3611 250 3671 §-
265 3621 299 3662 tt.
319 3611 351 3660 L.
367 3621 393 3662 28
402 3625 447 3674 pr.
466 3610 499 3660 D.
510 3626 562 3674 pro
577 3626 630 3661 soc.
647 3613 695 3674 (it,
711 3607 742 3674 2).

187 3711 286 3745 mars.
299 3713 378 3745 urar.
391 3714 443 3745 am
459 3714 497 3746 sn.
511 3713 533 3745 v.
868 3693 901 3742 24
