2672 4112
502 245 705 296 PRAEFATIO.
1001 249 1003 254 '
1032 247 1083 296 v11

126 396 228 461 Paulli
257 396 445 462 Sententiae
478 396 512 460 in
540 396 808 479 Consultatione,)
838 401 870 463 et
898 399 1014 462 recessi
1043 398 1084 463 ab

126 502 173 562 eo,
197 480 254 544 ubi
274 482 376 544 maior
398 480 551 564 quaedam
571 481 693 546 utilitas
707 482 740 546 id
755 481 917 563 suadebat,
941 481 1028 546 velut
1049 483 1084 546 in

126 564 199 628 Gaii
213 564 488 628 institutionibus.
512 563 602 628 Intra
617 586 670 629 eos
685 568 801 647 autem,
818 587 896 649 quos
912 565 987 647 dixi,
1004 565 1083 630 fines

126 649 222 711 etiam
238 649 347 711 omnia
363 648 477 713 veteris
493 648 759 731 iurisprudentiae
774 652 991 731 monumenta,
1003 669 1083 732 quae

127 734 262 795 aetatem
290 731 453 814 tulerunt,
476 733 599 814 corpori
620 735 730 797 nostro
752 733 942 797 vindicanda
963 734 1082 816 putavi.

126 813 236 897 Neque
265 815 386 898 igitur,
412 817 449 878 ut
477 818 572 878 antea
600 816 640 879 ab
667 817 813 880 omnibus
840 816 995 881 eiusmodi
1022 815 1084 880 col·

126 897 300 962 lectionum
329 898 593 981 compositoribus
623 899 679 964 sed
707 900 776 964 sine
804 901 888 964 iusta
917 921 1029 984 eausa,
1056 901 1084 964 si

126 981 203 1064 quid
225 981 329 1063 video,
351 982 534 1046 factitatum
557 985 615 1065 est,
638 983 678 1047 ad
700 1004 752 1048 eos
768 987 892 1048 tantum
908 982 1012 1066 wios,
1030 985 1084 1066 qui

126 1068 201 1147 post
214 1063 416 1129 Hadrianum
432 1066 589 1148 vixerunt,
617 1067 757 1130 animum
772 1067 903 1148 adverti,
919 1067 973 1130 sed
989 1067 1084 1132 etiam

127 1169 165 1210 ex
188 1149 368 1230 antiquiore
391 1149 639 1233 iurisprudentia
661 1150 688 1213 si
711 1150 785 1233 quid
807 1151 842 1214 in
865 1150 935 1213 aliis
951 1151 1084 1234 scripto-

126 1232 216 1294 ribus
231 1235 391 1314 superstes
406 1235 465 1316 est,
480 1233 565 1318 quod
581 1233 735 1298 hactenus
750 1237 878 1298 tantum
893 1254 911 1296 a
925 1232 1085 1298 Dirlrseno

127 1315 258 1398 propria
280 1315 466 1380 collectione
488 1337 587 1380 unum
616 1317 674 1380 sub
696 1320 901 1400 conspectum
922 1315 1083 1381 redactum

127 1399 251 1482 erat,*)
285 1398 325 1461 ad
356 1419 421 1463 rem
454 1421 557 1464 meam
584 1401 744 1484 pertinere
772 1404 859 1464 ratus
886 1421 966 1466 sum.
1010 1399 1083 1466 Scio

129 1480 273 1564 quidem,
301 1482 383 1546 inter
410 1485 578 1565 utrumque
605 1505 707 1568 genus
733 1484 937 1567 reliquiarum
964 1484 1084 1568 aliquid

126 1564 293 1628 interesse.
338 1565 424 1641 Quae
457 1567 540 1630 enim
574 1588 612 1630 ex
644 1569 816 1650 posteriore
845 1589 923 1632 aevo
950 1572 1083 1651 restant,

125 1647 277 1730 pleraque
309 1652 345 1712 ut
376 1651 505 1732 propria
536 1651 654 1733 scripta
681 1654 714 1714 et
744 1671 800 1715 suo
834 1653 923 1734 quasi
955 1653 1084 1716 nomine

127 1735 252 1796 servata
274 1736 363 1796 sunt:
388 1734 567 1816 antiquiora
588 1738 714 1798 tantum
735 1735 775 1798 ab
791 1735 862 1798 aliis
877 1735 1084 1818 scriptoribus

126 1815 320 1879 referuntur.
358 1814 419 1882 Sed
441 1816 500 1881 hoe
523 1817 692 1882 discrimen
706 1839 765 1882 nec
804 1839 837 1882 er
851 1819 959 1882 omnia
974 1839 1084 1883 verum

126 1901 174 1962 est
195 1901 287 1982 (nam
310 1919 359 1965 ex.
375 1920 423 1984 gr.
448 1901 544 1964 etiam
566 1923 604 1965 ex
619 1841 847 1984 posterioribus
867 1902 1085 1986 fragmentum

129 1983 221 2060 iuris,
255 1982 342 2066 quod
374 1987 502 2048 vocatur
536 1979 766 2048 Dositheanum
800 1989 832 2048 et
863 1985 949 2067 ipsae
981 1984 1084 2050 Paulli

130 2063 311 2130 Sententiae
345 2066 417 2130 aliis
438 2067 586 2151 operibus
613 2069 752 2132 insertae
783 2069 821 2131 ad
849 2087 907 2131 nos
935 2087 1084 2150 pervene-

131 2153 219 2232 runt>
239 2171 296 2214 nee
320 2150 450 2214 omnino
473 2150 513 2215 ad
535 2172 602 2216 rem
624 2151 774 2234 pertinet,
799 2171 869 2214 curn
891 2171 958 2216 non
980 2152 1085 2216 minua

130 2232 248 2297 idcirco
282 2234 410 2298 intersit
448 2235 495 2298 vel
530 2235 654 2318 deceat,
689 2238 821 2318 utroque
856 2234 950 2299 modo
982 2238 1015 2300 et
1046 2257 1085 2298 ex

129 2319 261 2396 utroque
290 2337 368 2381 aevo
396 2338 476 2400 quae
505 2319 597 2382 nobis
626 2319 743 2382 tradita
775 2322 864 2398 sunt,
898 2339 961 2382 uno
990 2339 1084 2402 opere

129 2399 264 2463 collecta
292 2399 418 2465 habere.
462 2401 530 2466 Imo
558 2403 778 2485 imperfectum
804 2403 881 2466 iuris
905 2401 1007 2466 civilis
1029 2423 1083 2466 an·

128 2483 328 2546 teiustiniani
350 2487 519 2569 syntagma
540 2486 639 2550 videri
656 2485 758 2568 debet,
782 2487 817 2549 in
832 2506 892 2569 quo
907 2506 973 2550 non
988 2486 1084 2550 etiam

129 2567 291 2631 anteriora
319 2567 375 2631 illa
403 2567 506 2632 locum
530 2590 621 2634 suum
644 2569 846 2634 obtinuerint.
889 2567 934 2633 Et
956 2589 1027 2633 cum
1049 2571 1084 2634 in

127 2649 194 2714 iure
216 2650 321 2734 magia
343 2671 394 2714 res
416 2673 512 2735 quam
534 2653 630 2717 verba
653 2655 845 2736 spectentur,
868 2673 909 2716 ne
923 2652 1002 2716 illud
1017 2653 1084 2736 qui-

125 2733 198 2797 dem
228 2735 347 2798 referre
375 2735 563 2815 existimavi,
586 2739 692 2800 uuum
715 2737 874 2800 sententia
894 2738 1020 2800 tantum
1043 2757 1084 2800 an

125 2817 224 2882 etiam
251 2817 348 2882 verba
370 2818 502 2883 alicuius
525 2819 741 2884 iurisconsulti
763 2820 856 2884 nobis
878 2819 1082 2902 reserrentur,

124 2903 158 2964 et
186 2903 295 2964 utrum
323 2900 493 2966 iudicando
522 2903 572 2968 vel
600 2923 654 2966 ore
681 2902 899 2986 respondendo
922 2923 992 2967 eam
1014 2925 1110 2968 sen-1

123 2985 262 3048 tentiam
284 2985 461 3068 protulerit,
485 3007 524 3050 an
548 2987 643 3050 etiam
662 2987 813 3070 scriptam
828 2987 896 3070 ipse
911 2987 1082 3070 reliquerit.

188 3065 252 3132 Sed
275 3068 339 3131 alia
361 3071 503 3152 quaestio
525 3069 579 3133 diu
600 3071 796 3153 multumque
811 3092 861 3134 me
876 3071 980 3152 torsit,
1005 3093 1084 3155 quae

123 3150 264 3216 maxime
286 3151 326 3214 ad
348 3153 561 3236 antiquiorum
589 3153 767 3218 litterarum
789 3158 994 3219 monumenta
1014 3175 1084 3238 per·

188 3377 217 3442 ¹⁸)
236 3377 439 3432 ‘Bruchstficke
449 3395 499 3433 aus
508 3379 563 3433 den
573 3378 713 3433 Schriften
722 3378 1082 3442 derltbmischenJuristen,

122 3443 294 3512 gesammelt
307 3460 363 3498 von
377 3443 411 3503 H.
424 3444 455 3504 E.
468 3445 596 3499 Dirksen.
614 3445 746 3516 Kbnigsb.
764 3451 836 3500 1814.
849 3451 883 3500 8)
912 3445 996 3497 Liber
1009 3459 1083 3496 nunc

123 3510 240 3576 quidem
258 3525 315 3564 non
332 3511 481 3577 sufficiens,
499 3512 549 3566 sed
566 3513 616 3566 illa
633 3513 726 3566 aetate
744 3513 821 3566 omni
838 3511 922 3566 laude
941 3511 1049 3578 diguus.
