2678 4116
246 227 309 292 228
552 246 615 282 osu
632 245 726 281 memo.
745 226 779 280 Π.
798 232 908 281 or-et.

246 384 296 446 27:
316 388 478 446 Praetereo
499 389 554 445 icoc
573 380 656 445 ioco¹
685 382 860 451 odmolnendi
888 403 1000 462 sumus,
1022 387 1119 445 'etiam
1138 388 1216 446 dum·

247 480 335 530 tooeot
349 472 449 530 Italici
462 475 517 530 soti
530 465 658 530 nexum²
674 483 678 529 t
695 487 766 542 esse,
787 473 963 545 prouincialis
978 473 1031 529 soli
1046 489 1145 530 nexum
1159 491 1216 531 non

247 556 337 621 ’esem
357 575 424 614 mom
441 561 545 630 recipit
561 550 678 613 nexos²
694 562 698 620 Ι
714 554 941 630 significationem
962 558 1051 614 solum
1066 575 1122 615 non
1137 558 1216 616 aliter

247 641 344 715 ’quom
355 636 394 698 si²
407 643 521 715 mancipi
536 635 623 710 ’eet²;
640 640 859 714 ot-protoinciale
870 657 920 698 nec
932 643 1047 716 mancipi
1060 651 1110 699 eet.
1137 643 1216 700 aliter

248 728 319 782 enim
335 727 421 783 ueteri
437 727 531 800 lingua
545 725 569 781 'a
586 728 591 791 i
611 755 648 766 -
664 757 706 768 -
721 755 762 766 —
780 717 833 781 ³de
847 723 935 783 rebus
949 727 1115 801 mancipatis.
1132 731 1137 794 Ι

313 809 364 871 28.
382 809 569 884 incorporales
583 804 650 882 (res)
660 809 831 865 traditionem
843 825 899 866 non
910 812 1032 884 recipere
1044 811 1215 869 manifestum

249 905 301 953 est.
332 890 383 953 29.
397 893 449 951 sed
462 897 519 950 iura
531 894 704 968 praediorum
715 893 879 950 urbanorum
891 895 920 949 in
931 897 990 952 iure
1000 892 1140 973 (tontum)
1155 896 1215 954 cedi

247 988 381 1054 possunt3
394 981 560 1037 rusticorum
573 995 640 1035 uere
653 980 733 1034 etiam
751 979 894 1052 mancipari
910 988 1034 1052 possunt.
1064 976 1118 1038 80.
1134 980 1216 1038 Usus·

248 1065 354 1120 tructus
365 1065 394 1119 in
404 1065 463 1120 iure
477 1065 628 1120 cessionem
638 1071 742 1120 tantum
755 1063 867 1136 recipit:
878 1079 941 1118 nam
953 1064 1077 1121 deminus
1090 1068 1215 1140 proprie-

248 1150 312 1205 tatis
322 1148 368 1205 alii
378 1147 579 1205 usumfructum
586 1149 613 1204 in
623 1149 681 1204 iure
694 1147 791 1204 cedere
802 1155 905 1220 potest,
918 1157 949 1204 ut
960 1149 1005 1204 ille
1013 1149 1214 1206 usumfructum

248 1233 346 1290 habeat
358 1235 452 1306 etipse
464 1234 561 1289 nudam
574 1233 910 1308 proprietatemretiaeot.
926 1235 983 1306 ipsc
994 1233 1213 1290 usufructuariae

248 1319 276 1372 in
288 1319 348 1372 iure
359 1317 481 1374 cedendo
494 1317 603 1373 domino
613 1318 789 1390 proprietatis
798 1316 1102 1390 usumfructumeffioit,
1114 1327 1145 1373 ut
1156 1334 1172 1373 a
1184 1334 1214 1374 se

249 1401 590 1458 ‹lisoedatetconucrtatur
601 1403 629 1457 in
639 1402 847 1475 proprietatem
859 1401 907 1457 alii
913 1417 979 1457 uero
992 1401 1214 1458 iniureccdcndo

250 1485 425 1542 nihilominus
443 1489 485 1542 ius
503 1503 582 1543 suum
599 1487 712 1542 retinet:
733 1486 855 1542 creditur
874 1487 944 1541 enim
960 1501 992 1542 oa
1008 1487 1132 1542 cessione
1149 1486 1217 1544 nihil

250 1571 305 1644 agi.
327 1566 370 1628 δί
377 1569 429 1626 Sed
441 1571 508 1626 haec
521 1569 624 1626 scilicet
637 1572 665 1625 in
674 1570 772 1626 italioIs
785 1569 901 1643 praediis
913 1571 950 1625 ita
962 1579 1036 1643 sunt,
1050 1571 1149 1644 quiact
1158 1573 1217 1645 ipsa
1329 1627 1331 1644 ⁴

199 1661 240 1710 62.
251 1653 359 1728 praedia
371 1656 595 1729 mancipationem
605 1647 645 1732 iet
655 1657 683 1710 in
693 1657 754 1710 iure
767 1655 916 1710 cessionem
928 1656 1072 1728 recipiunt.
1097 1655 1216 1729 alioquin
1228 1661 1283 1715 {¹⁵⁴1
1329 1647 1331 1706 t

251 1743 277 1795 in
290 1737 501 1812 prouincialibus
517 1739 632 1814 proediis
644 1741 701 1796 siue
713 1743 774 1813 quis
787 1738 986 1796 usumfructum
1000 1741 1056 1796 siue
1069 1739 1111 1798 ius
1124 1739 1216 1812 eundi,

250 1825 349 1898 agendi
357 1824 664 1901 aquemueduccndiucl
673 1823 754 1880 altius
762 1821 877 1880 tollendi
885 1823 965 1880 aedes
974 1832 1084 1882 autnon
1092 1823 1218 1896 tollendi,

249 1909 439 1965 uoluminibus
452 1907 693 1980 uicinioiiioiatur,
705 1917 851 1981 ceteraque
874 1909 1034 1966 similiaiura
1047 1911 1218 1968 constituere

251 2065 418 2113 auctoritatis
432 2065 533 2114 nomine
547 2063 583 2112 ad
595 2063 701 2126 duplum
711 2062 825 2124 pretium
839 2061 987 2110 solvendum
1004 2059 1140 2126 oblipctur.
1170 2061 1215 2110 In·

252 2136 331 2183 uicem
350 2135 418 2184 iuris
436 2135 583 2185 commercii
601 2129 831 2201 oomlmnnicatt‘omc
850 2132 934 2195 effici,
953 2138 982 2180 at
994 2133 1019 2180 si
1033 2133 1099 2181 civis
1114 2131 1185 2183 Hom.
1200 2148 1217 2182 α

247 2208 391 2271 pereprimo
406 2205 503 2255 liberae
518 2207 632 2254 civitatis
645 2204 785 2253 secumdum
795 2217 878 2252 mores
887 2204 1005 2267 leposque
1015 2205 1218 2268 peregrimorum

250 2291 305 2325 rem
319 2284 393 2334 emat,
408 2291 473 2340 quoe
487 2291 522 2324 em
536 2275 577 2324 tte
588 2275 690 2340 tegibus
700 2290 751 2338 per
765 2275 931 2324 traditionem
943 2275 1048 2338 acquiri
1061 2289 1113 2324 mom
1123 2275 1216 2337 possit,

250 2362 300 2410 qao
315 2349 342 2395 im
356 2361 462 2396 mamere
477 2347 591 2410 praedia
605 2361 659 2396 esee
672 2348 782 2403 soleam,
801 2347 885 2394 tostus
903 2345 1022 2394 dominus
1035 2347 1092 2394 ειίιε
1106 2347 1147 2394 rei
1160 2345 1216 2408 effi-

251 2418 345 2466 eicior.
371 2414 414 2466 ‘Im
420 2419 567 2480 prouinciis
577 2432 640 2466 uero
651 2431 702 2466 mom
711 2417 785 2466 modo
795 2416 918 2479 praedium
928 2411 1033 2464 uoilum'
1045 2423 1094 2467 etc.
1144 2412 1163 2480 ¹)
1173 2415 1218 2465 Ad

249 2502 351 2537 sensam
364 2489 475 2537 restitui.
503 2487 536 2537 Ιιι
550 2488 609 2537 edd.
624 2495 722 2536 tamtum
736 2495 775 2536 est
790 2487 915 2550 praedium
929 2493 954 2535 et
964 2493 1057 2550 postea
1070 2488 1117 2536 ulie
1132 2487 1216 2537 libere.

251 2554 272 2622 ²)
282 2557 357 2608 Haec
367 2560 453 2608 ommia
462 2558 553 2609 tomo.
562 2561 738 2623 supplementa
745 2559 781 2608 ad
789 2573 891 2607 sensum
897 2559 981 2622 mapis
988 2573 1063 2621 quom
1070 2557 1216 2608 adverbum

249 2637 322 2679 certo
336 2645 352 2678 a
366 2645 403 2678 me
418 2631 445 2678 in
460 2637 607 2680 contemtum
620 2637 680 2679 sunt
693 2636 806 2693 recepta,
820 2629 868 2678 ced
881 2643 950 2678 manc
962 2644 998 2678 eae
1013 2626 1059 2677 Vm
1067 2631 1159 2692 pontio
1170 2631 1215 2678 im·

250 2707 358 2756 mutata:
369 2715 420 2763 pro
430 2715 504 2751 nexus
515 2703 592 2750 etiam
601 2701 684 2750 scribi
689 2707 775 2764 potest
785 2701 837 2749 eius
851 2701 927 2748 nocis.
982 2695 1004 2766 ⁸)
1012 2699 1138 2764 Suspicor
1147 2701 1175 2748 im
1187 2700 1214 2748 0.

247 2773 345 2834 foisse:
358 2768 500 2840 immiteris
514 2775 596 2822 euicta
610 2787 637 2821 re
644 2764 836 2838 p(rae)stat(io)
850 2772 889 2820 sic
903 2768 978 2837 m(om)
993 2767 1112 2836 divitior)
1128 2784 1167 2818 ac.

319 2891 344 2964 §-
361 2897 402 2946 27.
429 2896 768 2959 OfiFrontin.deceutroo.
784 2911 841 2960 apr.
853 2907 930 2958 pto.
959 2893 1215 2960 Apprimurbpet.

249 2966 355 3016 Lookm.
373 2967 424 3017 Cic.
436 2983 488 3030 pro
499 2967 596 3018 Flacco
608 2979 642 3019 et.
658 2969 680 3030 ἕ.
691 2979 725 3018 eo.
756 2964 839 3016 ‘Ittco
853 2982 958 3030 quaero,
973 2969 1059 3016 sintae
1074 2967 1125 3016 ieta
1134 2981 1215 3029 prae·

249 3037 295 3086 dio
308 3041 397 3088 cemani
411 3040 538 3090 censendo
545 3055 555 3088 .·
568 3037 680 3088 habeant
694 3039 837 3088 insciente:
850 3039 912 3094 sint,
927 3053 1006 3088 necne
1015 3039 1069 3086 siat
1079 3033 1215 3100 mancipi'.

250 3106 332 3158 Notae
351 3110 430 3158 iurid.
451 3110 482 3160 L.
499 3110 520 3158 I.
540 3108 567 3170 Q.
583 3131 618 3152 ==
631 3109 719 3160 Locus
738 3109 812 3158 Iuris
834 3107 987 3169 Quiritium·
1011 3107 1042 3158 L.
1058 3105 1080 3156 I.
1096 3107 1118 3156 I.
1138 3106 1166 3167 Q.
1182 3129 1216 3150 =

247 3178 337 3229 Locus
355 3179 465 3231 Italicas
482 3181 555 3230 Iuris
576 3180 723 3242 Quiritium.
759 3180 796 3242 Cf.
814 3179 937 3230 Zeiiscitr.
955 3179 977 3242 s.
995 3179 1081 3245 pescle.
1095 3178 1166 3228 RW.
1182 3177 1217 3228 X.

244 3266 272 3313 p.
287 3261 322 3304 te.
337 3253 414 3302 solum
428 3250 500 3321 uero]
522 3253 560 3315 Of.
575 3251 674 3303 Sozom.
689 3253 747 3302 hiet.
762 3253 825 3301 eccl.
841 3263 861 3313 t,
876 3263 896 3301 e.
970 3245 995 3317 ξ.
1010 3251 1054 3300 28.
1080 3249 1118 3314 Cf.
1134 3249 1166 3299 L.
1181 3261 1216 3300 4³.

248 3323 272 3384 ἕ.
287 3335 307 3372 1.
327 3323 359 3372 D.
375 3339 431 3388 aeq.
446 3340 499 3373 rer.
510 3325 575 3374 dom.
587 3323 632 3391 (m,
643 3323 674 3389 1).
689 3339 771 3387 supra
781 3324 803 3384 ξ.
816 3334 849 3374 19.
909 3315 935 3389 ξ.
946 3322 987 3372 29.
1006 3321 1044 3385 Of.
1055 3323 1077 3384 ξ.
1090 3333 1123 3372 1t.
1139 3320 1171 3368 L.
1182 3332 1216 3370 tte.

249 3393 282 3442 I).
298 3394 330 3444 de
344 3409 411 3445 sero.
422 3411 466 3460 pr.
483 3394 538 3444 urb.
554 3393 586 3461 (e,
601 3394 633 3462 t).
687 3391 713 3463 ξ.
730 3397 771 3447 30,
789 3392 827 3456 Cf.
845 3392 889 3442 et.
909 3392 968 3441 Vat.
983 3403 1018 3445 te.
1033 3403 1067 3444 te.
1082 3402 1116 3443 54.
1133 3403 1158 3444 te
1173 3391 1217 3456 (e).

253 3464 310 3528 Uip.
322 3478 355 3528 te,
366 3479 399 3518 11.
426 3468 532 3530 infro§¹
543 3479 577 3520 ee.
593 3469 617 3529 i.
632 3479 651 3518 s.
677 3465 698 3514 I.
714 3467 746 3515 de
761 3464 845 3527 confr.
861 3463 893 3528 (s,
906 3461 939 3530 4).
978 3463 1055 3513 Paul.
1070 3475 1091 3526 e,
1106 3475 1127 3516 o.
1142 3465 1166 3525 i.
1181 3473 1216 3514 sc.

249 3531 275 3602 ξ.
291 3539 333 3586 31.
355 3538 392 3600 Of.
409 3540 431 3599 5.
444 3551 462 3588 1.
484 3537 646 3603 Ldeusufr.
663 3537 694 3603 (t,
708 3535 739 3602 4).
759 3539 782 3599 §-
795 3546 816 3584 4.
832 3533 853 3583 Ι.
869 3535 901 3584 de
915 3536 1002 3586 servit.
1013 3532 1046 3601 (t,
1055 3533 1088 3598 4).
1109 3534 1164 3586 Ine
1171 3549 1216 3598 pr.

250 3605 282 3654 D.
298 3607 330 3655 de
344 3609 428 3671 ususr.
445 3607 475 3676 (t,
491 3611 522 3671 1).
