2696 4120
451 243 510 280 aur
529 243 626 284 susum,
643 223 690 280 IV.
709 231 818 282 79-81.
1054 228 1118 294 375

153 404 234 463 agere
256 403 311 442 uon
330 387 451 459 possim,
473 401 533 441 cum
555 402 622 442 uero
638 386 732 442 exierit
753 386 786 442 de
801 403 859 443 mea
878 395 1032 461 potestate,
1054 395 1119 444 tunc

153 489 210 530 eom
240 471 405 527 resuscitari.
455 465 502 527 79.
536 469 601 525 Cum
630 478 718 526 autent
749 469 933 528 filiusfamilias
964 488 995 527 ex
1028 471 1118 528 noxali

153 573 234 614 causa
249 555 383 628 mancipio
407 553 500 622 datur,
524 553 648 610 diuersae
664 555 772 611 scholae
794 563 920 612 auctores
941 561 1053 630 putant,
1077 565 1119 612 ter

155 657 216 697 eum
239 640 371 713 mancipio
395 638 451 694 dari
474 637 587 710 dehere,
612 639 674 714 quia
695 639 758 713 lege
772 657 819 696 111
835 638 986 696 tabularum
1010 648 1118 697 cautum

154 727 199 796 sit,
213 716 275 803 ³(ne
289 726 367 796 filius
382 725 416 780 aa
430 730 573 795 potestate
586 727 683 795 patris
699 717 813 796 aliter)¹
830 733 915 794 exeat,
935 742 1013 798 quam
1034 727 1057 780 si
1077 734 1119 782 ter

155 810 235 866 suerit
247 810 427 882 mancipatus:
447 807 561 864 Sabinus
574 816 601 864 et
612 807 719 864 Cassius
733 810 870 881 ceterique
883 817 997 866 nostrae
1010 808 1118 866 scholae

154 902 280 950 auctores
296 889 422 948 suiticere
438 909 518 949 unam
540 893 760 966 mancipationem
777 892 965 957 crediderunt;
985 885 1117 950 ’(εῑεηίιι]2

154 987 211 1034 tres
226 979 287 1052 lege
301 994 348 1033 x11
360 977 510 1032 tabularum
527 977 559 1032 ad
573 977 737 1033 uoluntarias
751 979 959 1052 mancipationes
972 979 1117 1050 pertinere.

217 1060 270 1120 80.
294 1061 366 1118 Haec
387 1062 423 1116 ita
447 1063 479 1117 de
502 1062 543 1117 his
566 1061 709 1134 personis,
733 1078 802 1135 quae
819 1063 846 1117 in
861 1068 999 1136 potestate
1014 1054 1116 1138 (sunt),

153 1148 211 1202 siue
230 1164 261 1202 ex
278 1153 419 1202 contractu
434 1145 492 1202 siue
513 1163 546 1202 ex
563 1145 699 1202 maleficio
717 1163 808 1202 earum
824 1145 1030 1203 ’controuersia
1046 1139 1118 1202 sitr³

155 1231 227 1304 quod
240 1247 315 1286 ‘uero
339 1229 371 1286 ad
388 1246 435 1287 eas
456 1247 603 1304 personas,
626 1247 694 1304 quae
714 1231 741 1286 in
757 1247 836 1286 manu
857 1232 1027 1304 mancipioue
1043 1239 1117 1300 sunt,

154 1317 192 1370 ita
206 1317 250 1370 ius
266 1314 378 1388 dicitur,
401 1324 431 1371 ut
447 1332 509 1372 cum
525 1331 556 1371 ea
572 1321 717 1372 contractu
739 1331 830 1371 earum
846 1314 971 1390 agutur,
985 1308 998 1348 ⁴
1011 1316 1068 1372 nisi
1084 1313 1117 1370 ab

155 1415 205 1470 eo,
223 1399 298 1455 cuius
318 1398 523 1456 iuri-subiectae
545 1399 614 1468 sint,
636 1398 795 1456 insolidum
819 1399 1013 1472 defendantur,
1034 1399 1116 1472 bona,

156 1499 227 1556 quae
242 1489 332 1538 earum
348 1482 438 1540 futura
454 1483 560 1557 forent,
583 1485 606 1538 si
628 1485 689 1540 eius
708 1485 764 1540 iuri
782 1483 918 1542 subiectae
938 1500 993 1540 non
1014 1492 1117 1556 essent,

155 1576 289 1624 ueneaut:
312 1568 358 1623 sed
373 1585 434 1624 curn
449 1567 575 1625 'rescisso
592 1573 697 1640 eapitis
712 1570 900 1627 deminutione
916 1586 981 1626 cum
998 1563 1054 1625 iis⁵
1068 1569 1117 1624 im·

152 1655 229 1726 perio
246 1653 395 1708 continenti
415 1652 516 1709 iudicio
538 1653 653 1728 ²agitur,
671 1645 675 1732 Ι
692 1655 874 1711 siadnersns
895 1669 957 1710 eam
973 1657 1115 1710 actionem
1125 1661 1183 1710 219.

153 1755 210 1794 non
226 1737 437 1810 defendantur,
460 1741 545 1794 etiam
568 1754 632 1794 cum
655 1741 720 1808 ipsa
742 1741 877 1807 muliere,
899 1740 964 1794 clurn
985 1739 1012 1794 iu
1029 1754 1115 1793 manu
1129 1727 1146 1768 ²·
1161 1737 1181 1765 ⁸·

154 1829 210 1894 est,
240 1826 289 1896 opi
314 1829 424 1894 potest,
454 1826 521 1893 quio
549 1829 608 1878 tum
637 1825 741 1878 tutoris
762 1825 925 1878 auctoritas
946 1825 1115 1878 necessaria

84 1929 139 1984 [ms]
153 1925 211 1964 non
233 1900 301 1964 est.6
318 1937 926 1946 ——-—--———--——
940 1921 979 1963 vv.
1002 1903 1116 1962 3-24.

525 1984 590 2067 181.
614 1990 700 2059 ’Quiri
719 2005 786 2063 ergo
807 1994 870 2046 est?
891 1990 995 2045 etiamsi
1017 1989 1046 2046 ei
1066 1982 1114 2066 (de
1124 1998 1182 2101 atto,

1142 2073 1179 2102 .!.

226 2130 245 2198 1)
260 2135 338 2184 aliter
349 2131 413 2200 (alit)
421 2135 448 2182 in
456 2135 533 2197 finem
542 2133 634 2191 reieci,
644 2139 672 2180 ut
681 2140 830 2196 appareret,
841 2147 892 2196 quo
902 2132 934 2180 ale
944 2145 1025 2180 eausa
1035 2130 1116 2180 libra-

153 2207 210 2255 rius
223 2206 287 2255 laec
300 2207 425 2255 omiserit.
481 2201 503 2270 ¹)
518 2212 544 2264 et
555 2204 619 2266 iilam
638 2201 665 2252 V
666 2200 693 2252 ’ἦ
714 2210 738 2252 et
747 2205 799 2253 ilias
811 2203 915 2270 (deiude
926 2209 975 2251 tres
985 2201 1055 2267 legis)
1066 2201 1116 2251 Kr.

152 2278 192 2326 eal.
202 2287 221 2328 a.
278 2271 300 2342 8)
314 2275 360 2325 Eae
373 2275 473 2324 Blnirm.
488 2275 561 2336 Scit„
577 2291 642 2342 quae
653 2277 750 2338 finiunt
763 2277 790 2324 in
802 2315 808 2327 .
819 2315 823 2326 .
834 2315 839 2326 .
850 2313 855 2326 .
866 2273 901 2322 sia
916 2274 962 2322 cit.
978 2280 1043 2322 esset
1057 2273 1116 2322 edd.

153 2346 175 2410 ⁴)
186 2354 297 2410 ageretur
306 2347 331 2398 0.
342 2347 400 2396 edd.
439 2345 460 2411 ⁶)
471 2345 616 2398 Secundum
629 2342 807 2410 Vaticanum
814 2345 998 2410 fuisseputaoi
1006 2343 1117 2393 rcissalad

152 2420 205 2468 ciis.
244 2415 265 2482 θ)
280 2417 438 2468 Sententiam
453 2419 491 2467 ita
499 2419 559 2482 fere
569 2419 674 2483 perfeci
684 2413 789 2466 ‘Gaius’
798 2433 826 2481 p.
835 2427 881 2469 175.
902 2415 989 2466 Aliter
1003 2415 1122 2479 Rndorff

153 2489 204 2538 Ed.
216 2497 316 2552 perpet.
327 2505 354 2552 p.
364 2500 398 2541 59.
419 2489 527 2539 tutorem
537 2505 667 2554 personae
681 2491 762 2538 alieni
778 2489 845 2537 iuris
864 2489 951 2537 dutum
966 2493 1058 2538 contro
1073 2488 1115 2536 ius

153 2561 230 2610 civile
244 2566 366 2609 statuens.
377 2587 410 2596 -
423 2559 497 2610 Haec
509 2561 624 2624 fortasse
639 2560 709 2626 (nam
719 2561 780 2623 inp.
792 2571 830 2611 ste
842 2559 999 2622 nileilpuene
1005 2565 1116 2622 praeter

149 2632 268 2694 paucula
283 2631 406 2695 quaedam
420 2639 445 2681 et
454 2632 555 2681 incerto
565 2634 617 2697 lapi
623 2631 720 2696 potnit)
730 2647 761 2680 ea
771 2631 857 2680 statim
867 2637 1034 2693 exceperunt,
1050 2643 1115 2692 quae

153 2701 230 2751 kabel
237 2704 283 2766 pr.
298 2701 319 2753 I.
337 2703 362 2752 ai
375 2702 467 2766 quadr.
474 2718 556 2766 paup.
567 2703 598 2768 (4,
609 2703 640 2768 8),
655 2703 701 2752 sed
710 2708 808 2750 tanturn
818 2701 926 2751 haecce:
944 2697 1115 2749 ‘Animalium

153 2775 266 2832 nomine,
287 2789 351 2838 quae
370 2775 473 2824 ratione
492 2782 590 2832 carent,
608 2775 633 2824 si
651 2789 702 2838 qua
721 2773 831 2822 lasciuia
850 2779 895 2822 aut
910 2773 1020 2835 feruore
1042 2767 1115 2836 (aliis

154 2840 290 2910 ‘pauore’)
310 2851 356 2893 unt
370 2845 478 2907 feritate
493 2847 646 2908 pauperiem
662 2845 789 2908 fecerint,
809 2844 915 2893 nonalis
929 2844 998 2892 actio
1013 2845 1068 2908 iope
1082 2851 1119 2885 ΧΗ

150 2915 298 2965 tabularum
316 2915 426 2978 proditu
449 2923 501 2965 est:
519 2931 584 2980 quae
602 2916 726 2965 animalia
744 2915 769 2964 ai
787 2929 872 2964 noxae
892 2913 1033 2972 dedantur,
1049 2927 1115 2977 pro·

147 2987 242 3050 ficiunt
251 3002 297 3036 reo
307 2986 344 3036 ad
352 2986 538 3044 liberationem,
553 2988 614 3050 quia
629 2985 668 3037 ita
682 2989 727 3035 leae
740 2997 776 3028 m
786 2984 837 3034 tob.
852 2986 953 3049 scripta
968 2981 1026 3034 est'
1058 2983 1115 3033 Non

151 3059 228 3106 etiam
240 3064 340 3115 cetera,
353 3071 420 3121 quae
434 3056 471 3106 ibi
479 3065 630 3122 sequuntur,
645 3072 709 3121 qnae
724 3056 831 3106 aliunde
840 3061 929 3106 assuto
941 3070 995 3105 esse
1005 3060 1114 3106 constat.

155 3127 236 3178 Gaius
250 3135 343 3178 eontra
357 3135 419 3192 post
437 3128 501 3178 leaeo
515 3129 616 3178 dixisse
634 3129 749 3188 ridetur,
769 3128 836 3177 illud
854 3129 963 3179 omnium
981 3127 1116 3177 uenalium

152 3201 282 3248 actionum
297 3213 426 3248 commuue
440 3214 508 3258 esse,
523 3200 593 3264 quod
605 3201 630 3248 si
642 3215 733 3250 seruus
748 3201 787 3248 uel
801 3201 897 3248 animal
912 3205 971 3247 ante
986 3199 1040 3246 litis
1055 3212 1116 3247 con·

151 3271 312 3320 testationem
326 3277 452 3320 mortuum
466 3273 513 3330 cit,
533 3273 638 3320 nonalis
657 3272 725 3321 actio
744 3271 929 3334 easttnpoatar
948 3267 991 3330 (L.
1007 3280 1026 3317 1.
1042 3269 1065 3328 §-
1081 3279 1115 3318 13.

151 3339 184 3390 D.
199 3342 224 3390 oi
237 3341 331 3405 quadr.
342 3353 362 3404 9,
373 3354 392 3392 1.
405 3341 437 3390 L.
448 3353 482 3393 aa.
497 3343 520 3404 ξ.
530 3355 551 3392 4.
571 3341 603 3391 L.
618 3353 652 3393 nt.
667 3343 691 3403 ξ.
705 3353 726 3392 4.
747 3341 779 3390 D.
795 3341 826 3390 de
841 3340 930 3390 noxal.
945 3350 966 3399 a,
980 3336 1013 3402 t).
1033 3336 1117 3386 Aliud

151 3413 219 3460 iuris
238 3427 306 3470 esse,
324 3413 349 3461 si
363 3419 424 3475 post
439 3414 493 3462 litis
512 3414 721 3463 contestationem
735 3413 776 3460 rei
790 3413 867 3475 eulpa
881 3409 1010 3458 moriatur
1025 3403 1067 3471 (L.
1083 3418 1117 3458 to.

223 3531 247 3603 ξ.
265 3537 306 3586 79.
330 3535 368 3598 Cf.
384 3548 404 3599 1,
420 3548 459 3588 140
472 3553 524 3602 seq.
545 3547 590 3588 tae.
607 3548 652 3588 uu.
673 3537 705 3586 L.
720 3549 740 3588 a.
757 3537 780 3598 ξ.
795 3547 817 3586 a.
836 3535 869 3584 D.
881 3533 912 3582 ote
925 3531 989 3582 ion.
1001 3529 1115 3581 linerat.

152 3602 197 3671 (aa,
212 3606 256 3672 aa).
318 3601 343 3674 §-
359 3609 401 3659 80.
423 3607 460 3671 Of.
474 3620 495 3671 s,
510 3619 543 3660 ea.
562 3620 583 3670 a,
598 3619 631 3659 eo.
653 3620 673 3670 1,
688 3619 734 3659 rsa.
750 3617 797 3657 192.
821 3605 876 3668 Uip.
893 3616 926 3666 11,
941 3615 974 3655 ur.
