2696 4120
253 208 317 272 290
546 225 603 260 orn
620 225 711 261 rusrrr.
731 207 779 262 lit.
799 214 912 264 24—-3L

252 355 316 413 dum
332 355 475 424 excedant,
490 355 556 410 nihil
572 357 637 410 iuris
654 371 685 409 er
701 354 761 428 lege
777 349 911 412 ’lraltent.¹
943 352 992 412 24.
1009 357 1138 414 Similiter
1148 375 1205 416 non

254 440 434 496 admittuntur
448 441 568 514 cognati,
585 441 631 512 qni
646 455 695 511 per
709 438 828 494 seminini
843 457 925 496 sexus
941 457 1072 514 personas
1088 445 1203 498 necessi·

253 523 346 579 tudine
360 525 521 596 iunguntur,
537 523 602 578 adeo
620 521 736 596 quidem,
752 531 782 578 ut
797 539 847 580 neo
861 525 933 579 inter
948 533 1060 581 matrem
1075 534 1102 582 et
1118 525 1203 582 lilium

252 605 369 664 filiamue
399 607 469 662 ultro
496 608 619 679 citroque
648 605 803 662 hereditatis
831 607 978 680 capiendae
1000 610 1042 664 ius
1064 619 1202 684 conpetat,

252 700 439 766 praeterquam
454 692 477 745 si
497 707 546 764 per
562 691 588 745 in
608 705 712 745 manum
735 692 941 747 conuentionem
963 695 1203 767 consanguinitatis

252 776 309 830 lura
324 777 396 830 inter
411 790 457 830 eos
473 765 671 830 constiterint.²
1176 816 1190 828 .

314 855 363 916 25.
387 857 437 912 Sed
455 859 504 914 hae
518 859 585 913 luris
600 858 756 930 iniquitates
772 857 859 914 edicto
875 861 1010 932 praetoris
1026 861 1181 918 emendatae
1198 856 1202 941 Ι

180 945 239 994 131.
250 950 323 1002 sunt.
367 936 415 998 26.
438 941 503 998 Nam
518 943 623 997 liberos
640 956 742 1010 omnes,
759 943 804 1014 qui
819 942 941 1014 legitimo
957 945 1015 999 inre
1030 943 1203 1017 deliniuntur,

250 1035 331 1082 uocat
354 1025 386 1082 nd
410 1025 586 1081 hereditatem
609 1024 723 1098 proinde
752 1040 782 1080 ac
808 1027 831 1081 si
853 1027 880 1081 in
902 1035 1039 1100 potestate
1061 1040 1203 1102 parentum

249 1111 344 1166 mortis
359 1117 482 1182 tempore
497 1108 621 1179 luissent,
638 1111 696 1162 sinc
711 1107 763 1164 soll
778 1109 842 1181 sint,
860 1111 917 1165 siue
929 1111 1010 1168 etiam
1025 1113 1068 1167 sui
1078 1113 1203 1186 heredes,

249 1193 275 1250 id
289 1203 331 1249 est
343 1195 389 1267 qui
400 1194 427 1247 in
439 1200 575 1266 potestate
586 1193 670 1265 patris
680 1191 800 1264 luerunt,
810 1203 981 1251 concurrant.
1004 1191 1051 1253 27.
1063 1195 1201 1269 ddpnatos

250 1284 339 1333 autem
355 1278 441 1350 capite
457 1275 610 1332 dominatos
625 1291 680 1330 non
696 1275 815 1332 secundo
831 1277 916 1350 gradu
930 1287 994 1351 post
1008 1295 1071 1334 snos
1088 1279 1200 1336 heredes

250 1369 340 1431 uocat,
355 1359 381 1415 id
398 1366 450 1431 est,
466 1375 520 1418 non
536 1376 569 1415 eo
585 1359 670 1433 gradu
685 1368 774 1430 uocat,
791 1377 845 1433 quo
860 1361 1011 1435 perlegam
1026 1371 1200 1434 uocarentur,

250 1445 274 1500 si
289 1445 376 1517 capite
391 1444 487 1500 minuti
502 1459 567 1499 nam⁴
579 1450 683 1508 essent;
707 1443 755 1498 sed
777 1445 856 1500 tertio
877 1447 1055 1518 proximitatis
1078 1447 1200 1504 nomine:

250 1527 313 1584 licet
329 1528 399 1582 enirn
414 1527 509 1600 capitis
525 1526 708 1582 deminutione
723 1528 767 1582 ius
777 1527 927 1601 legitimum
939 1529 1115 1602 perdiderint,
1128 1541 1201 1588 certe

177 1659 181 1672 .
250 1611 422 1684 cognationis
436 1611 495 1666 iura
510 1611 641 1666 retinent:
657 1611 748 1683 itaque
763 1613 786 1666 si
798 1611 934 1685 quisalius
946 1614 991 1688 sit,
1003 1615 1048 1686 qni
1064 1615 1200 1688 integrum

252 1696 294 1750 ius
310 1695 463 1772 agnationis
479 1692 598 1767 habebit,
621 1695 644 1749 is
658 1695 751 1768 potior
773 1697 834 1766 erit,
857 1697 961 1752 etiamsi
976 1697 1100 1771 longiore
1116 1700 1202 1772 gradu

251 1777 344 1836 luerit.
388 1773 439 1834 28.
462 1777 534 1834 ldem
550 1778 616 1833 iuris
632 1786 683 1849 est,
707 1785 737 1834 ut
754 1779 858 1851 qnidam
874 1787 978 1853 putant,
993 1783 1020 1836 in
1037 1783 1094 1837 elus
1111 1787 1202 1856 agnati

249 1878 381 1936 persona,
405 1863 451 1935 qui
472 1863 594 1935 proximo
617 1869 715 1935 agnato
739 1864 879 1918 omittente
901 1863 1093 1935 hereditatem,
1116 1867 1201 1922 nihilo

249 1947 335 2020 magis
350 1947 408 2001 iure
424 1945 545 2018 legitimo
568 1945 732 2014 admittitnr3
756 1945 803 2001 sed
825 1954 904 2017 sunt,
928 1949 973 2020 qui
994 1957 1106 2022 putant,
1129 1951 1202 2006 hunc

249 2031 344 2088 eodem
360 2029 445 2104 gradu
461 2047 475 2084 a
491 2037 616 2104 praetore
632 2030 737 2106 uocari,
760 2045 814 2103 qno
836 2031 915 2086 etiarn
930 2031 1081 2105 perlegam
1097 2036 1201 2108 agnatis

249 2113 384 2170 hereditas
407 2113 493 2170 datur.
538 2109 587 2171 29.
611 2113 735 2169 Feminae
757 2122 831 2170 certe
853 2123 974 2187 agnatae,
999 2133 1067 2188 quae
1087 2133 1200 2174 consan·

249 2201 411 2272 guineorum
433 2197 546 2271 gradum
569 2196 712 2268 excedunt,
735 2199 816 2254 tertio
840 2199 925 2269 gradu
941 2209 1083 2274 uocantur,
1106 2201 1199 2278 idest,

250 2283 376 2355 sineque
397 2297 462 2336 suus
478 2282 558 2341 heres
578 2297 666 2354 neque
687 2289 801 2354 agnatus
824 2281 897 2338 allus
918 2282 979 2340 erit.
1023 2281 1076 2342 30.
1099 2285 1198 2342 Eodem

250 2364 336 2438 gradu
351 2371 484 2422 uocantur
500 2366 579 2420 etiam
595 2380 641 2422 eae
656 2380 803 2438 personae,
820 2381 893 2439 quae
915 2382 963 2439 per
986 2367 1105 2425 feminini
1120 2385 1200 2425 sexus

248 2463 379 2521 personas
394 2447 536 2521 copulatae
552 2455 624 2502 sunt.
666 2443 709 2505 31.
730 2447 819 2505 Liberi
836 2465 954 2522 qnoque,
970 2453 1057 2524 quiin
1073 2452 1200 2526 adoptiua
1337 2493 1338 2496 η

248 2530 346 2587 lamilia
362 2540 441 2603 sunt,
465 2531 498 2587 ad
514 2531 673 2588 naturalium
688 2541 829 2605 parentum
846 2533 1022 2590 hereditatem
1037 2535 1089 2592 hoc
1104 2537 1198 2593 eodem
1210 2556 1273 2606 [att]

248 2615 334 2689 gradu
350 2623 493 2674 uocantur.

321 2762 341 2832 ¹)
355 2766 451 2814 hahent'
463 2765 489 2815 0.
507 2765 642 2816 Fortasse:
656 2767 743 2815 habere
758 2766 881 2830 uidentur;
897 2769 957 2832 qaia
971 2767 1018 2817 doc
1032 2781 1083 2816 noa
1097 2775 1148 2815 tam
1162 2782 1198 2816 eac

247 2838 302 2901 lege
316 2851 391 2900 qaam
404 2851 438 2886 ea
452 2837 665 2900 interpretatione
680 2837 736 2886 etas
750 2836 871 2886 veniebat.
903 2837 940 2901 Cf.
956 2839 978 2900 ἓ.
993 2848 1026 2888 11.
1041 2837 1137 2900 placuit.

248 2902 269 2972 ¹)
283 2905 406 2971 Sequitur
420 2907 489 2956 linea
503 2922 593 2956 vacua.

246 3004 458 3013 -—------—-

316 3042 342 3116 ξ.
359 3049 400 3097 at.
422 3047 461 3110 Of.
480 3047 534 3110 Utp.
550 3058 583 3106 aa,
598 3059 618 3098 a.
635 3060 655 3099 a.
667 3063 711 3111 pr.
728 3047 748 3096 I.
763 3048 795 3097 de
808 3047 856 3098 su.
876 3048 979 3098 Tertatt.
996 3046 1067 3115 (aa).
1114 3045 1139 3117 ξ.
1155 3052 1198 3101 25.

248 3117 286 3181 Cf.
298 3133 342 3182 pr.
357 3118 465 3179 §.afim
486 3117 507 3166 I.
522 3119 554 3167 de
568 3118 590 3166 b.
601 3133 629 3181 p.
645 3117 677 3184 (a,
692 3117 723 3183 9).
791 3114 815 3187 ἕ
831 3121 873 3169 26.
895 3119 932 3180 Cf.
949 3121 987 3180 ἐξ,
1004 3131 1036 3170 19.
1052 3131 1086 3170 20.
1108 3121 1198 3170 Cottat.

246 3201 280 3248 ta,
295 3199 314 3239 a.
330 3190 353 3250 1.
368 3199 388 3237 a.
413 3187 467 3251 Utp.
483 3199 552 3246 aas.
576 3190 598 3250 ξ.
614 3200 634 3238 a.
650 3188 672 3238 t.
688 3189 719 3238 ae
734 3188 820 3238 hereca
836 3205 859 3252 q.
874 3189 907 3238 ab
922 3190 966 3238 int.
982 3187 1014 3254 (a,
1029 3189 1059 3256 1).
1114 3186 1140 3258 ξ.
1156 3193 1197 3242 27.

249 3257 287 3322 Of.
302 3261 325 3322 ξ.
340 3269 374 3310 21.
399 3257 452 3322 Uip.
464 3269 497 3312 18,
508 3269 528 3309 a.
549 3257 619 3321 Epit.
634 3269 655 3324 a,
670 3270 690 3309 a.
706 3260 728 3321 ἓ.
741 3270 760 3308 a.
773 3275 814 3322 pr.
831 3259 852 3307 I.
868 3259 899 3308 de
914 3273 1024 3308 sacceas.
1040 3275 1114 3326 cogn.
1125 3260 1156 3326 (a,
1167 3260 1198 3326 5).

245 3345 326 3393 sopra
342 3339 423 3388 t,158.
492 3324 518 3397 ἕ
533 3329 575 3378 28.
601 3328 639 3389 Cf.
654 3331 685 3391 ἕξ
709 3341 741 3380 ta.
757 3339 791 3379 11.
811 3331 834 3391 5.
850 3340 869 3379 1.
890 3329 911 3378 Ι.
931 3331 963 3378 de
982 3332 1029 3394 leg.
1050 3347 1110 3395 apa.
1129 3346 1199 3381 saco.

246 3399 324 3466 (1.1).
370 3395 395 3468 §-
410 3401 452 3450 29.
475 3398 512 3462 Of.
528 3400 551 3460 5.
567 3409 600 3449 aa.
618 3399 693 3448 Paul.
704 3411 754 3456 ce.
770 3401 793 3460 §-
804 3402 844 3450 22⁵
897 3395 922 3467 ξ.
939 3402 981 3450 30.
1003 3400 1120 3463 02111.
1143 3401 1199 3462 alp.

245 3481 315 3528 aaa.
335 3468 960 3536 Eptt.a,a.§.a.§.1.lactuca.cognatam).
1011 3466 1199 3539 §.Siata

245 3539 268 3588 1.
284 3541 339 3590 eod.
361 3540 399 3603 Cf.
414 3539 484 3603 Epit.
499 3541 516 3590 l.
532 3555 554 3589 c.
