2694 4110
286 161 346 226 848
441 177 498 215 vsu.
513 177 616 214 cvrvsn.
631 177 717 214 rvnsc.
731 177 915 214 cousvcnamo.
930 160 976 214 VI.
993 167 1088 216 6-10.

329 315 507 379 contestatus,
521 306 554 363 ad
569 305 697 363 heredem
709 323 764 364 non
787 307 987 362 transmittitur.
1003 303 1152 385 'P(ontlos)
1165 308 1212 365 lib.
1221 309 1243 365 1.

327 398 444 448 sentent.
460 384 516 446 tit.¹
546 392 570 446 si
585 390 720 448 hereditas
737 389 780 446 uel
802 389 867 463 quid
882 389 953 446 aliud
968 397 1086 464 petatur.

328 474 377 542 Oui
400 475 470 548 petit
493 473 687 543 hereditatem,
705 475 764 546 ipse
786 472 901 547 probare
923 472 1017 544 debet,
1033 473 1066 530 ad
1088 491 1119 532 se
1142 479 1243 550 magis,
1342 539 1343 542 Ἴ

328 574 407 632 quam
430 557 463 614 ad
485 573 563 629 eum,
586 559 631 630 qui
653 556 789 630 possidet,
812 557 871 613 siue
886 572 918 612 ea
940 566 1111 630 testamento,
1131 561 1192 624 siue
1206 560 1243 616 ab

327 645 472 713 intestato,
488 643 635 714 pertinere.

370 722 398 783 6.
420 725 491 782 idem
506 723 622 784 ecd.iib.
635 725 829 780 sententiarum
849 731 1030 798 receptarum,
1045 725 1140 782 eodem
1157 727 1242 785 titulo
1342 729 1343 738 ’

285 811 308 866 si
324 809 459 867 hereditas
474 801 542 866 etc.²

328 893 378 950 Eas
401 907 454 964 res,
470 908 538 966 quas
554 893 613 964 quis
636 892 702 947 iuris
722 891 763 946 sui
785 906 845 946 esse
860 898 950 964 putat,
965 900 1059 964 petere
1074 901 1179 966 potest:
1201 896 1242 950 ita

328 987 426 1041 tamen,
443 984 473 1032 ut
487 976 539 1050 ipsi
553 973 689 1032 incumbat
710 975 856 1030 necessitas
871 973 1012 1048 probandi,
1025 991 1069 1031 eas
1085 976 1117 1032 ad
1133 993 1162 1033 se
1176 994 1241 1050 per·

327 1063 423 1116 tinere.
918 1132 921 1139 Ι

369 1139 395 1200 7.
419 1143 483 1200 item
500 1142 560 1199 eod.
576 1142 651 1216 leges
666 1141 713 1199 lib.
729 1150 758 1198 et
772 1133 859 1200 ttt.:³.

327 1229 356 1284 in
379 1228 508 1300 petitione
531 1226 686 1282 hereditatis
708 1241 739 1281 ea
760 1226 884 1296 ueniunt,
899 1241 968 1298 quae
982 1225 1127 1284 deiunctus
1142 1228 1239 1284 mortis

328 1319 451 1383 tempore
473 1309 627 1382 dereliquit,
650 1308 693 1364 uei
710 1325 754 1374 ea,
770 1325 839 1382 quae
854 1316 1047 1382 postmortem
1063 1317 1125 1368 ante
1140 1311 1241 1368 aditam

329 1393 503 1450 hereditatem
525 1409 558 1449 ex
573 1409 603 1448 ea
620 1393 741 1466 quaesita
754 1399 827 1450 sunt.
848 1390 915 1448 Eod.
930 1393 977 1449 hb.
994 1402 1022 1449 et
1038 1395 1080 1452 tit.
1095 1396 1119 1450 si
1133 1394 1242 1452 heredi·

329 1486 369 1533 tas
385 1476 429 1532 uei
445 1476 510 1548 quid
526 1475 597 1532 aliud
613 1469 745 1548 petatur.⁴

369 1557 399 1618 8.
422 1558 478 1615 Lih.
493 1560 525 1616 il.
540 1568 610 1616 sent.
627 1559 710 1614 Pauiii
726 1559 769 1616 tit.
785 1575 817 1616 er
832 1567 924 1634 empto
939 1568 968 1616 et
982 1560 1092 1617 uendito
1102 1555 1128 1616 :⁵

328 1642 477 1700 heredibus
500 1640 629 1698 debitoris
651 1642 781 1700 aduersus
803 1642 977 1715 creditorem,
999 1647 1044 1718 qui
1063 1646 1176 1717 pignora
1193 1646 1243 1703 uel

329 1727 440 1786 fiducias
451 1727 586 1798 distraxit,
598 1725 670 1782 nulla
686 1727 755 1783 actio
768 1725 858 1798 datur,
876 1728 927 1784 nisi
942 1744 956 1783 a
973 1735 1098 1784 testatore
1109 1729 1242 1786 inchoata

328 1811 360 1868 ad
376 1827 423 1868 eos
438 1812 596 1868 transmissa
610 1811 655 1866 sit.

371 1891 401 1955 9.
423 1893 480 1952 Lib.
496 1894 538 1950 iil.
555 1892 628 1950 Paul.
645 1902 716 1951 sent.
733 1895 776 1952 tit.
792 1893 825 1951 de
840 1887 975 1967 legatisz⁶

329 1978 395 2036 Post
410 1977 481 2034 diem
496 1977 578 2052 legati
593 1977 733 2034 cedentem
746 1978 826 2050 actio,
844 1993 912 2051 quae
927 1977 1052 2036 inchoata
1067 1987 1189 2051 nonest,
1204 1981 1241 2038 ad

328 2059 456 2118 heredem
472 2077 527 2118 non
542 2062 744 2118 transmittitur.

370 2141 418 2204 10.
441 2145 506 2201 item
522 2145 637 2218 qualiter
659 2144 766 2202 donatio
789 2142 848 2224 heri
869 2144 974 2216 debeat,
994 2162 1026 2203 ea
1041 2163 1155 2220 corpore
1171 2146 1240 2204 lier-

287 2230 450 2303 mogeninni,
466 2229 507 2289 tit.
524 2228 557 2284 de
572 2228 663 2286 donat.
679 2229 750 2285 iuter
765 2231 816 2286 uir.
832 2240 859 2286 et
874 2245 952 2287 uxor.

330 2307 433 2387 'impu
449 2311 629 2370 biocletianus
650 2320 678 2368 et
692 2311 863 2368 Maximianus
879 2314 932 2368 ΔΑ.
944 2311 1075 2387 Septimio
1085 2312 1238 2372 Sabiniano.

329 2398 394 2452 Cum
416 2395 449 2451 de
471 2395 550 2452 bonis
573 2397 626 2452 tuis
648 2404 750 2468 partem
771 2395 878 2470 quidem
900 2397 1007 2454 tertiam
1022 2413 1106 2470 penes
1125 2404 1154 2455 te
1174 2399 1240 2454 reti·

215 2485 219 2491 '
328 2480 429 2550 nuisse,
452 2487 554 2551 partem
577 2495 644 2534 uero
667 2480 771 2534 tertiam
794 2481 821 2537 in
843 2496 912 2545 enm,
935 2496 1014 2554 quem
1030 2474 1081 2538 ’in⁸
1101 2490 1240 2554 potestate

330 2555 447 2634 ’honest
462 2577 494 2618 ac
511 2562 618 2618 tertiam
645 2563 672 2618 iu
693 2563 888 2636 emancipatum
910 2563 1063 2620 donationis
1077 2564 1158 2621 titulo
1174 2581 1307 2636 con-[asor

329 2645 425 2704 tulisse
446 2660 649 2708 commemores,
664 2654 778 2702 nonest
798 2649 863 2702 iuris
878 2649 983 2719 incerti,
999 2651 1026 2704 in
1041 2663 1102 2704 eum
1118 2649 1238 2721 quidem,

329 2731 424 2806 quiin
447 2729 530 2786 sacris
552 2729 667 2786 familiae
689 2739 751 2786 tuae
772 2739 908 2803 remanet,
931 2727 1136 2788 destinationem
1151 2735 1238 2805 magis

330 2823 456 2888 paternae
472 2812 621 2870 uoluntatis
645 2813 749 2886 iactam,
767 2830 844 2888 qoam
861 2809 1050 2888 ’periectam¹⁰
1065 2815 1237 2872 donationem

360 3015 379 3083 ¹)
395 3018 435 3068 lib.
450 3017 468 3066 i.
484 3023 584 3066 sentent.
604 3017 640 3066 tit.
660 3029 681 3069 e.
700 3018 757 3069 edd.
792 3017 849 3068 Noe
869 3017 969 3077 debito,
984 3021 1045 3084 quin
1059 3022 1160 3084 signnm
1174 3032 1194 3071 s.
1210 3021 1238 3070 in

286 3089 375 3140 codice
386 3090 470 3152 fuerit
484 3088 508 3137 P.
520 3107 553 3130 ε
565 3087 671 3146 Paratus,
686 3095 711 3137 et
719 3087 751 3138 ab
761 3088 902 3138 editoribus
912 3089 1009 3140 demum
1019 3105 1087 3153 pone
1101 3091 1137 3139 tit.
1151 3097 1239 3140 trans·

286 3163 364 3210 totum
377 3161 420 3211 sit.
448 3159 535 3209 Locos
548 3158 670 3208 exstotI.
685 3153 734 3210 rab.
749 3160 771 3220 ἐ.
786 3170 807 3208 4.
869 3156 987 3225 ²)Ltsb.
1003 3162 1026 3222 θ.
1040 3171 1061 3211 o.
1123 3156 1143 3224 ⁰)
1158 3159 1239 3212 Initio

281 3245 334 3296 pro
344 3231 405 3280 idem
415 3231 512 3294 scripsi
521 3229 587 3280 Item.
610 3227 684 3290 Quod
692 3237 753 3293 post
762 3229 798 3278 tit.
808 3228 866 3280 edd.
876 3229 976 3279 addent
985 3231 1030 3291 tt,
1040 3237 1127 3280 catum
1136 3231 1240 3280 videtur·

285 3317 320 3350 esc
337 3303 452 3366 sequenti
470 3301 502 3353 iu.
525 3299 574 3348 Est
591 3300 613 3352 I.
633 3294 681 3351 tab.
700 3302 723 3362 ὅ.
743 3312 762 3351 t.
836 3296 858 3365 ⁴)
872 3299 895 3348 I.
910 3295 959 3352 tab.
978 3302 1001 3362 ἓ.
1017 3313 1037 3350 1.
1111 3299 1133 3366 ⁵)
1146 3299 1185 3352 II.
1205 3312 1240 3353 tt.

285 3373 309 3432 ἓ.
325 3382 368 3428 12,
383 3371 427 3420 ubi
440 3372 491 3420 nid.
506 3379 557 3421 not.
617 3367 739 3436 ⁶)11tr.
755 3373 813 3432 §.m
875 3367 950 3436 ⁷)Cs.
965 3370 997 3420 L.
1012 3382 1046 3420 ιι.
1063 3370 1088 3420 0.
1104 3372 1136 3420 de
1149 3371 1240 3422 donat.

285 3440 317 3502 (8,
331 3441 375 3504 te).
395 3441 503 3490 Haenel.
522 3441 559 3490 ad
575 3440 664 3490 Herm.
680 3441 706 3490 0.
722 3456 750 3503 p.
766 3451 799 3490 tt.
873 3437 1031 3506 ⁸)Ea21ust.
1048 3440 1073 3490 0.
1093 3447 1118 3489 tu
1137 3441 1161 3489 in
1180 3442 1240 3491 edd.

286 3505 307 3571 ⁹)
322 3509 402 3558 EacI.
419 3510 445 3560 0.
460 3509 564 3559 habebas
578 3510 636 3559 edd.
690 3506 722 3575 ¹⁰)
737 3509 817 3559 EacI.
835 3509 860 3560 O.
875 3518 1014 3574 perpetuam
1028 3510 1085 3560 edd.
