2692 4114
429 207 496 244 nrm
512 207 607 244 earnm
625 208 697 246 seur.
716 188 761 246 tv.
783 197 823 246 12.
1036 191 1101 258 525

80 395 139 448 [4¹9]
366 387 429 433 uta.
444 389 501 430 111.
530 388 572 429 Du
587 386 878 432 unuvmestortmvs.

213 492 237 554 l.
264 485 396 550 ¹Serunm
416 505 586 547 communem
608 505 677 546 unus
699 506 732 546 ex
754 489 869 547 dominis
890 491 1102 550 manumittentis

150 580 274 638 Latinum
296 575 385 632 iacere
406 589 461 630 non
484 582 591 648 potest,
620 589 670 630 nec
696 575 779 648 magis
807 569 1103 634 ’etnen21tonnnun

135 665 227 722 ouius
250 660 340 734 portio
363 674 396 716 eo
419 673 492 727 casn,
515 673 586 731 quo,
608 658 631 712 si
653 661 780 730 proprius
802 666 891 731 esset,
914 657 946 714 ad
968 661 1104 716 ciuitatem

151 747 296 804 Romanam
318 743 487 816 perueniret,
508 741 583 798 socio
605 742 740 798 accrescit.
778 737 808 798 2.
832 733 940 798 ¹¹blastus
961 751 989 799 et
1004 743 1104 800 surdus

152 844 261 886 sernum
276 825 395 884 uindicta
410 823 523 881 liberare
538 839 594 880 non
608 832 733 897 possunt.
769 825 842 882 iuter
860 826 959 882 amicos
976 834 1061 882 tamen
1078 835 1106 884 et

152 929 202 988 per
223 908 365 984 epistolam
386 909 573 966 manumittere
593 923 648 964 uon
662 905 851 980 probibentur.
897 901 949 965 ¹Ut
968 917 1058 965 autem
1073 910 1106 966 ad

153 998 250 1052 iustam
278 993 429 1050 libertatem
454 991 597 1066 peruenire
625 992 729 1064 possit,
757 991 914 1048 condicione
943 992 1105 1050 uenditionls

154 1078 210 1155 'lab
225 1071 291 1154 ι’ἱε)5
305 1079 390 1151 excipi
405 1083 504 1149 potest.
543 1071 572 1132 3.
596 1066 767 1132 ¹'lormeniis
789 1075 859 1149 apud
878 1076 1027 1149 praesidem
1042 1076 1106 1132 snb·

153 1166 239 1220 iectus
254 1169 283 1218 et
303 1160 336 1216 de
355 1159 430 1216 nulla
450 1159 528 1232 eulpa
548 1158 688 1215 ooniessus
709 1157 742 1214 ad
763 1159 860 1216 iustam
880 1159 1031 1217 libertatem
1046 1175 1106 1235 per·

154 1247 214 1304 duci
232 1252 334 1318 potest.
377 1243 406 1302 4.
430 1234 689 1300 ¹llldeloommisso⁸
709 1240 819 1298 libertas
834 1242 895 1300 data
912 1242 983 1300 iacto
999 1243 1107 1300 heredis

155 1345 211 1386 non
222 1334 353 1396 mutatur,
363 1327 386 1382 si
397 1341 515 1389 seruum
526 1341 604 1399 quern
617 1326 803 1382 manumittere
815 1327 905 1382 iussus
918 1335 970 1398 est,
982 1327 1106 1384 uinxerit.

155 1409 184 1472 b.
219 1403 412 1466 ¹Communem
438 1424 546 1466 seruum
572 1425 642 1465 unus
668 1424 700 1464 ex
726 1410 808 1466 sociis
832 1409 974 1467 uinciendo
1000 1409 1107 1467 loturae

156 1493 274 1552 libertati
294 1509 347 1548 non
363 1490 484 1550 nocebit:
504 1494 575 1548 inter
594 1508 672 1566 pares
692 1493 763 1549 euim
783 1495 930 1550 sententias
950 1494 1108 1551 clementior

156 1579 287 1635 seueriorl
308 1576 469 1651 praefertur.
506 1584 534 1632 et
562 1585 635 1634 certe
661 1576 791 1632 humanae
816 1578 929 1634 rationis
951 1586 993 1636 est
1020 1578 1108 1634 lauere

156 1659 354 1734 miserioribus,
376 1669 405 1717 et
419 1676 504 1735 prope
525 1660 681 1716 innocentes
703 1659 807 1730 dicere,
830 1676 899 1734 quos
922 1659 1045 1718 absolute
1060 1678 1108 1717 no·

154 1754 247 1804 centes
262 1744 438 1820 pronuntiare
460 1759 515 1800 non
530 1759 684 1817 possumus.
688 1735 714 1776 ¹⁰
749 1737 779 1800 6.
804 1735 943 1800 ¹¹liebltor
958 1743 1109 1802 crediturne

154 1846 264 1887 seruum
275 1829 411 1928 pignoris
434 1825 576 1883 uinciendo
603 1825 757 1882 dediticium
783 1807 873 1884 lacere
899 1843 954 1884 non
979 1836 1108 1900 possunt:

154 1913 224 1970 alter
239 1913 309 1969 enim
324 1914 382 1968 sine
397 1910 482 1967 altero
498 1925 605 1966 causam
627 1911 749 1984 pignoris
771 1909 934 1977 deteriorem
950 1910 1038 1968 lacere
1054 1928 1109 1967 non

156 2004 258 2070 potest.
294 1991 322 2052 t.
344 1994 446 2050 Seruus
467 1994 562 2049 luciosi
583 1992 682 2050 domini
708 1993 752 2050 ucl
779 1993 874 2068 pupilli
901 1995 977 2050 iussu
1002 1995 1110 2051 uinctus

157 2079 347 2135 dediticiorum
363 2093 475 2133 numero
491 2093 546 2132 non
562 2074 691 2148 eflicitur,
707 2079 768 2151 quia
784 2093 873 2152 neque
888 2077 1007 2135 luciosus
1022 2095 1111 2152 neque

157 2160 278 2237 pupillus
298 2161 383 2217 exacti
402 2159 508 2216 consilii
533 2175 613 2232 capax
638 2170 688 2217 est.
737 2157 767 2218 8.
790 2160 849 2217 lion
875 2168 978 2218 tantum
1004 2163 1026 2218 si
1052 2163 1111 2236 lpse

158 2246 282 2301 dominus
297 2244 416 2314 uinciat,
431 2250 512 2299 nocet
527 2241 661 2313 liberiori,
676 2242 723 2300 sed
739 2251 767 2301 et
781 2245 805 2302 sl
820 2246 916 2302 uinciri
937 2245 1043 2319 iubeat,
1065 2254 1111 2302 aut

159 2329 300 2385 uincientis
319 2326 505 2401 procuratoris
532 2326 666 2382 actorisue
689 2326 788 2385 iactum
810 2327 975 2402 comprobet.
1013 2328 1111 2403 quodsi

159 2419 302 2485 antequam
316 2413 399 2468 sciret
415 2411 550 2479 uinctum,
566 2409 710 2466 solutionis
726 2412 784 2468 eius
799 2428 894 2469 causas
909 2412 1110 2488 apprehendit,

87 2499 143 2550 [⁴³⁰]
158 2494 277 2552 libertati
297 2495 405 2551 iutnrae
425 2493 534 2550 uincula
555 2509 609 2549 non
626 2493 770 2552 nocebunt.
815 2491 845 2552 9.
871 2489 987 2554 ¹²Caeco
1002 2506 1112 2554 curator

159 2577 215 2635 dari
230 2595 285 2636 non
300 2585 400 2654 potest,
418 2578 480 2652 quia
494 2579 552 2651 lpse
567 2575 618 2634 sibi
633 2587 838 2652 procuratorem
853 2581 995 2638 instituere
1011 2589 1111 2655 potest.

232 2764 279 2814 uit.
299 2764 363 2814 XII.
403 2760 473 2830 1)(.Υ.
488 2764 543 2828 Ulp.
554 2777 575 2822 1,
586 2776 618 2816 1⁸.
636 2765 679 2814 dic.
691 2764 791 2815 Dorici.
802 2777 835 2817 ιο.
888 2763 909 2832 ¹)
924 2781 993 2831 qnam
1008 2767 1042 2832 (q.
1053 2774 1111 2817 orto

156 2851 192 2885 ca:
205 2843 323 2900 sequente
337 2833 371 2900 ci)
385 2835 461 2884 ciuem
477 2835 539 2886 Gdd.
555 2835 613 2886 edd.
691 2831 712 2900 υ)
729 2835 766 2898 Cf.
782 2835 814 2884 t.
828 2848 849 2886 1.
868 2835 900 2886 D.
916 2838 960 2902 qai
973 2843 999 2886 et
1011 2853 1028 2886 a
1043 2837 1110 2901 quib.

158 2922 265 2955 manum.
281 2904 330 2972 (to,
344 2904 381 2972 e),
395 2905 455 2954 dam
469 2906 572 2970 intepru
586 2912 656 2958 erat.
676 2905 708 2955 de
723 2908 918 2956 manumissione
933 2908 1001 2957 inter
1015 2909 1112 2958 amicos

159 2979 306 3040 toquentem.
326 2975 358 3026 L.
373 2987 406 3026 ιο.
427 2974 452 3024 0.
468 2977 512 3039 qai
526 2981 622 3025 testam.
634 2975 689 3038 fac.
704 2974 736 3041 (a,
746 2974 790 3040 22).
842 2974 863 3042 ⁴)
879 2977 917 3042 Of.
933 2976 965 3026 L.
978 2989 1011 3028 ιο.
1031 2978 1063 3027 D.
1079 2978 1111 3027 de

159 3062 266 3096 monum.
282 3045 352 3095 vind.
367 3043 411 3110 (tu,
425 3043 457 3110 2).
477 3045 508 3093 L.
524 3056 557 3096 18.
573 3045 605 3094 D.
620 3046 651 3094 de
666 3061 774 3095 manum.
789 3044 834 3110 (ιο.
847 3045 878 3112 1).
953 3045 1111 3112 ¹)Suppleoi

154 3124 216 3180 post
225 3117 299 3164 -onis
309 3116 386 3164 etiam
395 3122 471 3164 antea
481 3117 566 3164 malim
575 3117 660 3178 possit,
671 3115 702 3164 id.
742 3112 813 3181 ⁸)Cf.
826 3116 959 3183 Gai.1,1tt.
978 3117 1110 3180 Ulp.r,11.

161 3184 181 3251 ¹)
198 3186 236 3250 Of.
245 3186 276 3236 L.
288 3195 365 3236 1242.
385 3185 416 3235 D.
428 3185 459 3234 de
465 3186 614 3248 fideicomm.
626 3185 668 3234 lib.
679 3184 724 3251 (4ο,
734 3184 765 3251 n).
787 3186 843 3236 Gai.
855 3189 871 3235 t.
882 3203 904 3237 o.
952 3185 973 3252 8)
990 3188 1111 3251 Plerique

161 3256 223 3307 Odd.
244 3255 427 3305 fideicommissa
446 3270 481 3304 em
499 3256 560 3304 aliis
578 3256 636 3306 edd.
709 3253 730 3320 ο)
746 3256 785 3318 Cf.
800 3256 831 3304 L.
847 3268 880 3307 ts.
904 3257 937 3307 D.
953 3271 1038 3306 comm.
1059 3258 1110 3305 diu.

160 3324 249 3391 (10.2).
307 3322 339 3390 ¹⁰)
356 3325 393 3388 Cf.
408 3323 497 3375 Senec.
512 3340 550 3388 ep.
565 3337 599 3377 81.
622 3325 726 3386 Quintil.
741 3327 806 3375 decl.
821 3336 868 3377 eet.
924 3321 957 3390 ¹¹)
975 3325 1013 3388 Cf.
1029 3325 1060 3374 L.
1076 3337 1110 3377 st.

159 3398 183 3458 ξ.
198 3399 242 3445 ult.
258 3396 290 3444 D.
305 3395 337 3444 de
348 3397 421 3460 pipn.
437 3403 487 3460 act.
502 3394 547 3459 (13,
562 3395 593 3464 t).
657 3393 690 3462 ¹¹)
707 3396 744 3459 Cf.
760 3397 783 3457 §-
797 3407 818 3446 4.
838 3395 859 3443 I.
875 3396 906 3444 de
920 3402 1004 3444 curat.
1019 3394 1050 3460 (1,
1066 3394 1111 3460 22).

162 3465 214 3515 Nee
233 3467 314 3531 ipitar
333 3480 409 3516 caeco
428 3465 504 3516 datus
523 3473 629 3518 carator
643 3466 779 3516 vinciendo
792 3479 894 3515 seruam
908 3467 981 3516 caeci
996 3465 1113 3516 libertati

160 3538 215 3584 etas
230 3543 310 3586 nocet.
358 3566 361 3572 ·
