2680 4112
405 252 519 290 assume
537 253 651 290 raeccvr
670 253 827 292 nrcrmsvs.
1035 249 1095 306 107

129 379 232 455 quibus
253 395 321 453 apex
341 381 493 436 retineatur
512 388 540 435 et
559 382 721 451 remittatur,
745 397 814 455 qnae
832 381 865 438 ab
880 381 1041 439 offendendo
1058 383 1097 440 dl·

131 473 240 521 cantur.
277 481 338 519 narn
361 463 496 536 quemad
518 472 637 519 mentum
652 475 814 537 peruentum
829 468 874 538 sit,
896 465 1009 523 ollendit
1023 483 1096 523 men·

131 559 198 605 tum.
213 577 256 588 ·-
271 547 344 602 llest.
359 564 386 603 r.
404 545 554 602 Ollendices
569 564 596 620 p.
613 546 684 605 205.

192 626 242 689 10.
268 630 374 687 Oletum
390 639 496 686 stercus
512 630 668 688 humanum.
699 630 843 691 Veranius:
864 630 1052 690 ‘Sacerdotula
1067 637 1095 691 in

129 717 249 773 sacrario
265 714 379 770 Martiali
393 714 459 770 iecit
473 714 597 770 oletum’.
613 714 743 771 -Paul
760 731 802 789 ep.
818 714 890 773 l'est.
906 733 933 790 p.
949 717 1021 776 203.

194 795 235 855 11.
259 792 389 854 ‘lluries¹
422 797 487 869 est',
515 797 741 871 quemadmodum
763 799 893 856 Veranius
920 801 1015 872 docet,
1044 802 1095 864 tear.

129 899 201 956 quae
217 880 357 938 inassati
373 881 494 946 sordido,
511 883 538 937 in
554 882 608 954 pila
622 884 710 956 pisato
726 890 754 938 ct
767 884 796 938 in
811 883 892 939 ollam
907 881 1014 941 fictilem
1030 901 1095 942 con·

129 969 204 1022 iecto
227 964 320 1039 ibique
342 973 440 1039 operto
461 974 631 1038 gypsatoque
647 974 675 1022 et
690 967 718 1022 in
733 965 814 1022 iurno
829 975 969 1040 percocto,
984 970 1027 1024 cui
1042 971 1096 1026 vlr-

130 1051 210 1123 gines
225 1043 346 1106 Vestales
368 1065 442 1105 serra
463 1049 550 1104 ierrca
571 1057 646 1106 secto
667 1057 695 1105 et
714 1051 741 1105 in
758 1052 855 1106 seriam
870 1053 1005 1122 coniecto,
1027 1069 1096 1125 quae

130 1143 174 1189 est
193 1136 269 1190 intus
288 1135 317 1188 in
340 1133 406 1190 aede
423 1133 520 1188 Vestae
539 1134 567 1188 in
588 1148 659 1206 penu
674 1135 818 1206 exteriore,
835 1149 930 1207 aquam
947 1137 1038 1208 iugem
1053 1137 1096 1193 uel

82 1229 125 1276 [aa]
132 1217 291 1291 quamlibet,
312 1225 502 1290 praeterquam
523 1232 592 1290 quae
607 1232 656 1290 per
671 1216 775 1273 fistulas
789 1219 875 1286 uenit,
897 1217 999 1274 addunt
1014 1226 1096 1293 atque

130 1317 164 1356 ea
179 1301 288 1356 demum
303 1303 331 1355 in
346 1299 486 1356 sacrificiis
501 1300 638 1356 utuntur’.
656 1329 693 1340 -
710 1299 783 1359 dest.
798 1317 824 1356 v.
840 1299 938 1358 llnries
953 1319 980 1376 p.
998 1302 1068 1360 158.

199 1381 247 1442 te.
270 1383 322 1439 Sed
341 1384 471 1439 Veranius
491 1375 689 1440 Pontificallum
709 1400 742 1440 eo
763 1383 841 1455 libro,
869 1401 949 1460 quem
974 1385 1038 1442 iecit
1063 1387 1097 1444 de

134 1467 388 1542 supplicationibus,
402 1469 441 1523 ita
454 1469 508 1523 ait:
525 1465 659 1538 ‘Pinariis
676 1469 722 1541 qui
737 1469 878 1526 nouissimi
894 1485 1003 1527 comeso
1017 1487 1096 1544 pran-

132 1551 180 1606 din
197 1553 343 1623 uenissent,
359 1552 489 1608 numiam
505 1566 599 1607 manus
614 1568 759 1625 pransores
774 1551 905 1624 lauarent,
922 1556 1094 1628 praecepisse

130 1634 287 1698 Herculem,
308 1651 343 1692 ne
362 1634 426 1708 quid
447 1643 544 1708 postea
564 1637 616 1708 ipsi
635 1643 682 1691 aut
703 1637 850 1709 progenies
865 1639 987 1710 ipsorum
1003 1655 1035 1693 ex
1050 1637 1096 1695 de·

129 1720 200 1774 cima
225 1727 370 1793 gustarent
394 1718 524 1774 sacranda
550 1718 610 1790 sihi,
636 1719 684 1774 sed
710 1719 881 1776 ministrandi
907 1721 1096 1777 tantummodo

128 1819 221 1874 eausa,
238 1819 295 1859 non
306 1803 339 1858 ad
351 1802 443 1876 epulas
454 1801 654 1858 conuenirent'.
667 1831 710 1882 7-
720 1801 837 1859 ldacrob.
850 1804 906 1860 Sat.
919 1804 948 1874 3,
962 1804 991 1860 6.
1004 1801 1032 1878 S.
1047 1804 1096 1862 14.

257 1962 478 2030 *annulus
501 1963 695 2030 innocus
717 1962 976 2031 Licinianis

488 2069 606 2137 (eiusdem
621 2065 746 2136 aetatis).²

398 2179 445 2234 lle
473 2177 831 2252 indigitamentis.

194 2286 219 2346 1.
242 2287 365 2344 Eundem
385 2301 445 2344 esse
460 2285 571 2343 Genium
594 2295 621 2342 et
635 2285 738 2357 Larem,
762 2285 838 2342 multi
866 2295 972 2344 ueteres
997 2303 1096 2344 memo·

129 2375 187 2430 riae
212 2371 408 2448 prodiderunt,
434 2372 461 2426 in
485 2373 562 2444 queis
588 2372 668 2426 etiam
692 2370 804 2426 Granius
825 2369 937 2428 Flaccus
963 2371 991 2430 iu
1016 2371 1095 2444 libro,

209 2515 230 2577 ²)
245 2518 282 2582 Of.
296 2533 379 2582 supra
394 2516 468 2567 Num.
484 2516 591 2566 Fabium
601 2515 731 2568 Pictorem
744 2528 765 2570 o.
802 2513 823 2583 ¹)
840 2515 891 2580 Qui
903 2519 969 2568 duos
981 2525 1097 2569 statuunt

137 2589 259 2650 Granios,
269 2588 391 2639 Flaccum
399 2590 515 2651 alterum,
525 2589 634 2638 alterum
642 2588 819 2647 Licinianum,
830 2591 902 2638 nulla
912 2589 941 2638 id
949 2589 1043 2638 idonea
1052 2605 1097 2639 ra-

133 2661 204 2710 tione
210 2660 304 2723 facere
313 2660 441 2709 uidentur.
465 2657 630 2718 Quamobrem
636 2674 705 2708 nunc
715 2665 740 2708 et
749 2673 838 2708 nomen
851 2657 946 2708 &unii
952 2661 1019 2708 auxi
1028 2666 1052 2708 et
1059 2660 1096 2723 fr.

131 2743 152 2782 a.
167 2732 194 2780 ei
207 2730 347 2794 adscripsi.
369 2727 500 2790 Quaedam
509 2729 586 2778 etiam
599 2743 686 2782 eorum
699 2743 734 2778 esc
743 2728 791 2778 boc
808 2728 907 2779 Granio
924 2730 1096 2793 uidenturpe·

131 2803 189 2860 tita,
203 2815 271 2866 quae
280 2797 410 2862 Arrabo,
421 2811 440 2850 t.
451 2797 734 2862 compluribusprueter
747 2798 871 2848 Granium
880 2799 1029 2850 auctoribus
1042 2803 1096 2849 lau-

131 2873 203 2921 datis
212 2871 246 2920 de
253 2868 295 2919 ou·
304 2871 415 2920 historia
424 2869 515 2932 refert,
525 2885 542 2918 a
550 2871 624 2918 cuius
634 2871 719 2932 capite
729 2871 831 2919 inuento
843 2869 994 2932 Capitolium
1001 2871 1096 2920 dictum

131 2957 188 2992 esse
198 2939 397 3004 fabulabantur.
416 2967 448 2976 -
465 2940 581 2989 Ceterum
596 2941 623 2988 in
636 2939 685 2989 boc
696 2939 773 3001 finem
783 2939 875 3002 facere
884 2941 989 3002 placuit
1001 2956 1097 3002 eorum,

132 3013 177 3077 qui
187 3011 272 3061 libera
282 3011 417 3074 republica
426 3012 596 3074 scripserunt.
615 3009 660 3058 Ex
670 3008 762 3074 quibus
770 3012 795 3058 εἰ
806 3010 928 3074 quosdam
942 3012 1024 3068 omisi,
1035 3025 1097 3075 quos

131 3084 191 3148 quis
205 3082 406 3139 desiderauerit,
421 3081 450 3130 id
465 3097 495 3130 ea
509 3082 619 3130 maxime
633 3081 665 3128 de
680 3095 760 3129 causa
772 3079 872 3143 fuctum
890 3087 935 3139 est,
950 3082 1019 3146 quod
1032 3096 1097 3146 quae

131 3168 221 3203 eorum
230 3154 382 3216 reciperem,
393 3153 508 3201 incertus
517 3150 682 3200 haesitabam.
702 3149 735 3198 In
744 3149 786 3199 bis
791 3153 951 3214 praeprimis
961 3167 1096 3202 numerare·

132 3224 182 3273 dus
196 3229 236 3272 est
249 3221 286 3273 M.
305 3221 440 3272 Terentius
458 3221 555 3279 Varro,
574 3222 736 3272 doctissimus
751 3219 931 3280 Romanorum,
950 3224 995 3286 qui
1012 3222 1097 3270 multis

131 3291 1097 3358 quidemparlibusetiamiusdiniuumhumanumqueillustrauit,sedtamen

84 3419 86 3426 ¹
131 3366 214 3430 napis
220 3363 408 3428 polyhistorem
418 3378 492 3426 quam
502 3363 681 3425 iurisperitum
688 3377 775 3426 opens,
781 3363 813 3412 de
822 3377 871 3427 quo
881 3363 932 3412 uiui.
942 3360 1097 3424 Bernhardy

132 3434 204 3484 Ram.
215 3433 269 3484 Lit.
281 3434 321 3484 ed.
335 3445 357 3484 4.
364 3447 392 3497 p.
403 3443 450 3486 858.
473 3431 545 3482 Idem
559 3432 631 3482 cadit
646 3433 673 3480 in
690 3431 720 3481 P.
737 3431 871 3498 Nipidium
886 3431 1013 3495 bipedum,
1023 3431 1097 3479 cuites

131 3506 162 3555 de
172 3504 269 3554 studiis
278 3511 304 3554 et
312 3502 434 3568 operibus
444 3505 547 3568 eprepie
560 3503 669 3566 scripsit
683 3501 719 3552 M.
730 3501 812 3553 Hertz
827 3501 985 3552 Berol.1ona.
1014 3499 1096 3549 Prae-

131 3577 193 3626 terii
208 3576 287 3625 etiam
301 3574 339 3625 Μ.
356 3573 473 3624 dulcium
482 3572 638 3623 Nobiliorem
648 3579 673 3622 et
682 3573 727 3636 qui
736 3588 793 3622 eum
803 3572 913 3622 insecuti
921 3577 989 3633 sunt,
1000 3576 1097 3621 tantum
