2684 4112
241 225 305 292 452
608 241 699 277 rvnrvs
716 239 845 277 ravnnvs.

245 377 407 430 authentica
426 375 516 428 Paulli
540 375 678 443 scriptura
700 376 860 443 profectum
883 377 912 428 et
934 377 1135 444 propagatum,
1160 377 1209 428 vix

244 443 374 512 intellegi
391 443 493 512 potest.
528 442 637 496 Deinde
656 443 692 496 de
711 458 744 496 eo
763 443 922 511 quaeritur,
943 443 1018 508 quod
1040 443 1070 496 in
1093 443 1208 512 quibus·
1233 473 1239 484 ·

243 513 309 565 dam
328 511 465 565 Breviarii
477 510 630 564 Alariciani
648 509 790 564 codicibus
828 525 859 563 ro
877 510 1023 564 sententiis
1041 511 1208 588 simpliciter
1223 513 1289 568 [³541

244 580 375 633 dicuutur
394 577 569 632 ‘Sententiae
588 579 739 646 receptae’.
769 528 826 631 Sec?
836 594 899 654 cum
910 577 981 631 haec
993 577 1115 633 adiectio
1127 581 1208 648 igno-

243 651 330 713 retur,
348 646 510 713 ubicunque
527 645 597 698 alias
619 645 720 698 harum
739 645 945 699 Sententiarum
964 645 1072 700 mentio
1090 647 1129 714 fir,
1153 647 1209 700 hoc

244 717 288 769 est
304 715 334 768 in
352 713 517 779 Collationa,
534 712 564 766 in
582 712 758 780 Fragmentis
776 711 934 778 Vaticanis,
952 713 982 765 in
1000 712 1051 771 Tb.
1070 713 1111 780 0.,
1129 714 1159 768 in
1177 713 1208 771 L.

244 782 323 838 Rom.
341 780 583 848 Burgundionum,
602 780 632 832 in
650 779 746 834 Indice
764 779 936 845 Florentino,
954 780 982 832 in
1002 781 1148 836 Iustiniani
1160 781 1209 835 Di·

243 846 1208 971 tl⁸l⁸.3ttttl⁸ltl‘tttlrlltttt⁰ttltlnttllll:

242 931 1209 1118 nlcmsiraccinclanullan

244 1119 386 1189 opinantis
404 1119 439 1171 ab
458 1118 527 1186 ipsis
544 1116 573 1169 in
591 1116 685 1185 legem
702 1133 782 1171 snam
800 1121 931 1186 receptas
954 1119 1005 1172 bac
1016 1070 1208 1189 ’cognogmina-

243 1189 321 1242 lione
334 1185 494 1239 Sententiae
512 1201 530 1238 a
541 1185 670 1253 genuinis
683 1185 857 1254 distinguere
870 1185 1004 1252 voluisse3
1022 1203 1088 1240 nam
1107 1187 1206 1240 eadem

244 1256 315 1308 etin
329 1253 539 1308 consultatione
553 1267 575 1305 c.
590 1257 613 1317 6,
627 1258 650 1305 6.
665 1255 753 1320 extat,
766 1253 811 1306 oui
823 1252 893 1310 fides
905 1253 934 1320 in
946 1252 999 1307 hac
1010 1271 1041 1308 re
1056 1253 1133 1308 nullo
1146 1255 1208 1308 iure

245 1322 413 1389 derogatur,
432 1323 461 1373 at
478 1321 501 1372 si
519 1319 589 1373 haee
608 1336 675 1374 vera
693 1336 778 1374 causa
796 1322 883 1386 esset,
906 1336 962 1374 non
984 1321 1207 1400 intellegeretur,

265 1389 313 1442 uin
332 1389 362 1441 et
381 1387 466 1440 ceteri
484 1386 550 1439 libri
562 1387 629 1440 iuris
641 1389 744 1442 veteris
756 1389 785 1441 in
798 1391 891 1458 legem
903 1388 982 1442 illam
994 1396 1111 1458 recepti,
1130 1389 1209 1444 velut

244 1407 446 1524 gregorianus,
458 1454 703 1532 Hermogenianus
716 1464 745 1509 et
756 1455 967 1509 Theodosianus
979 1455 1095 1511 Codices
1107 1457 1208 1511 eadem

246 1523 438 1593 appellatione
451 1520 594 1590 'insigniti
621 1523 734 1576 fuerint.
775 1523 813 1576 At
838 1522 967 1577 Paullum
985 1525 1096 1578 constat
1121 1525 1209 1578 alium

246 1605 359 1660 quoque
371 1589 474 1642 librum
486 1588 605 1643 edidisse
615 1591 780 1659 inscriptum
792 1590 994 1658 ‘Imperialium
1004 1593 1209 1646 sententiarum

246 1660 276 1713 in
300 1657 509 1726 cognitionibus
531 1657 705 1725 prolatarum
728 1658 777 1716 lib.
798 1659 858 1722 Vl',
883 1659 932 1726 qui
954 1675 1018 1712 cum
1040 1659 1209 1713 succinctius

247 1726 479 1781 ‘Sententiarum’
499 1724 582 1778 titulo
601 1726 755 1795 propagari
773 1726 945 1795 coepissent,
967 1743 1002 1779 ne
1025 1745 1090 1780 cum
1112 1727 1208 1781 alteris

246 1793 456 1849 Sententiarum
481 1791 561 1845 libris
584 1793 835 1858 confunderentur,
857 1793 943 1846 variis
965 1795 1170 1848 adiectionibus
1191 1810 1210 1848 a

247 1861 369 1916 librariis
387 1859 512 1914 distincti
529 1861 603 1924 sunt,
621 1861 700 1914 velut
718 1859 938 1915 ‘Sententiarum
950 1861 1009 1915 sive
1022 1861 1209 1916 Decretorum

245 1930 321 1984 libri’
340 1928 369 1981 in
388 1927 557 1996 quibusdam
574 1927 754 1997 Digestorum
776 1929 859 1994 locis,
883 1928 928 1982 vel
945 1928 1122 1982 ‘Sentention
1144 1949 1208 1998 ητοι

247 1998 355 2052 iacton’
373 1996 402 2049 in
414 1995 510 2049 Iudice
523 1995 693 2050 Florentino.
713 1996 773 2050 Hoc
786 2011 853 2050 vero
872 1995 937 2049 siin
954 1996 1003 2049 illo
1015 1996 1089 2050 libro
1101 1998 1209 2051 factum

247 2067 366 2132 constat,
386 2064 489 2116 mirum
506 2078 598 2131 paene
610 2063 701 2117 videri
714 2063 839 2127 deberet,
857 2063 880 2116 si
892 2079 948 2117 non
962 2063 1047 2117 ctiam
1059 2065 1089 2116 in
1102 2066 1207 2130 nostro,

245 2135 366 2188 maxime
387 2131 437 2184 illa
460 2130 507 2184 ‘ad
525 2130 627 2184 filium’
650 2131 832 2200 inscriptione
855 2130 968 2196 amissa,
993 2129 1090 2184 siinilis
1113 2132 1208 2186 cautio

246 2199 441 2270 distinguendi
454 2214 537 2250 causa
550 2213 567 2251 a
580 2198 748 2264 quibusdam
760 2198 889 2253 adhibita
901 2200 998 2252 esset¹
1018 2199 1099 2263 Quod
1112 2203 1208 2253 autem

246 2273 397 2336 ‘receptas’
415 2267 466 2318 has
484 2265 645 2318 Sententiae
663 2267 911 2335 cognominarunt,
935 2267 1042 2319 factum
1060 2282 1119 2320 esse
1137 2269 1208 2336 puto

245 2336 354 2390 ratione
371 2333 470 2387 habita
487 2332 676 2400 imperialium
695 2334 940 2399 constitutionum,
965 2349 1038 2401 quae
1061 2333 1097 2388 de
1115 2334 1209 2388 Paulli

246 2401 358 2469 scriptis
376 2400 422 2453 vel
433 2398 632 2452 confirmandis
645 2400 692 2454 vel
703 2400 878 2454 infirmandis
890 2401 990 2470 postea
1003 2401 1119 2455 emissae
1132 2403 1206 2463 sunt,

245 2469 368 2521 maxime
387 2466 416 2519 L.
434 2473 459 2523 2.
488 2465 540 2518 Th.
560 2465 589 2520 G.
607 2465 642 2519 dc
661 2483 733 2535 resp.
750 2469 833 2537 prud.
851 2472 887 2533 (1,
905 2472 945 2535 4),
968 2485 1041 2536 quae
1060 2469 1209 2537 speciatim

246 2537 296 2589 has
312 2533 472 2588 sententias
490 2534 617 2610 ‘recepta
633 2535 811 2590 auctoritate’
831 2535 999 2593 firmaverat.
1023 2536 1092 2590 Cum
1112 2539 1209 2590 tamen

245 2603 309 2656 hisi
331 2605 367 2654 sis
380 2599 627 2654 constitutionibus
645 2601 730 2656 etiarn
749 2606 896 2672 acceptum
909 2601 1117 2681 quodammodo
1134 2605 1209 2658 rofe-

245 2686 296 2726 ren
319 2687 364 2723 um
388 2669 433 2734 sit,
458 2667 532 2734 quod
556 2668 647 2722 adbuc
670 2670 761 2724 Paulli
784 2671 935 2725 Sententiis
957 2671 1088 2738 fruimur,
1110 2671 1208 2740 paullo

246 2737 403 2791 accuratius
421 2750 465 2789 res
484 2736 642 2790 enarranda
659 2739 709 2791 est.

314 2804 465 2858 Sciendum
484 2805 526 2856 est
537 2803 633 2873 igitur,
653 2821 765 2859 causam
778 2806 962 2860 restitutionis
975 2805 1101 2860 damnati
1113 2805 1208 2858 cnius-

247 2873 320 2934 dam,
338 2873 384 2925 cui
397 2871 594 2926 Constantinus
605 2872 730 2938 favebat,
748 2889 812 2926 cum
824 2873 917 2926 Paulli
929 2875 959 2927 et
970 2873 1083 2942 Ulpiani
1096 2872 1210 2942 aliquae

246 2940 282 2993 ad
301 2937 486 3008 Papinianum
504 2941 587 2992 notae
606 2940 633 2992 ei
650 2940 873 3006 adversarentur,
890 2941 1100 3011 imperatorem,
1118 2956 1154 2994 ne
1173 2957 1211 2995 ex

247 3008 340 3077 gratia
351 3007 503 3062 contraius
516 3023 663 3060 commune
675 3007 848 3075 rescripsisse
860 3007 1013 3075 videretur,
1024 3008 1209 3078 permovisse,

246 3076 280 3127 ut
305 3075 430 3144 generali
453 3075 572 3144 epistola
594 3075 629 3127 ad
652 3073 805 3127 Maximum
827 3076 1002 3145 praefectum
1025 3076 1089 3130 urbi
1132 3075 1211 3129 aucis

246 3142 386 3201 anteKal.
401 3142 462 3197 Oct.
476 3142 576 3196 diebus
591 3147 687 3194 a321.
716 3141 836 3196 Romam
855 3143 922 3197 data
934 3143 971 3196 Ul
992 3143 1051 3198 iani
1069 3145 1098 3197 et
1138 3143 1212 3196 aulli

245 3212 275 3262 in
287 3210 475 3280 Papinianum
493 3210 582 3273 notas,
601 3209 662 3276 ‘qui
680 3209 742 3278 (ait)
761 3210 827 3263 dum
844 3211 953 3280 ingenii
970 3161 1083 3265 liudem
1100 3213 1211 3265 sectan-

247 3388 401 3451 iuscripsisse
416 3386 549 3435 credendus
564 3391 608 3447 cst,
624 3392 649 3435 ut
663 3385 703 3434 alii
718 3394 772 3436 ante
788 3401 841 3437 cum
856 3389 893 3438 vel
912 3397 968 3453 post
982 3391 1097 3440 lecerunt.
1127 3388 1161 3438 Cl.
1178 3388 1210 3438 tl.

247 3459 318 3507 llertz
332 3459 449 3506 zeitschr.
465 3458 480 3507 l.
496 3457 519 3505 d.
534 3456 631 3504 Altcrlb.
647 3456 719 3506 Wiss.
735 3469 795 3510 1850.
810 3473 834 3524 p.
848 3471 896 3512 447.

321 3526 341 3592 ¹)
356 3529 420 3576 ldcm
435 3528 483 3576 lere
499 3527 575 3575 sensit
589 3527 655 3589 llugc
671 3527 927 3591 Gttt.gel.tuz.1aea
942 3547 966 3596 p.
978 3543 1037 3584 1299.
1060 3533 1093 3581 lle
1108 3532 1212 3581 aliorum

247 3599 400 3661 opinionibus
414 3598 462 3646 vid.
477 3597 582 3647 Arndlsii
597 3598 653 3647 edil.
683 3599 758 3649 Pracl.
774 3615 797 3664 p.
813 3601 852 3652 lll.
