2696 4120
250 231 313 298 308
548 247 606 284 usn
624 247 724 284 rusrur.
742 229 791 287 III.
810 233 917 284 88-92.
955 225 959 232 '

176 397 232 448 151.
314 388 363 447 88.
387 391 472 446 Nunc
494 397 679 446 transeamus
694 389 727 446 ad
743 388 938 463 obligationes,
962 405 1075 461 quarum
1091 383 1215 445 summa¹
1308 436 1310 442 .

252 475 349 530 diuisio
365 476 393 530 iu
409 475 473 530 duas
489 473 593 548 species
609 473 760 530 diducitur:
784 475 871 530 omnis
887 475 957 530 euim
973 473 1105 548 obligatio
1121 474 1166 530 uel
1182 491 1215 532 ex

252 567 397 616 contractu
412 559 534 616 nascitur
548 558 593 614 nel
608 573 640 614 en
656 558 765 615 delicto.

316 639 366 700 89.
389 642 421 698 Et
436 644 512 718 prius
527 642 666 700 uideamus
682 641 716 698 de
731 643 788 714 his,
810 659 880 716 quae
894 659 927 700 cx
942 651 1085 700 contractu
1100 659 1215 700 nascun-

253 737 306 785 tur.
345 729 439 784 harum
462 735 593 800 quattuor
606 743 713 799 ¹genera
733 735 810 782 suut:
834 735 881 783 aut
900 729 971 782 eninr
991 743 1023 784 re
1043 728 1216 785 contrahitur

254 813 401 888 obligatio,
418 821 464 868 aut
479 811 588 884 uerbis,
604 819 651 868 aut
665 811 779 882 litteris,
795 819 842 868 aut
856 827 1001 870 consensu.

319 893 372 955 90.
395 897 434 952 lie
450 897 621 954 contrabitur
636 895 766 968 obligatio
783 895 859 952 uelut
874 897 960 952 mutui
976 896 1099 966 datione3
1116 895 1218 966 (mutui

255 988 350 1040 autem
365 973 458 1061 datio)
473 981 584 1055 proprie
599 982 627 1035 in
643 973 705 1035 his²
719 979 802 1036 rebus
818 981 967 1055 contingit,
985 997 1055 1054 quae
1069 974 1217 1054 pondeic,³

253 1083 384 1129 numero,
412 1081 539 1122 mensura
566 1072 710 1135 constant,
738 1065 826 1136 qualis
854 1074 896 1122 est
925 1067 1038 1140 pecunia
1066 1076 1216 1137 numerata,

254 1153 363 1230 uinuni,
387 1149 494 1221 oleum,
511 1149 692 1219 trumentum,
709 1165 769 1223 aes,
786 1158 940 1222 argentum,
957 1165 1066 1223 aurum3
1090 1167 1157 1222 quas
1173 1167 1217 1206 res
1232 1171 1287 1225 [2301

253 1245 301 1292 aut
315 1233 482 1290 numerando
498 1241 545 1289 aut
560 1233 696 1290 metiendo
712 1242 758 1290 aut
776 1234 919 1308 pendendo
940 1235 968 1288 iu
988 1235 1041 1290 hoc
1055 1235 1162 1305 damus,
1187 1244 1218 1290 ut

255 1319 445 1392 accipientium
474 1317 540 1374 fiant
568 1326 596 1373 et
624 1317 787 1392 quandoque
809 1319 887 1375 nobis
912 1335 968 1374 non
990 1311 1141 1390 'eaedem,⁴
1169 1319 1218 1375 sed

255 1397 347 1460 ’aliae⁵
362 1401 485 1458 ciusdem
500 1411 618 1458 naturae
633 1401 796 1458 reddantur:
814 1404 885 1460 nude
900 1405 979 1458 etiam
991 1412 1114 1460 mutuum
1128 1401 1219 1478 appel·

255 1487 338 1544 latum
354 1494 405 1558 est,
430 1488 492 1560 quia
515 1485 588 1560 quod
609 1486 646 1542 ita
663 1484 711 1544 tibi
727 1503 741 1542 a
756 1503 800 1544 rne
814 1487 907 1544 datum
923 1495 980 1560 est,
1003 1505 1035 1543 en
1057 1504 1118 1544 meo
1141 1495 1219 1545 tuum

255 1564 313 1628 fit.⁶
355 1566 403 1630 91.
425 1571 450 1626 ls
467 1587 585 1644 quoque,
603 1570 719 1644 quinon
740 1571 861 1628 debitum
877 1571 980 1646 accepit
995 1571 1027 1628 ab
1043 1589 1087 1642 eo,
1110 1575 1157 1646 qui
1171 1588 1220 1647 per

256 1671 377 1711 errorem
393 1655 488 1726 soluit,
504 1672 533 1711 re
546 1653 699 1729 obligatur3
716 1672 778 1712 nam
793 1655 908 1730 proinde
923 1657 1068 1734 eicondici
1081 1663 1176 1731 potest
1191 1673 1221 1716 sr

254 1732 370 1796 Psuun⁷
385 1756 450 1798 nvn
464 1755 548 1798 naun
563 1755 737 1816 ononrnun,
753 1743 821 1796 acsi
836 1749 961 1797 mutuum
977 1743 1134 1815 accepisset.
1149 1741 1220 1798 uude

256 1825 363 1897 quidam
374 1833 482 1898 putant,
498 1817 631 1898 pupillum
642 1831 689 1878 aut
700 1824 851 1896 mulierem,
866 1826 908 1882 cui
920 1827 978 1882 sine
990 1828 1091 1883 tutoris
1104 1827 1221 1883 auctori·

256 1907 500 1966 tatenondebitum
511 1925 560 1983 per
572 1923 693 1964 errorem
705 1908 796 1965 datum
810 1917 862 1981 est,
874 1925 929 1966 non
941 1893 1028 1966 teneii
1038 1911 1220 1982 condictione,

256 2009 312 2050 non
327 1994 414 2069 magis
429 2009 509 2068 quam
524 1993 611 2050 mutui
627 1993 746 2050 datione.
779 1993 826 2050 sed
842 1993 911 2050 haec
926 1995 1031 2070 species
1048 1994 1221 2070 obligationis

256 2094 312 2135 non
333 2079 443 2135 uidetur
462 2094 495 2135 ex
516 2085 660 2135 contractu
683 2079 848 2149 consistere,
872 2080 934 2152 quia
960 2081 999 2151 is,
1025 2080 1071 2154 qui
1097 2080 1224 2137 soluendi

228 2159 230 2162 ’
258 2163 347 2218 auimo
363 2163 426 2234 dat,
448 2165 535 2237 magis
551 2163 703 2218 distrahere
718 2162 779 2218 nult
793 2164 935 2242 negotiana
954 2180 1035 2238 quam
1051 2165 1221 2224 contrahere.

219 2289 239 2310 ..
321 2243 370 2307 92.
388 2246 480 2303 Verbis
498 2239 502 2324 (
520 2246 650 2322 obligatio
667 2245 697 2302 fit
712 2263 743 2302 ex
759 2249 977 2321 interrogatione
992 2256 1020 2304 et
1031 2251 1222 2322 responsione,

257 2355 471 2368 ,.-.----

331 2395 352 2464 1)
364 2398 491 2448 Summam
500 2399 566 2448 dicit
574 2400 651 2448 etiam
661 2414 690 2448 eo
700 2406 828 2462 respectu,
839 2399 909 2463 quod
917 2399 1043 2468 quaedam
1053 2400 1224 2468 obligationes

257 2471 409 2520 accuratius
423 2485 477 2518 rem
491 2469 665 2519 tractantibus
678 2485 773 2520 rursus
786 2471 883 2520 similes
902 2476 1000 2520 tantum
1013 2473 1067 2520 sint
1085 2473 1139 2531 lais,
1159 2486 1224 2537 quae

259 2556 294 2590 ecc
308 2547 444 2590 contractu
459 2542 498 2588 uel
512 2555 547 2588 en
561 2540 656 2590 delicto
670 2548 823 2591 naseuntur.
848 2541 883 2604 cs.
898 2542 921 2602 ἓ.
937 2552 971 2593 91.
1046 2537 1067 2606 ²)
1082 2543 1141 2606 lere,
1156 2543 1225 2607 quod

257 2611 333 2660 addit
349 2611 387 2669 0.,
407 2618 478 2660 recte
498 2611 569 2660 deest
587 2613 614 2660 in
633 2611 697 2661 Iust.
716 2611 781 2661 Inst.
800 2627 893 2662 errore
911 2613 1014 2662 scilicet
1033 2620 1121 2662 natum
1135 2629 1170 2663 ex
1184 2629 1224 2663 se·

258 2685 347 2747 quenti
360 2683 440 2732 rebus.
506 2677 526 2748 ε)
542 2697 588 2746 qua
602 2697 642 2732 res
656 2683 763 2746 pondere
780 2683 806 2734 (J.
824 2681 934 2748 (sactum
948 2699 983 2732 eac
996 2684 1144 2746 antiquiore
1159 2685 1223 2733 citio

258 2755 372 2802 alieuius
386 2759 456 2802 certe
470 2767 574 2802 sensus:
592 2767 659 2816 quar.
671 2753 700 2802 de
714 2754 821 2817 pondere
832 2790 838 2802 .
850 2790 856 2803 .
867 2790 873 2804 .
885 2752 996 2818 constat).
1016 2767 1077 2816 qnae
1090 2767 1130 2802 res
1146 2768 1169 2815 p.
1181 2753 1221 2802 ed.

258 2823 307 2888 Bp.
359 2820 381 2890 ⁴)
395 2823 440 2872 En
454 2823 519 2873 Inst.
535 2825 618 2874 eadem
635 2824 660 2873 0.
671 2825 711 2876 ed.
721 2824 770 2890 Bp.
822 2821 845 2890 ὅ)
860 2825 905 2874 alia
917 2823 942 2872 O.
953 2823 992 2872 ed.
1004 2821 1051 2888 Bp.
1105 2819 1128 2890 6)
1142 2823 1222 2874 dato.

262 2893 318 2944 Non
338 2894 536 2958 inprobabiliter
555 2895 598 2946 hic
617 2895 718 2946 eccidit
736 2911 770 2945 eac
788 2895 852 2945 Inst.
872 2894 1055 2958 supplendum
1079 2891 1127 2960 (at)
1148 2909 1176 2944 cx
1195 2909 1224 2945 eo

259 2972 384 3014 contractu
399 2966 505 3014 nascitur
520 2967 591 3028 actio,
606 2980 667 3030 quac
682 2975 783 3016 uocatur
797 2967 926 3016 condictio.
955 2964 1042 3016 Etiam
1055 2964 1226 3030 Theophilus:

260 3026 292 3084 ἐκ
307 3029 339 3086 dl
353 3032 453 3088 τούτου
468 3036 524 3088 nai.
587 3034 607 3104 ⁷)
622 3045 704 3102 parret
720 3038 746 3089 0.

332 3173 376 3246 ἓξ.
392 3180 434 3230 88.
449 3181 490 3230 89.
508 3179 547 3244 Gf.
558 3196 603 3244 pr.
618 3182 641 3243 ξ.
657 3191 677 3230 a.
697 3179 719 3229 I.
736 3180 768 3229 de
782 3179 860 3244 obtin.
876 3177 908 3244 (a,
924 3176 968 3244 1e).
988 3179 1058 3242 Eptt.
1074 3190 1095 3241 a,
1110 3191 1123 3230 o
1132 3195 1176 3242 pr.
1192 3179 1225 3232 L.

261 3259 281 3298 1.
297 3263 341 3311 pr.
356 3251 379 3312 §-
395 3262 415 3300 1.
434 3250 467 3300 D.
482 3251 515 3301 de
529 3251 578 3302 obl.
589 3258 674 3302 etact.
685 3251 731 3316 (11,
742 3249 773 3316 t).
837 3245 863 3317 ᾗ.
878 3251 921 3300 90.
938 3271 972 3290 ==
982 3265 1026 3312 pr.
1042 3248 1144 3313 Lquib.
1159 3251 1226 3299 mod.

260 3334 291 3368 re
304 3327 387 3370 contr.
402 3318 434 3388 (a,
450 3319 494 3386 11).
526 3323 563 3386 Of.
579 3322 650 3386 ltptt.
665 3334 686 3384 2,
701 3333 721 3372 9.
742 3323 764 3384 ξ.
781 3333 800 3371 1.
820 3321 852 3370 L.
864 3333 883 3371 1.
899 3321 922 3381 ἓ.
937 3332 957 3370 a.
978 3320 1011 3370 D.
1026 3321 1058 3370 de
1072 3319 1121 3370 obl.
1137 3328 1162 3370 et
1174 3328 1226 3372 act.

262 3388 307 3456 (11,
322 3389 355 3457 r).
427 3387 454 3461 §-
470 3395 512 3443 91.
528 3415 561 3436 =
576 3395 600 3454 9.
616 3405 635 3444 1.
655 3392 748 3442 Laod.
765 3391 796 3457 (i,
812 3389 857 3456 rc).
879 3391 917 3454 Of.
932 3390 965 3439 L.
976 3402 996 3443 u.
1012 3393 1034 3452 5.
1045 3402 1066 3442 s.
1086 3391 1119 3440 Ι).
1130 3393 1162 3441 dc
1176 3390 1225 3441 ott.

260 3468 286 3510 et
300 3469 349 3512 act.
366 3460 415 3527 (44,
430 3463 461 3529 a).
489 3466 513 3525 5.
527 3476 547 3514 s.
568 3463 590 3512 I.
605 3464 637 3512 de
651 3463 700 3512 obl.
716 3479 738 3526 q.
756 3479 778 3527 q.
794 3469 926 3516 encontr.
942 3459 979 3526 (a,
993 3459 1037 3528 aa).
1057 3461 1089 3510 L.
1104 3472 1117 3512 5
1132 3477 1176 3524 pr.
1191 3462 1224 3514 D.

261 3532 293 3580 de
308 3539 376 3584 auct.
392 3541 417 3582 et
431 3549 501 3582 cons.
517 3533 563 3598 (16,
577 3532 608 3598 8).
628 3533 660 3584 L.
674 3546 695 3584 4.
715 3535 738 3595 §-
752 3545 773 3584 1.
793 3533 826 3582 D.
841 3533 873 3582 de
892 3533 948 3583 doti
963 3548 1022 3582 ene.
1038 3530 1135 3598 (14,1)3
1151 3532 1226 3595 infra

260 3612 283 3662 1,
297 3611 318 3652 t.
332 3614 367 3652 41.
444 3599 470 3670 ς.
486 3605 528 3654 ea.
551 3604 588 3667 as.
604 3603 674 3669 epu.
690 3617 714 3667 2,
729 3617 749 3656 c.
765 3606 788 3666 a.
803 3615 823 3653 1.
839 3619 884 3667 pr.
899 3603 921 3652 r.
937 3604 969 3653 ae
983 3603 1052 3652 tert.
1062 3603 1117 3673 pu.
1132 3602 1164 3670 (a,
1180 3602 1224 3668 ιε).
1337 3591 1340 3790 p
