2680 4118
1 2007 3 2066 l

471 191 506 226 ux
524 191 608 226 suero
626 190 747 228 morso.
910 227 917 242 ,
1023 171 1084 236 729

136 327 225 378 menta
240 318 330 392 mallo,
353 333 432 391 quam
446 316 535 375 lenita
556 334 574 376 n
586 358 715 378 ......
731 335 813 393 penos
828 320 948 394 perditos
964 329 1088 377 maneant

136 403 176 460 sib
193 443 319 460 ......
338 417 404 459 nere
432 409 619 460 contractuum
646 400 852 476 'tergiuersatio
880 396 936 460 uu¹
957 443 1085 466 ......

136 487 367 562 interpretationis
389 484 497 542 insidias
520 487 665 558 pertimcsc
686 528 840 547 ......
863 487 923 543 talis
946 489 1087 544 accesserit

136 574 297 645 ignauorum
313 609 443 629 ......
460 560 473 598 ²
500 567 533 624 Si
553 571 623 642 qnid
642 585 767 643 umquam
790 585 844 642 quo
859 562 906 646 (a)
931 568 996 626 fisco
1018 571 1087 627 iacta

136 654 258 712 uenditlo
272 655 363 726 possit
374 651 503 724 instinpi,
519 656 692 710 auctoritaie
703 656 841 723 rescripti
847 653 941 723 fuerit
951 657 1087 725 impetra·

137 745 206 808 tum,
226 737 277 807 bis,
299 751 368 809 quae
388 743 483 792 contra
503 735 646 810 utilitatem
661 737 827 810 prouisiouis
844 737 930 794 buius
944 740 1087 808 rescripto

138 827 216 892 sunt,
231 822 328 878 nutius
343 819 524 890 obtemperet,
546 821 686 894 magisque
701 819 835 893 obreptiui
849 821 1003 894 praerogati
1015 861 1023 876 .
1037 861 1045 876 .
1058 859 1087 877 ..

137 904 224 968 latur,
252 919 313 960 curn
335 903 401 959 haec
422 903 457 958 sit
478 904 619 958 commissa
640 920 686 960 sec
701 942 831 961 ......
850 909 930 975 atque
956 903 1087 960 luxuriam

137 988 209 1044 ierre
231 985 362 1044 debemus
378 1023 509 1042 ......
524 987 630 1044 Lucana
645 988 752 1059 saepius
774 988 836 1042 uina
850 987 942 1042 redem
957 1027 1086 1044 ......

136 1087 186 1146 per
200 1086 324 1128 somnum
339 1078 367 1125 et
382 1069 472 1142 gulam
486 1077 566 1142 atque
581 1070 727 1126 lasciuiam
743 1111 873 1127 ......
891 1070 1006 1126 alienare
1018 1068 1090 1126 uelle

137 1171 187 1212 nec
207 1170 289 1228 posse
309 1152 407 1208 defend
424 1193 556 1212 ......
572 1169 632 1208 mus
646 1161 689 1209 est
703 1154 740 1209 ita
760 1161 846 1210 status
868 1153 946 1209 alcbet
968 1169 1029 1210 esse
1051 1153 1089 1208 le·

139 1277 270 1294 ......
286 1235 426 1306 concedit,
449 1235 495 1308 qui
518 1243 545 1290 et
566 1238 593 1292 in
615 1236 762 1294 satisfactio
780 1279 786 1293 .
804 1277 811 1292 .
829 1279 835 1293 .
853 1279 860 1294 .
878 1276 884 1291 .
903 1279 909 1292 .
928 1279 934 1292 .
952 1279 958 1294 .
976 1279 983 1294 .
1000 1275 1008 1293 .
1026 1278 1033 1292 .
1050 1221 1195 1292 uitii-[⁸]

138 1329 196 1391 tas,
218 1320 269 1375 nisi
290 1318 405 1374 forsitan
426 1318 453 1373 hi
469 1319 571 1391 copiam
587 1358 718 1376 ......
735 1337 788 1394 que
808 1321 963 1393 repetendi,
985 1336 1046 1377 curu
1063 1321 1091 1375 in
1104 1295 1177 1364 ΗΟ·

64 1427 68 1436 ·
139 1403 314 1477 praeteritum
331 1439 460 1457 ......
476 1403 517 1456 uis
540 1404 658 1458 omnium
681 1419 772 1460 rerum
794 1404 887 1460 multis
909 1422 961 1460 en.
978 1445 986 1462 .
1002 1447 1010 1462 .
1026 1420 1091 1460 cnm

139 1489 224 1544 etium
238 1484 405 1556 minoribns,
427 1485 580 1558 siquando
598 1487 696 1560 aliquid
711 1504 805 1544 eorum
824 1504 875 1561 pro
894 1487 1029 1545 fiscalibus
1044 1487 1091 1542 de-

138 1569 203 1626 bitis
217 1569 403 1626 adiudicatur
418 1571 600 1642 emptoribus,
616 1575 792 1644 repetitionis
804 1571 932 1644 facultas
946 1573 973 1628 iu
986 1586 1091 1628 omnem

138 1653 323 1726 intercipiatur
344 1645 483 1724 aetatem,³
504 1670 597 1728 neque
617 1658 647 1710 in
669 1658 810 1729 inteprum
831 1659 1019 1712 restitutionis
1038 1655 1091 1710 ud·

137 1738 270 1794 minieuto
292 1751 336 1792 res
360 1734 489 1794 obnoxiae
511 1737 717 1794 necessitatibus
737 1740 861 1808 publicis
875 1741 916 1794 eis
931 1738 1092 1794 redduntur

139 1823 245 1878 aetatis
259 1824 384 1890 ratione,
400 1837 485 1894 quum
500 1823 612 1892 suepius
628 1837 770 1894 respexere
785 1821 872 1895 leges,
895 1821 956 1892 quia
972 1819 1091 1892 parentio

133 1907 233 1976 potius
252 1905 363 1976 lepibus
383 1918 432 1958 res
446 1917 517 1958 suos
537 1906 614 1960 tueri
628 1918 677 1959 eos
698 1910 824 1974 oportet,
846 1919 931 1976 quom
946 1910 977 1958 ut
991 1900 1092 1958 desidia

138 1987 331 2058 mereriposse
347 1987 509 2042 secrodunt
530 2000 630 2042 earum
650 1988 742 2059 tepum
757 1989 914 2055 auxilium,
935 1999 1008 2058 quos
1026 1985 1091 2042 iltu-

139 2070 219 2125 dunt.
247 2067 315 2124 Dat.
331 2065 387 2122 llll.
403 2065 440 2124 id.
455 2065 525 2124 Nou.
541 2067 675 2130 Treueris.
692 2062 771 2126 Acci
786 2110 793 2124 .
811 2111 818 2126 .
836 2111 843 2126 .
860 2110 868 2128 .
893 2069 1091 2126 Valentiniano

139 2149 306 2208 nobilissimo
327 2165 413 2222 puero
429 2158 456 2205 et
471 2149 577 2206 Victore
593 2145 698 2207 conss.⁵
741 2151 789 2210 'Et
803 2156 905 2210 iterum
920 2153 989 2208 duta
1007 2191 1013 2206 .
1031 2191 1039 2206 .
1054 2152 1094 2207 uti

141 2235 364 2293 ..consularem
391 2234 546 2312 prouinciae
566 2233 755 2308 Lugdunensis
776 2228 898 2312 primae⁶
920 2233 1042 2293 llodesto
1064 2241 1092 2290 et

139 2317 290 2374 liarinilteo
305 2307 414 2374 conss.⁷

202 2397 252 2459 88.
275 2393 288 2436 ⁸
300 2440 429 2457 .....
452 2399 503 2456 bus
525 2408 629 2460 tanturn
652 2402 754 2475 praedii
775 2404 870 2460 rustici
892 2404 928 2459 sit
948 2392 1189 2473 interdictailffitf·

141 2523 270 2542 ......
291 2483 397 2540 nullum
419 2482 538 2540 debiturn
562 2485 689 2542 doceatur
710 2487 798 2544 haec.
815 2527 822 2543 .
841 2527 847 2541 .
864 2527 871 2542 .
889 2529 895 2543 .
914 2527 920 2542 .
937 2484 1091 2559 supplicans

70 2583 129 2633 [tot]
141 2565 280 2644 ingratius
295 2583 383 2624 memo
400 2607 528 2625 ......
544 2567 577 2624 ad
592 2571 708 2642 speciem
728 2569 811 2628 luerit
826 2571 983 2628 ementitum
999 2607 1090 2626 .....

138 2656 175 2709 ita
190 2667 234 2708 res
250 2659 326 2726 gesta
341 2649 483 2724 probatur,
499 2660 529 2707 ut
543 2651 667 2724 precibus
684 2655 848 2725 continetur,
865 2691 992 2710 ......
1007 2652 1091 2708 luisse

139 2737 271 2810 suggerit,
287 2734 385 2792 Faustc
397 2735 544 2806 carissime,
559 2739 673 2792 aestimo
690 2777 793 2794 .....
810 2753 867 2794 rem
882 2738 930 2807 sit,
944 2752 978 2792 an
992 2736 1020 2792 in
1034 2751 1090 2791 rena

139 2821 197 2878 eius
211 2835 321 2878 uersum
337 2859 470 2876 ......
486 2819 509 2874 si
524 2833 569 2876 res
579 2821 677 2876 minori
692 2819 827 2893 proluisse
842 2820 962 2894 potuerit
977 2858 1090 2880 ......

212 3019 233 3086 ¹)
252 3022 279 3070 V
281 3021 300 3070 i.
316 3023 356 3072 ed.
371 3022 486 3072 Momms.
501 3022 723 3086 tprgiuersationum
742 3021 800 3072 Vnt.
853 3018 873 3087 ¹)
892 3021 936 3072 Tb.
953 3020 979 3072 0.
989 3023 1092 3086 perpit:

141 3089 188 3142 ‘Et
205 3091 230 3140 si
250 3093 313 3154 pniol
333 3108 455 3158 unquam,
478 3099 504 3142 ut
525 3109 542 3142 α
559 3094 624 3154 fisco
642 3092 717 3154 suctu
735 3093 848 3142 venditio
868 3093 950 3155 possit
970 3091 1091 3156 infrinpi,

139 3161 294 3212 auctoritate
312 3163 437 3225 rescripti
452 3163 537 3224 fuerit
555 3165 728 3226 impetratum,
747 3165 833 3212 nultus
851 3161 1016 3223 obtemperet,
1035 3177 1091 3210 eum

139 3229 225 3282 etium'
246 3238 293 3282 eto.
332 3230 417 3296 (Unde
434 3234 568 3298 sequentia
583 3231 694 3282 Momms.
714 3229 846 3295 restitnit.)
921 3227 941 3294 8)
965 3228 1034 3289 Quae
1052 3244 1090 3278 se·

139 3310 260 3366 quantur,
274 3316 321 3368 epo
334 3299 446 3352 restitui.
520 3299 542 3366 ⁴)
556 3302 595 3351 De
609 3302 658 3352 bac
671 3301 859 3364 subscriptione
873 3300 925 3349 uid.
940 3298 1042 3348 Haenet
1055 3299 1091 3348 ad

142 3371 186 3422 tu.
207 3371 232 3422 0.
247 3388 276 3438 p.
296 3383 356 3424 1018.
376 3379 427 3422 not.
447 3378 464 3422 t.
538 3369 559 3437 ὅ)
578 3388 602 3421 u.
621 3383 668 3424 coe.
742 3368 826 3438 ⁰)Sic
844 3385 879 3419 em
904 3368 931 3418 V
933 3368 953 3417 ⁶.
976 3369 1091 3417 restituit

139 3441 251 3492 Momms.
303 3439 324 3507 7)
339 3458 362 3491 a.
378 3453 424 3495 stt.
476 3439 497 3507 8)
515 3441 553 3506 Cf.
568 3441 600 3492 L.
616 3454 681 3504 1pr.
697 3443 720 3503 §-
735 3452 754 3492 2.
775 3441 806 3490 L.
817 3451 837 3492 5.
853 3441 893 3501 ἐξ.
909 3450 942 3490 13.
958 3451 991 3490 14.
1011 3437 1043 3486 D.
1058 3437 1090 3486 de

138 3511 190 3560 reb.
205 3527 257 3561 eor.
273 3509 317 3576 (it,
331 3512 362 3577 t).
560 3524 563 3530 '

1332 1015 1337 1214 i
