2678 4116
410 269 471 306 am
491 270 594 306 msera.
612 253 633 306 Ι.
654 259 795 309 raa-127.
1009 255 1086 320 '203

114 417 237 472 duarum
258 413 416 484 librarum,
440 411 511 468 ande
534 415 614 468 etiam
636 411 791 486 dupondius
813 413 902 469 dictus
926 421 979 487 est,
1002 415 1086 487 quasi

113 501 169 555 duo
194 495 302 571 pondo:
327 497 400 569 quod
424 512 521 552 nomen
544 497 631 553 adhuc
654 499 681 552 in
704 513 755 552 usn
776 498 920 554 retinetur.
958 501 1088 555 semisses

113 599 228 658 quoqne
251 589 279 636 et
302 581 467 655 quadrantes
488 598 538 654 pro
561 592 618 636 rata
641 581 746 638 scilicet
773 584 900 656 portione
921 582 954 637 ad
977 583 1086 656 pondus

114 667 259 723 examinati
282 674 370 722 eraut.
401 673 465 721 tnnc
487 667 575 739 ipitur
590 673 617 722 et
640 667 687 738 qui
702 664 781 722 dabat
803 669 894 723 alicui
901 660 909 698 ¹
934 669 1085 740 pecuniam,

114 769 172 808 non
185 749 378 806 adnumerabat
391 765 459 822 eam,
471 750 519 804 sed
531 749 717 826 appendebat3
734 749 806 805 nude
816 752 900 822 serui,
913 750 1011 824 quibus
1024 767 1085 824 per·

114 837 236 918 mittitur
255 835 456 890 administratio
483 837 622 907 pecuniae,
639 835 850 907 dispensatores
872 835 1000 908 appellati
1023 842 1088 891 suut

115 930 143 978 et
157 918 203 975 'ad
218 921 292 974 dunc
307 919 379 974 diem
394 912 562 983 dicuuttur.²
597 915 661 976 tua.
684 914 727 974 ³Si
744 927 833 974 tamen
849 927 961 992 quaerat
976 920 1086 992 aliquis,

48 1027 100 1081 {rto}
115 1023 172 1080 qua
187 1020 217 1059 re
233 1004 256 1058 si
273 1019 327 1076 qua
339 1004 548 1076 coemptiotuem
566 1003 650 1076 fecit,
671 1005 794 1075 differat
809 1023 827 1059 a
843 1007 1026 1074 mancipatis,
1042 1003 1087 1058 illa

116 1089 243 1164 quidem,
267 1103 336 1160 quae
351 1088 549 1160 coemptionem
567 1089 644 1157 iacit,
668 1107 726 1145 uon
742 1087 895 1144 deducitur
913 1091 943 1142 ta
958 1087 1087 1142 seruilem

116 1173 339 1242 condictionem·
354 1178 380 1227 at
397 1190 414 1227 a
433 1174 607 1244 pareatibus
621 1180 649 1228 et
665 1191 683 1228 a
699 1173 1000 1244 coemptionatoritbus
1015 1187 1089 1226 man·

115 1259 201 1332 cipatr'
221 1258 424 1330 mancipataeue
445 1273 588 1312 seruorum
611 1257 673 1313 loco
695 1258 914 1327 constituuntur,
937 1256 1004 1312 adeo
1028 1256 1088 1329 qni-

115 1345 191 1414 dem,
211 1351 242 1396 ut
257 1341 348 1414 abeo,
371 1343 447 1397 cuins
468 1342 495 1396 in
519 1341 652 1415 mancipio
672 1338 677 1414 Ι
696 1350 770 1408 sunt,
794 1357 883 1414 neque
906 1339 1084 1396 hereditatem
1096 1342 1138 1394 33.

114 1442 210 1498 neque
223 1425 311 1499 legata
326 1425 404 1482 aliter
414 1441 511 1499 capere
527 1429 642 1498 possint,
661 1441 739 1498 quam
755 1427 779 1481 si
793 1425 876 1482 simul
892 1425 985 1480 eodem
1002 1433 1083 1480 testa·

116 1517 216 1566 mento
238 1509 312 1564 liberi
327 1525 387 1566 esse
409 1509 568 1580 iubeantur,
591 1512 670 1566 sicuti
693 1511 759 1565 iuris
782 1520 824 1566 est
846 1511 874 1564 iu
896 1527 1013 1582 persona
1028 1525 1086 1564 ser·

115 1610 229 1652 uorum.
251 1593 313 1649 sed
327 1593 495 1650 differentiae
510 1595 579 1650 ratio
594 1595 740 1650 manifesta
756 1602 806 1667 est,
823 1611 884 1650 num
900 1593 1085 1667 aparentibus

113 1689 145 1737 et
162 1696 176 1733 a
194 1678 473 1752 coemptionatoribus
494 1679 589 1734 iisdem
613 1679 702 1734 uerbis
727 1680 860 1753 mancipio
882 1671 1086 1753 ’accipiantur-,⁴

114 1763 218 1840 quibus
232 1765 322 1831 serni3
338 1763 412 1836 quod
427 1779 483 1818 non
498 1763 622 1819 similiter
633 1763 673 1834 sit
688 1765 714 1818 iu
731 1756 939 1835 coemptione.⁵

182 1845 248 1907 124.
265 1847 406 1902 Videamus
422 1865 506 1919 nnuc,
522 1865 577 1920 quo
593 1847 674 1904 modo
690 1852 720 1918 ii,
737 1849 784 1920 qui
798 1848 887 1903 alieno
902 1847 955 1901 iuri
970 1847 1085 1902 subtecti

113 1941 197 2002 snut,
220 1949 253 1989 eo
275 1933 335 1988 iure
357 1932 515 1989 liberentur.

182 2015 246 2076 125.
270 2019 308 2072 Ac
329 2018 405 2090 prius
428 2016 461 2072 de
477 2017 518 2072 his
533 2017 717 2090 dispiciemus,
741 2017 788 2088 qni
809 2016 838 2070 in
853 2020 991 2088 potestate
1013 2021 1086 2067 sunt.

112 2097 184 2163 126.
201 2101 233 2158 ttt
248 2101 358 2174 quidem
374 2105 449 2157 serni
468 2100 695 2174 quemadmodum
711 2107 849 2172 potestate
868 2097 1035 2168 liberentur,
1056 2113 1088 2151 ex

113 2191 161 2245 his
182 2186 343 2260 inteilepere
364 2202 522 2260 possumus,
544 2201 614 2258 quae
635 2184 669 2240 de
690 2185 778 2239 seruis
799 2181 1019 2238 manumittendis
1040 2196 1088 2237 su·

115 2273 214 2348 perias
229 2272 414 2344 exposuimus.
449 2265 512 2326 127.
530 2263 576 2325 6Ηὶ
591 2285 670 2340 nero,
691 2269 738 2342 qui
752 2272 783 2324 ia
796 2273 940 2340 potestate
953 2269 1089 2338 parentis

115 2364 196 2424 sunt,
217 2364 328 2413 mortuo
350 2371 382 2412 eo
404 2358 451 2411 sui
470 2359 543 2411 iuris
562 2357 646 2426 fiunt.
677 2355 797 2410 saddoc
820 2351 1023 2408 distinctionem
1045 2366 1088 2406 re·

115 2442 201 2514 cipit;
217 2457 278 2496 narn
293 2447 405 2498 mortuo
418 2446 503 2511 patre
518 2455 584 2496 sane
600 2437 756 2494 omnimodo
779 2435 826 2492 filii
841 2435 947 2491 filiaeue
962 2436 1005 2490 sni
1019 2435 1087 2490 iuris

116 2523 297 2598 efficiuntur3
327 2532 437 2582 mortno
460 2539 526 2578 nero
549 2539 601 2578 ano
624 2540 681 2579 nou
709 2521 866 2579 omnimodo
893 2527 1012 2592 nepotes
1037 2534 1086 2575 ue·

114 2599 229 2687 pteslue
250 2612 293 2665 sui
314 2611 383 2665 iuris
397 2611 483 2680 fiunt,
498 2610 550 2663 sed
563 2612 604 2664 itu
620 2611 647 2663 si
664 2613 863 2680 postmortem
879 2608 930 2661 aui
952 2604 979 2659 iu
1002 2605 1087 2677 patris

115 2695 163 2751 sui
188 2703 352 2769 potestatem
378 2694 497 2748 recasuri
520 2709 575 2748 non
597 2698 672 2748 suut.
716 2695 812 2765 itaque
834 2691 858 2745 si
880 2691 1011 2745 moriente
1034 2704 1087 2743 auo

112 2788 207 2853 pater
221 2797 320 2836 eorum
336 2786 363 2835 et
379 2782 459 2834 uiuat
475 2784 503 2833 et
516 2781 546 2833 iu
559 2783 704 2849 potestate
719 2777 805 2849 patris
820 2775 920 2846 fuerit,
941 2783 1009 2831 tnnc
1025 2779 1089 2846 post

193 2929 214 2998 ¹)
229 2933 304 2982 Haec
323 2933 433 2980 maxime
452 2930 610 2994 respondere
628 2927 722 2978 Sched.
742 2928 871 2977 uideatur.
902 2927 990 2988 possis
1004 2933 1088 2974 tamea

115 3006 197 3055 etiam
208 3005 313 3067 faeere:
329 3003 499 3052 convenienter
513 3001 554 3065 qni
569 3000 640 3049 dabat
654 3001 720 3048 olim.
790 2992 811 3064 ¹)
826 2997 871 3046 Em
884 2996 979 3046 Hottw.
994 3003 1020 3044 et
1033 3010 1089 3044 mea

116 3078 151 3140 ej.
166 3077 280 3125 restitui.
348 3070 368 3140 ³)
382 3073 416 3122 Iu
430 3072 592 3122 restituenda
606 3070 656 3120 kae
673 3072 697 3132 5.
709 3077 769 3132 past
788 3064 835 3117 VEt
843 3069 979 3132 paulutum
993 3067 1090 3132 defleat

116 3147 151 3196 ab
175 3147 230 3204 Itis,
255 3146 419 3210 praecede.
439 3157 637 3208 proposueram.
721 3137 745 3206 ⁴)
763 3141 914 3204 accipinutur
934 3138 959 3187 O.
980 3139 1020 3188 ed.
1040 3137 1089 3203 Bp.

117 3215 141 3284 ⁶)
155 3216 204 3266 Ea
220 3216 368 3267 66111111.
384 3227 404 3266 e.
419 3215 531 3264 restitui.
597 3209 618 3278 6)
633 3211 814 3276 supplementa
831 3209 957 3259 debentur
971 3209 1034 3259 Iust.

191 3355 217 3427 ἓ.
235 3359 294 3409 123.
316 3357 354 3421 Of.
370 3359 411 3418 §i-
427 3367 473 3408 ns.
495 3353 563 3422 (aum
578 3355 614 3404 ibi
628 3353 695 3418 citt.)
710 3365 756 3404 res.
776 3365 797 3415 a,
812 3364 858 3404 reo.
878 3363 899 3412 e,
918 3363 964 3400 111.
984 3356 1009 3398 et
1025 3348 1090 3397 dett.

116 3443 152 3494 18,
167 3443 190 3482 6.
211 3429 280 3478 uude
299 3433 422 3492 apparet,
438 3427 561 3492 quosdam
575 3441 692 3487 umorem,
707 3439 772 3488 quae
786 3423 967 3484 coemptionem
978 3420 1090 3482 fecerat,

117 3505 146 3551 iu
157 3517 237 3550 manu
248 3507 273 3549 et
281 3501 411 3563 mancipio
421 3501 475 3548 oiri
484 3513 539 3547 esse
550 3499 657 3546 dimisse.
709 3491 734 3563 ξ
747 3497 805 3544 124.
817 3515 851 3534 ε·-
857 3507 900 3554 pr.
912 3491 934 3538 Ι.
945 3489 1013 3554 quib.
1024 3489 1089 3538 mod.

118 3576 136 3622 ι’.
149 3579 207 3636 pot.
222 3573 286 3620 soto.
297 3570 329 3636 (1,
344 3569 390 3636 11).
445 3565 471 3637 ξ.
488 3571 547 3619 125.
565 3569 602 3631 Of.
614 3570 654 3630 ἐξ.
666 3579 691 3618 1³
701 3582 752 3630 seq.
808 3561 833 3632 ᾗ.
846 3564 904 3612 126.
917 3583 950 3602 =
957 3577 1000 3624 pr.
1011 3558 1033 3608 Ι.
1046 3561 1089 3609 cit.

118 3638 247 3709 superins]
262 3642 297 3705 cf.
312 3649 373 3690 ante
387 3643 411 3702 §-
427 3652 460 3692 18.
475 3647 527 3689 aot.
591 3635 814 3706 §.12t..-.pr.J.
831 3636 873 3684 ait.
891 3633 929 3696 Of.
949 3631 1005 3696 Utp.
1020 3643 1054 3694 10,
1069 3643 1090 3682 1.
