2684 4112
243 198 307 263 454
608 211 698 248 rvcrvs
715 213 845 252 narcara.

244 348 403 402 scholarum
421 363 503 400 usum
516 349 545 401 et
557 345 596 401 Pa
616 347 704 400 iniani
722 361 856 416 responsa
872 346 970 414 inclyti
982 346 1101 401 nominis
1114 347 1210 425 gratia

244 416 392 470 retinuisse
421 415 540 468 videtur.
608 416 621 468 t
646 414 712 468 huic
739 415 853 483 quidem
880 415 1021 468 breviario
1047 413 1209 467 Alariciano

244 483 420 603 potishimum
439 482 584 547 debemus,
603 497 673 548 quos
690 498 764 536 nunc
783 481 876 535 Paulli
893 481 1102 536 Sententiarum
1119 482 1209 535 libros

244 568 261 604 a
303 567 318 605 e
342 567 428 607 amus.

262 567 300 620 pp
313 618 454 684 Quantam
471 618 582 686 partem
600 633 635 671 ex
648 618 681 670 iis
693 616 836 695 visigothi
848 632 927 670 suam
940 616 1068 686 fecerint,
1088 631 1123 671 ne
1141 632 1208 671 con-

243 686 353 740 iectura
369 685 483 754 quidem
502 685 569 738 satis
587 685 666 738 certa
683 683 796 738 definiri
812 685 914 752 potest.
943 685 1012 739 Cum
1031 686 1126 738 tamen
1139 700 1208 738 con·

244 755 308 820 stet,
334 769 368 807 ex
392 751 587 806 Theodosiano
611 751 713 805 Codice
736 767 792 805 non
815 752 934 805 multum
959 769 1045 819 supra
1067 752 1207 806 decimam

243 823 354 889 partem
373 835 420 874 eos
438 820 587 899 retinuisse
607 819 880 940 (ilsenelEraetad
893 818 923 872 L.
936 819 1015 874 Rom.
1027 819 1086 873 Vis.
1104 837 1131 888 p.
1144 819 1204 900 1le
1221 835 1277 890 {seo}

244 887 770 1034 stultissumi&<rufatus
784 887 1207 1033 uli-ultitulasse

245 1039 324 1078 erano
338 1023 439 1078 (lodice
457 1041 509 1092 pro
522 1023 687 1077 dirimendis
698 1022 796 1076 litibus
809 1038 865 1076 nou
883 1024 1066 1075 invenruntur
1076 1023 1205 1086 inserta,

243 1107 329 1160 aegre
347 1091 445 1144 credas
467 1093 603 1145 maiorem
625 1091 736 1160 partem
760 1105 807 1144 eos
824 1089 923 1143 Paullo
945 1089 1098 1158 reliquisse.
1134 1089 1207 1144 Huic

243 1175 310 1212 vero
328 1160 351 1211 si
369 1159 519 1222 addideris,
538 1175 610 1226 quae
628 1160 778 1227 praeterea
794 1158 875 1211 nobis
893 1159 1005 1212 servata
1022 1159 1096 1223 sunt,
1114 1173 1150 1211 ne
1170 1158 1207 1210 ad

243 1227 373 1294 quartam
387 1225 501 1294 quidem
512 1228 621 1294 partem
631 1225 789 1294 pervenies,
800 1227 934 1291 quantam
945 1243 979 1280 ex
989 1225 1111 1293 genuino
1121 1241 1206 1294 opere

244 1293 354 1347 circiter
372 1309 516 1362 superesse
536 1293 728 1362 Schultingius
747 1291 819 1362 (init.
838 1294 932 1350 adnot.
956 1294 992 1364 ad
1010 1293 1152 1357 Paullum)
1177 1294 1208 1346 et

243 1361 391 1414 Arndteius
410 1361 511 1429 (Praei.
529 1378 557 1430 p,
575 1360 620 1425 X.)
640 1359 771 1414 arbitrati
789 1362 862 1420 eunt,

311 1426 366 1480 Sed
384 1429 471 1480 satius
489 1428 575 1482 suerit
593 1443 740 1496 quaerere,
758 1445 795 1482 an
813 1445 848 1482 ea
865 1429 979 1493 saltem,
1004 1443 1077 1494 quae
1095 1428 1125 1480 in
1143 1428 1205 1482 bre·

242 1494 327 1549 viatls
341 1493 493 1550 Sententiis
511 1495 646 1563 legimus,
664 1496 776 1564 integra
793 1495 830 1550 ad
847 1513 898 1550 nos
910 1496 1099 1565 pervenerint.
1125 1494 1207 1560 Quod

245 1562 281 1616 de
299 1561 366 1629 ipsis
384 1563 531 1617 sententiis
548 1563 590 1616 ita
607 1563 747 1618 affirmare
766 1565 864 1630 ausim,
883 1566 916 1618 ut
928 1563 1055 1618 consulto
1068 1563 1115 1616 vix
1128 1563 1207 1630 quic·

243 1645 329 1698 quam
347 1632 487 1696 mutatum
506 1629 541 1684 ab
553 1631 657 1685 Alarici
674 1631 861 1700 prudentibus
879 1632 987 1699 putem,
1005 1632 1059 1684 nisi
1070 1631 1133 1699 ipsa
1144 1631 1207 1684 bre-

242 1698 367 1751 viatione
387 1713 420 1752 eo
437 1699 671 1768 perducerentur,
696 1699 729 1752 ut
752 1699 839 1752 otiam
860 1699 1011 1754 mutarent.
1047 1699 1107 1753 Neo
1131 1699 1207 1752 enim

242 1764 441 1818 mutandarum
459 1759 555 1846 legirm
573 1766 623 1820 sed
642 1766 837 1834 eligendarum
854 1768 1027 1836 potestatem
1044 1783 1094 1821 rex
1112 1766 1146 1818 iie
1158 1767 1207 1820 de-

243 1832 333 1898 derat,
356 1833 387 1887 nt
409 1834 470 1902 ipse
492 1853 522 1887 m
545 1833 762 1889 Commonitorio
788 1835 919 1901 testatur,
948 1837 978 1888 et
1003 1835 1026 1887 si
1053 1834 1207 1889 sententias

241 1901 349 1970 pariter
367 1901 396 1954 in
413 1903 559 1957 Breviario
578 1903 608 1956 et
624 1901 653 1954 in
671 1900 827 1956 Collatione
848 1901 895 1956 vel
914 1900 1123 1956 Consultatione
1147 1918 1206 1956 ser-

242 1971 322 2022 vatas
344 1970 494 2025 contuleris
518 1974 599 2040 (quas
622 1969 731 2022 Haenel
748 1969 766 2026 l.
786 1985 810 2026 c.
835 1972 893 2022 not.
918 1975 958 2023 27.
983 1970 1123 2040 collegit),
1149 1985 1206 2024 non

243 2035 313 2092 alias
332 2038 471 2106 repereris
494 2037 709 2107 discrepantias,
748 2053 813 2090 uam
832 2052 905 2104 quae
927 2037 1106 2090 librariorum
1129 2037 1207 2091 vitiis

242 2104 429 2182 probabiliter
446 2106 631 2160 tribuantur.¹
651 2054 796 2158 Interdum
814 2121 882 2159 vero
895 2105 1104 2174 excerptionem
1118 2105 1206 2161 etiam

242 2175 429 2226 mutationem
449 2175 575 2228 secutam
598 2189 657 2227 esse
679 2173 759 2226 velut
782 2188 817 2226 ex
837 2172 859 2228 1.
879 2180 900 2230 1.
919 2177 959 2237 ἐς,
978 2179 1001 2226 2.
1022 2180 1045 2227 3.
1064 2173 1084 2226 l.
1104 2180 1120 2228 9
1138 2177 1161 2237 9.
1180 2179 1205 2227 2.

242 2239 277 2296 ΙΙ,
296 2247 336 2294 26.
355 2245 379 2304 5.
398 2247 420 2296 7.
439 2241 488 2294 Ill.
506 2248 530 2296 6.
549 2247 573 2304 §-
594 2247 631 2295 15.
651 2239 760 2294 collatis
778 2255 843 2294 cum
865 2240 965 2294 iisdem
984 2241 1131 2296 sententiis
1149 2240 1206 2294 alio

242 2308 325 2361 modo
344 2307 380 2360 ad
398 2323 448 2361 nos
465 2308 582 2378 perlatis
601 2307 697 2387 colligi
714 2309 817 2377 potest.
846 2308 910 2362 Alia
928 2307 1042 2361 omnino
1061 2310 1206 2363 causaest

241 2375 398 2428 titulorum.
434 2375 508 2441 Quos
531 2375 643 2443 quidem
666 2393 760 2442 rpsum
783 2375 914 2430 Paullum
941 2376 1056 2445 singulis
1079 2375 1205 2430 materiis

241 2443 538 2562 {ptefipraesgripsisse
557 2443 687 2562 dubitage
704 2459 762 2496 non
780 2443 857 2520 licet.
893 2443 957 2564 Sed1
961 2443 1063 2566 ‚inshist
1074 2444 1204 2565 omitten-

241 2525 465 2646 qis’mtiffltlb
482 2525 1205 2649 {lulttlnntsllubttstatuuat

241 2645 292 2698 scd
310 2645 397 2700 etiam
414 2645 522 2698 librarii
540 2645 709 2698 vetustiores
722 2647 751 2699 et
762 2645 933 2716 posteriores
944 2647 987 2700 ita
998 2647 1119 2768 grassati
1132 2649 1204 2711 sunt,

242 2715 275 2766 ut
293 2714 327 2767 de
347 2728 445 2766 corum
463 2713 586 2780 genuina
598 2712 669 2766 i'acie
682 2713 858 2767 restituenda
871 2729 985 2782 prorsus

241 2782 298 2833 sit.²
327 2779 384 2832 Hos
403 2793 467 2832 vero
486 2781 508 2832 si
526 2780 679 2858 exceperis,
697 2781 725 2833 in
745 2781 808 2835 crisi
827 2781 984 2836 exercenda
1002 2783 1072 2836 nihil
1088 2780 1202 2903 guidem

241 2848 344 2912 obstat,
364 2861 420 2914 quo
438 2846 530 2900 minus
548 2850 578 2901 et
593 2865 623 2900 rn
640 2847 694 2902 hoc
707 2864 802 2917 opere,
814 2848 890 2916 quod
902 2849 963 2918 ipso
975 2849 1075 2904 Paullo
1106 2849 1204 2918 ignum

241 2914 286 2978 sit,
306 2914 497 2982 exscriptore
519 2915 600 2968 nobis
622 2915 728 2970 tradita
750 2916 862 2971 efficere
885 2933 1030 2971 conemur:
1054 2921 1086 2972 ut
1108 2921 1204 2970 tamen

242 2998 299 3034 non
317 2997 414 3035 omnes
431 2981 507 3038 locos
525 2983 578 3038 hoc
596 2985 680 3038 modo
699 2986 792 3038 sanari
809 2999 892 3052 posse
904 3000 1056 3054 speremus.
1086 2985 1123 3038 Et
1135 2983 1205 3038 haec

241 3051 287 3102 lex
306 3049 405 3103 critico
424 3050 492 3104 data
508 3053 589 3106 tanto
608 3053 696 3105 maius
714 3052 802 3106 habet
819 3054 1003 3118 momentum,
1022 3053 1097 3120 quod
1113 3051 1204 3105 Paulli

241 3117 409 3185 Sententiae,
428 3134 492 3172 cum
510 3119 633 3174 maxime
646 3119 712 3174 inde
730 3135 748 3172 a
759 3118 853 3174 seculo
867 3121 965 3188 quinto
978 3136 1062 3187 quam
1076 3120 1204 3190 plurimis

1018 2714 1203 2784 esperandum

314 3283 334 3354 ¹)
349 3287 382 3337 lle
397 3289 426 3338 ll.
442 3301 475 3340 ao.
495 3289 518 3350 ξ.
534 3301 554 3340 t.
570 3288 624 3338 coll.
640 3303 694 3338 cum
708 3288 791 3337 Collal.
807 3289 893 3339 lV.12.
913 3291 936 3352 §-
951 3302 970 3342 t.
998 3290 1028 3340 ad
1045 3289 1110 3339 illum
1125 3289 1202 3339 locum

239 3359 350 3408 diximus.
413 3357 434 3426 ²)
450 3359 485 3409 Cl.
501 3374 536 3408 ex.
551 3374 585 3420 gr.
600 3359 628 3407 ll.
643 3371 677 3410 ao.
698 3360 736 3408 ΙΙΙ.
751 3359 795 3408 rB.
811 3360 846 3410 lV.
856 3372 876 3410 4.
893 3373 912 3412 t.
933 3361 958 3410 V.
974 3373 1007 3412 ιο.
1023 3373 1057 3412 22.
1077 3362 1203 3410 Praeterea

240 3430 286 3478 rid.
303 3431 381 3482 Gulae.
398 3431 428 3480 sd
442 3431 467 3479 V.
484 3441 531 3492 aa,
551 3429 682 3492 Schulling.
698 3429 727 3479 ad
743 3430 834 3480 initium
849 3431 905 3481 libri
924 3432 1007 3495 primi,
1027 3432 1166 3481 lleimbnch.
1180 3431 1204 3480 in

239 3500 362 3550 Gersdorf.
379 3501 474 3565 llepert.
490 3501 554 3563 Llps.
571 3511 631 3552 184³.
652 3501 691 3551 lll.
706 3515 729 3564 p.
746 3512 785 3553 rae
799 3516 863 3566 serp,
883 3502 980 3552 llaenel.
996 3504 1097 3552 Prasiai.
1113 3503 1143 3552 sd
1158 3503 1203 3565 leg.

240 3571 308 3619 Rom.
324 3572 371 3620 Vis.
387 3587 410 3634 p.
426 3572 486 3620 xvll
501 3585 551 3635 seq.
