2700 4118
314 244 374 280 uos.
394 245 426 280 eu
443 244 506 278 nou.
525 243 616 280 cautu
633 202 739 280 canusa.
759 226 805 280 IV.
825 231 920 280 8-10.
1029 221 1089 286 661

206 374 272 448 Kap.
288 373 351 430 vttt.
389 373 597 446 Papinianus
621 372 737 428 eodem
760 371 849 428 libro
872 355 1047 444 singulari
1063 379 1097 426 et

142 459 262 516 titulo.
298 454 322 514 1.
347 455 423 512 ‘Cum
439 459 507 530 patri
523 457 565 513 lex
580 457 656 530 regia
676 456 780 511 dederit
794 458 821 511 in
841 449 940 512 filiam¹
963 457 1035 512 uitae
1050 471 1095 510 ne-

143 544 234 615 cisque
261 549 440 615 potestatem,
468 557 522 612 quo
545 540 645 595 bonurn
671 539 723 595 iuit
744 539 805 612 iege
829 539 1038 612 comprehendi,
1067 547 1098 592 ut

144 635 265 700 potestas
287 625 321 680 'ei
337 617 428 680 esset²
450 617 545 678 etiarn3
567 623 647 678 filiam
663 623 818 679 occidendi?
839 616 938 677 ’uelis4
959 623 1023 678 mihi
1044 622 1097 677 're-

145 703 298 765 scriberc:⁵
320 723 380 763 nam
402 709 470 763 scire
493 707 593 781 cupio.’
637 706 800 780 Respondit:
826 705 956 779 numquid
978 721 1011 762 etr
1033 721 1097 762 con·

147 794 228 847 trario
250 801 369 865 praestat
391 791 470 846 nobis
492 799 680 864 argumentum
703 791 769 846 baec
785 789 910 859 adiectio,
934 798 964 844 ut
985 804 1040 844 non
1056 789 1095 843 ui-

145 875 240 930 deatur
255 877 298 932 lex
313 865 368 931 non
390 873 498 930 habenti
518 874 624 930 dedisse
647 868 826 949 ¹(oeeideudi
843 879 1025 944 potestatem,
1047 873 1099 929 sed

144 963 343 1016 necessitatem
365 951 574 1032 imposuisse)6
596 965 627 1013 ut
642 957 766 1012 uideatur
780 958 881 1012 maiore
896 958 1031 1030 aequitate
1047 957 1095 1012 du·

144 1051 204 1100 otus
219 1043 369 1100 adulterum
386 1043 526 1113 occidisse,
543 1058 602 1098 cum
618 1058 668 1097 uec
682 1039 750 1096 tiliae
766 1041 933 1114 pepercerit?

207 1127 272 1202 iiap.
296 1129 338 1183 tx.
385 1126 474 1181 idem
502 1127 540 1180 de
567 1125 770 1182 adulteriis:
815 1123 842 1181 l.
865 1123 910 1180 ‘si
932 1132 1024 1198 pater,
1051 1125 1097 1198 qui

145 1211 296 1267 adulterum
313 1211 420 1280 occidit,
443 1207 513 1264 filiae
527 1225 590 1265 suae
605 1209 735 1282 pepercit,
758 1223 870 1280 quaero,
886 1208 950 1282 quid
966 1208 1097 1264 aduersus

146 1311 205 1348 eam
222 1297 256 1349 sit
271 1293 482 1350 statuendumi'
512 1293 676 1364 Respondit:
692 1293 749 1348 sine
761 1292 842 1348 dubio
858 1293 909 1348 istc
924 1303 1001 1366 pater
1011 1293 1097 1348 botui-

146 1377 204 1432 cida
220 1387 276 1445 est;
300 1377 384 1450 igitur
407 1375 541 1432 tenebitur
562 1376 624 1450 lege
639 1375 759 1432 Cornelia
776 1377 808 1432 de
830 1378 941 1433 sicariis.
979 1375 1060 1432 Plane
1074 1379 1097 1431 si

146 1458 201 1515 filia
224 1477 279 1516 non
301 1461 443 1516 uoluntate
465 1461 560 1534 patris,
582 1461 628 1515 sed
643 1475 707 1516 casu
728 1470 834 1516 seruata
855 1469 905 1532 est,
927 1460 1010 1532 'quod
1025 1460 1098 1516 iorte

147 1534 243 1618 sugit,⁷
264 1561 319 1601 uon
335 1545 467 1600 minimam
484 1543 591 1600 habebit
611 1543 794 1600 defensionem
809 1553 894 1618 pater.
926 1545 989 1600 Nam
1005 1544 1047 1600 len
1062 1545 1098 1598 ita

76 1641 136 1690 [aaa]
147 1631 225 1701 punit
237 1629 406 1694 homicidam,
429 1630 452 1684 si
467 1627 530 1684 doio
546 1627 616 1684 maio
632 1627 802 1684 homicidium
820 1629 919 1683 iactum
934 1629 1030 1684 suerit:
1054 1627 1097 1682 bio

146 1723 235 1769 autem
257 1723 335 1787 pater
357 1729 412 1768 non
427 1712 488 1768 ideo
511 1713 631 1768 seruauit
653 1709 745 1782 tiliam,
768 1712 831 1782 quia
853 1711 951 1778 uoluit,
974 1711 1021 1765 sed
1038 1711 1098 1782 quia

147 1797 267 1854 occidere
282 1813 340 1854 eam
355 1812 410 1852 non
424 1797 524 1870 potuit.
708 1843 711 1848 .

211 1881 276 1954 Rap.
299 1881 330 1936 X.
374 1880 580 1952 Papinianus
603 1877 702 1932 idem:
738 1874 762 1934 1.
787 1877 833 1932 ‘Si
855 1877 966 1930 maritus
988 1891 1098 1930 uxorem

147 1980 222 2020 suam
238 1966 265 2018 in
281 1962 414 2018 adulterio
429 1962 623 2033 deprehensam
638 1960 746 2030 occidit,
762 1976 795 2015 au
810 1961 837 2016 in
852 1960 941 2032 legem
952 1958 986 2015 de
997 1959 1098 2014 sicariis

148 2046 257 2115 incidat,
272 2043 395 2118 quaero!
427 2044 588 2117 Respondit:
611 2043 683 2098 nulla
701 2051 776 2116 parte
791 2043 860 2116 legis
875 2044 971 2098 marito
987 2057 1098 2098 uxorem

148 2129 271 2187 occidere
286 2127 457 2196 conceditur3
478 2143 560 2200 quare
575 2120 689 2199 'apertefl
705 2135 798 2182 contra
813 2127 901 2199 legem
916 2125 1012 2181 iecisse
1027 2141 1098 2196 eum,

148 2229 203 2270 non
219 2205 387 2284 ambigitur.9
424 2211 477 2266 Sed
493 2213 515 2266 si
530 2210 563 2265 de
578 2226 666 2284 poena
688 2217 797 2280 tractas,
819 2225 874 2265 non
894 2211 984 2282 inique
1000 2208 1100 2282 aliquid

144 2383 276 2446 placuisse
296 2381 398 2429 videtur
416 2379 447 2428 L.
463 2392 497 2431 14.
516 2381 539 2442 §-
553 2390 573 2429 2.
597 2379 628 2427 D.
643 2380 667 2428 It.
683 2387 700 2429 t.
766 2375 786 2444 ¹)
799 2377 845 2428 Sic
859 2379 945 2441 aptius
963 2377 1008 2437 B„
1026 2393 1100 2442 quarn

149 2453 222 2500 hlium
242 2451 287 2500 Ve‚
308 2450 349 2499 Va
364 2450 436 2508 edd,
451 2450 520 2513 quod
535 2451 684 2512 factumest
702 2465 737 2500 eac
755 2452 818 2498 male
838 2451 966 2498 intellecto
980 2449 1051 2497 etiam
1065 2449 1101 2496 ad

149 2529 200 2572 not.
215 2533 235 2572 a.
263 2520 370 2570 Scilicet
383 2522 410 2568 in
422 2521 506 2583 filiurn
519 2521 582 2570 data
597 2527 712 2584 potestas
725 2523 801 2570 etiarn
816 2523 843 2569 iu
859 2521 941 2582 fitium
954 2519 1016 2568 data
1030 2519 1100 2567 aide·

149 2593 233 2641 batur.
263 2591 301 2655 Cf.
316 2607 338 2640 e.
354 2603 374 2642 t.
426 2587 447 2656 8)
462 2592 531 2640 tieret
547 2591 608 2640 Odd.
623 2591 680 2640 edd.
736 2587 758 2656 3)
773 2593 790 2639 i.
805 2606 826 2639 e.
842 2605 892 2639 nou
906 2591 987 2639 sotum
1001 2589 1100 2638 adulte-

148 2678 206 2712 rum
219 2663 265 2711 sed
278 2663 353 2710 etiam
364 2663 453 2724 filiam.
504 2658 528 2726 4)
543 2661 630 2710 Ouiae.
646 2665 678 2724 ej.
694 2661 754 2710 uelle
764 2659 794 2709 B.
815 2661 900 2710 uellem
919 2660 964 2708 Ve.
984 2659 1025 2708 Vi.
1041 2660 1099 2708 edd.

151 2729 171 2799 ὅ)
186 2731 231 2782 Sic
248 2733 309 2782 Odd.
324 2733 472 2782 rescriberes
490 2733 530 2782 ed.
549 2731 589 2780 Bi.
616 2731 654 2796 Cf.
670 2731 691 2780 I.
707 2744 740 2782 11.
760 2733 782 2792 ξ.
798 2743 818 2781 tt.
837 2729 955 2781 Briaaou.
974 2731 1006 2779 de
1022 2731 1090 2792 sorni

148 2815 169 2863 a,
178 2816 212 2854 aa.
223 2815 257 2856 aa.
304 2799 326 2867 6)
340 2802 414 2852 Haec
424 2804 514 2866 potius
523 2809 633 2866 propter
648 2794 859 2868 ὁμοιοτὲλευτον
874 2801 1011 2860 excidisse,
1026 2815 1101 2865 quam

149 2875 217 2938 quad
230 2875 287 2923 edd.
302 2875 399 2922 audaci
412 2874 535 2922 modestia
549 2875 667 2936 supplent
680 2873 731 2934 sed,
746 2874 803 2935 ipae
816 2873 943 2920 sententia
957 2872 1037 2921 docet.

151 2943 170 3010 ἵ)
190 2944 276 2994 Verba
290 2945 353 3008 quod
368 2946 427 2992 iortc
443 2945 515 2992 filiam
529 2942 559 2991 B.
581 2944 644 3006 quod
663 2944 723 2992 torte
738 2943 796 3004 tergit
810 2943 857 2990 tilia
877 2941 921 2990 Ve.
942 2941 983 2990 Vi.
1001 2942 1062 2990 Cdd.
1077 2949 1102 2990 et

149 3015 207 3064 edd.
222 3015 316 3064 habeut
329 3017 356 3064 in
368 3017 420 3077 fiae
430 3015 537 3078 periodi
547 3021 607 3076 poet
616 3030 638 3062 u.
649 3022 729 3077 pater;
745 3014 881 3077 manifesta
891 3014 1101 3075 transpositione,

149 3225 193 3274 ubi
207 3227 238 3276 de
253 3227 390 3276 homicidio
405 3228 444 3274 uel
458 3226 530 3274 licito
544 3227 584 3274 ael
598 3227 689 3285 illicito
704 3224 843 3290 repedatur,
859 3225 902 3274 cui
915 3223 1008 3272 deinde
1023 3236 1101 3284 oppo-

150 3298 221 3345 nitur
235 3312 266 3346 eu
277 3311 356 3359 pure,
371 3298 399 3344 in
413 3311 463 3359 quta
474 3308 559 3357 poeno
573 3295 706 3346 homicidii
719 3297 821 3345 sancita
835 3301 899 3342 erat
960 3290 981 3358 ⁹)
997 3307 1044 3340 non
1059 3291 1102 3339 du·

149 3366 261 3424 hitantnr,
276 3367 345 3430 quod
358 3373 419 3416 oute
432 3365 559 3426 ambigitur
572 3365 665 3416 habent
680 3366 755 3427 edd,
769 3367 895 3430 plossema
909 3363 1018 3412 essedis
1032 3362 1101 3410 aoei-

149 3435 195 3484 dus
213 3438 354 3500 aliquando
372 3437 587 3500 superscriptum,
606 3435 705 3500 ipseB.
721 3438 855 3491 tertiaeet,
875 3435 902 3482 in
921 3447 969 3496 quo
987 3433 1103 3497 sequenti

145 3507 256 3568 periodo
266 3515 327 3571 post
341 3523 363 3556 u.
378 3507 523 3570 permittitur
536 3509 612 3555 etiam
628 3507 697 3556 bane
715 3505 874 3555 correctoris
892 3504 1104 3552 admonitionem:

149 3576 274 3637 ambigitur
289 3578 323 3626 sic
339 3577 396 3626 dicit
411 3576 456 3642 (se.
472 3575 575 3642 auctor)
589 3591 635 3625 non
655 3576 792 3641 (sedicit,
807 3589 887 3638 neque
905 3588 968 3639 erpo
985 3573 1103 3624 seriben-
