2680 4112
242 261 306 326 154
427 216 429 219 -
676 278 764 314 sins.

239 400 390 455 accedente
408 401 443 454 de
462 401 570 455 casibus
588 400 734 469 (exceptis)
752 399 824 453 libro
837 399 981 470 singulari,
996 402 1129 454 executus
1142 403 1194 455 est.

239 468 296 522 Sed
317 483 374 521 non
401 469 573 522 satisfaciens
596 467 662 532 sibi,
690 467 744 520 nisi
767 468 797 520 et
818 467 965 521 universae
992 467 1099 536 privati
1125 468 1196 520 iuris

238 535 406 604 prudentiae
424 536 454 588 in
471 538 561 588 artem
579 535 710 588 redactae
727 534 879 604 imaginem
897 534 1088 602 exsculperet,
1108 534 1196 588 etiam

238 617 341 656 novam
353 602 463 655 addidit
474 602 580 670 bigam,
599 601 799 667 Institutiones,
812 618 864 669 per
875 617 944 668 quas
956 601 992 654 ad
1004 601 1196 670 iurispruden·

238 669 310 722 tiam
327 669 502 736 adspirantes
524 669 589 723 viva
610 669 738 737 magistri
759 683 827 722 voce
851 667 1031 733 docerentur,
1055 671 1085 722 et
1100 684 1195 722 rerum

240 735 467 855 guotidianarum
484 737 571 790 libros
588 738 704 857 uestem,
723 751 757 788 ex
775 735 877 802 quibus
896 735 937 788 sic
953 735 1057 789 imbuti
1074 751 1102 788 se
1119 736 1195 803 ipsos

260 803 366 856 ocendo
384 803 584 881 additamenti
634 803 705 856 eteri
716 802 781 880 'eius
797 802 863 855 libri
874 803 985 880 tantum
997 802 1195 872 supplementa

239 869 1262 1016 eterit?,titutatl?ttttttttttthttttrehtutu

239 1003 1196 1148 teutria,illuttittttitttttgtttuittttttt

240 1136 365 1191 edietum
384 1140 495 1192 tantum
508 1139 664 1206 praetoriae
682 1138 876 1206 stipulationes
893 1137 1076 1204 exphcandae
1093 1139 1194 1202 essent,

240 1204 276 1258 de
294 1204 358 1282 lege
377 1204 476 1270 Glicie,
494 1221 566 1273 quac
578 1205 614 1259 ad
626 1204 843 1258 centumvirales
855 1220 952 1258 causas
963 1205 1110 1296 spectabat
1121 1205 1196 1258 inter

239 1271 284 1324 ius
306 1271 388 1325 crvile
411 1273 441 1325 et
461 1272 633 1340 praetorium
654 1272 848 1340 interpositas,
863 1271 906 1348 'de
931 1270 1194 1326 autumnitano

240 1340 271 1391 et
288 1337 462 1407 Orphitiano,
502 1355 554 1392 uae
573 1341 665 1404 antea,
683 1354 746 1392 eum
759 1337 956 1406 Orphitianum
974 1339 1088 1392 demum
1105 1343 1195 1393 e.l'18

240 1404 347 1481 iactum
366 1407 445 1480 esset,
465 1356 549 1473 plene
566 1407 688 1459 tractare
705 1405 830 1482 nondum
848 1407 989 1472 potuerat.
1018 1405 1102 1459 Liber
1119 1405 1196 1458 enim

240 1470 388 1539 smgularrs
398 1471 433 1526 de
442 1471 563 1525 formula
571 1472 783 1540 hypothecaria,
793 1472 896 1526 collata
904 1477 926 1536 ὅ.
932 1478 957 1528 4.
971 1473 1062 1526 const.
1077 1472 1196 1526 Omnem

240 1537 318 1606 reip,
336 1541 448 1591 tantum
465 1555 530 1608 pare
547 1539 787 1608 interpretationis
806 1539 891 1592 edicti
909 1539 1021 1592 videtur
1038 1539 1131 1593 fuisse.

307 1603 453 1658 Postremo
471 1606 586 1658 maximi
603 1607 739 1660 momenti
757 1607 807 1670 eet,
825 1606 902 1675 quod
914 1606 1000 1660 Gaius
1017 1607 1092 1675 ipsos
1110 1606 1197 1660 libros

240 1686 304 1724 suos
322 1687 357 1724 ex
374 1673 456 1740 parte
479 1674 579 1726 saltem
597 1674 694 1742 aperte
717 1673 828 1726 scholae
850 1673 944 1741 potius
966 1689 1050 1742 quam
1068 1673 1129 1727 foro
1147 1673 1196 1726 de·

241 1739 359 1793 stinavit
374 1740 569 1808 maximusque
586 1740 673 1793 studii
689 1739 839 1794 theoretici
857 1741 994 1794 excitator
1011 1743 1041 1794 et
1051 1741 1197 1809 promotor

241 1805 361 1859 exstitit:
377 1823 437 1883 qna
448 1807 478 1860 in
490 1823 520 1860 re
533 1808 559 1861 ei
572 1808 602 1862 et
612 1808 788 1885 Athenaeum
801 1805 972 1885 Graecarum
984 1807 1196 1884 disciplinarum

241 1872 277 1926 ab
295 1872 439 1928 Hadnano
457 1874 563 1929 Rornae
581 1875 741 1928 institutum
760 1876 790 1927 et
807 1873 893 1928 edretr
910 1876 1139 1944 compositionem
1156 1875 1195 1928 ab

166 1983 174 1998 .
240 1939 350 1994 Iuliano
368 1942 526 1996 absolutam
542 1943 726 1996 incitamento
744 1941 829 1994 fuisse
847 1958 983 2010 perquam
997 1942 1130 1995 credibile
1143 1944 1196 1998 est.

242 2005 362 2061 Omnino
386 2010 462 2062 enim
485 2010 540 2062 iuri
557 2009 634 2062 civili
656 2009 708 2062 hoc
733 2007 849 2063 estsere
867 2009 992 2077 privato,
1011 2009 1086 2086 quod
1104 2009 1197 2086 solum

241 2076 301 2127 tum
319 2075 349 2128 in
372 2076 472 2130 scholis
493 2077 680 2141 tractabatur,
704 2077 796 2129 totum
818 2092 847 2129 se
871 2076 939 2129 dans
960 2077 1088 2144 inprrmis
1109 2076 1197 2130 hbros

242 2141 290 2195 ‘ad
308 2142 433 2196 edietum
449 2144 589 2198 urbicum’
607 2143 783 2212 potissimum
805 2143 835 2195 in
852 2143 1009 2198 scholarum
1031 2159 1113 2197 usum
1130 2143 1197 2197 scri-

241 2209 477 2344 ipiitilitiliit
496 2209 954 2344 tiuttttliltttfltttttit
971 2211 1196 2346 <litterati

242 2316 326 2408 cisat,
350 2343 396 2396 hie
418 2359 478 2396 mos
501 2344 552 2397 sub
574 2335 793 2411 imperataribus'
812 2360 869 2397 non
891 2344 974 2398 modo
997 2346 1124 2399 retentae
1145 2343 1197 2398 scd

242 2408 328 2462 etiam
350 2410 477 2463 excultus
500 2412 551 2464 est.
591 2411 625 2462 ln
648 2409 712 2464 Gaii
732 2427 799 2464 vero
822 2411 900 2465 libris
921 2413 1044 2480 primum
1065 2413 1118 2466 hoe
1140 2411 1196 2464 sin·

315 2538 333 2606 l)
349 2541 413 2590 ilaec
428 2541 490 2590 enim
506 2542 628 2605 utriusque
639 2544 719 2607 operis
734 2545 797 2593 inter
810 2559 836 2594 sc
851 2545 911 2593 ratic
927 2560 981 2594 esse
995 2545 1095 2595 videtur.
1120 2545 1153 2594 Cl.
1165 2545 1196 2595 de

241 2611 370 2660 buchholtz
385 2613 409 2660 iu
423 2611 515 2674 liugan.
531 2612 575 2662 civ.
591 2613 650 2676 Mag.
666 2615 702 2662 Vl.
717 2629 741 2676 p.
756 2626 803 2665 aaa.
819 2626 865 2665 aul.
881 2613 967 2664 Omisit
981 2615 1054 2665 Gaius
1073 2617 1096 2664 iu
1111 2616 1196 2678 altero,

242 2681 305 2746 quod
320 2682 367 2730 ium
381 2683 425 2731 bue
436 2683 465 2731 de
480 2697 552 2732 causa
561 2692 616 2746 post
626 2685 788 2734 Institutiones
799 2686 914 2748 scriptum
925 2699 978 2734 esse
989 2686 1138 2735 statuendum
1148 2692 1195 2748 est,

240 2753 453 2816 praemonitionem
468 2753 497 2802 de
513 2754 564 2802 iure
578 2756 683 2815 gentium
697 2763 721 2804 et
735 2755 807 2817 civili,
821 2762 846 2804 ut
856 2764 956 2819 apparet
970 2771 998 2805 ex
1013 2757 1038 2805 L.
1054 2769 1066 2807 1
1079 2771 1115 2819 pr.
1126 2755 1152 2804 1).
1165 2755 1196 2804 de

241 2838 293 2886 ucq.
309 2837 355 2872 rer.
371 2823 433 2872 dom.
450 2821 542 2890 (41,1);
557 2825 636 2888 itaque
651 2832 726 2874 toturn
741 2825 866 2874 consilium
881 2827 933 2874 eius
947 2827 971 2875 iu
986 2828 1031 2876 hoe
1045 2827 1106 2876 libro
1117 2827 1146 2875 ab
1157 2827 1198 2875 lu-

241 2894 403 2942 stitutiouibus
418 2894 537 2943 diversum
559 2902 594 2957 et,
614 2903 640 2944 ut
657 2897 729 2944 verbo
749 2896 840 2956 dicam,
860 2897 937 2945 minus
956 2898 1102 2959 isagogicum
1121 2897 1197 2946 luisse

241 2971 343 3027 oportet.
359 2964 469 3013 Ceterum
477 2966 574 3015 easdem
581 2979 621 3014 res
629 2967 725 3028 exponit
732 2967 802 3015 modo
810 2967 879 3015 latius
888 2967 1053 3016 etaccuratius
1061 2973 1198 3030 mutataque

242 3035 409 3098 aliquantulum
423 3036 576 3084 materiarum
591 3036 766 3099 distributione,
780 3051 810 3085 ne
825 3037 927 3086 studiosi
944 3039 1075 3101 superioris
1090 3037 1144 3087 libri
1159 3038 1199 3086 di-

242 3105 372 3154 visionibus
383 3107 450 3168 quusi
461 3107 519 3155 artis
530 3107 629 3155 vinculis
640 3114 784 3156 tenerentur.
805 3106 863 3156 Nam
873 3109 951 3171 primo
962 3109 1057 3172 quidem
1067 3108 1128 3158 libro
1140 3109 1198 3157 item

242 3176 271 3225 de
285 3189 442 3239 personarum
457 3177 507 3224 iure
522 3177 645 3238 exposuit3
665 3177 740 3226 altero
759 3191 815 3226 vero
831 3185 854 3225 et
868 3179 939 3227 tertio
959 3179 988 3227 de
1004 3179 1068 3242 iure,
1089 3179 1151 3244 qued
1166 3179 1199 3228 ed

241 3260 280 3295 res
294 3246 407 3310 pertinet,
422 3246 447 3294 in
461 3261 507 3310 quo
518 3247 674 3308 obligationes
689 3247 781 3309 plenius
792 3262 820 3296 er
834 3248 910 3296 tribus
921 3263 1059 3298 caussarum
1069 3249 1199 3311 generibus

242 3317 369 3376 derivavit3
389 3323 465 3365 totum
480 3331 535 3364 vero
557 3317 597 3365 ius'
608 3317 778 3367 hereditarium
798 3324 822 3366 et
835 3319 899 3381 quod
919 3319 948 3367 ad
963 3320 1069 3369 actiones
1084 3320 1198 3382 pertinet,

241 3388 395 3452 sequentibus
410 3387 478 3436 libris
494 3386 532 3451 (er
547 3388 632 3450 quibus
647 3389 705 3436 nibil
719 3388 841 3454 superest)
855 3403 993 3438 reservasse
1006 3390 1107 3439 ridetur.
1129 3390 1199 3447 Quod

241 3472 297 3507 vero
312 3472 351 3507 res
366 3457 516 3522 quotidianae
531 3458 721 3507 institutionibus
732 3459 799 3521 quasi
814 3459 914 3508 comites
929 3460 1023 3508 additae
1036 3467 1111 3522 erant,
1126 3460 1199 3508 etiem

242 3529 382 3578 conilrment
396 3541 502 3593 prooem.
513 3527 569 3577 lust.
585 3529 609 3590 ἓ.
619 3540 639 3580 c.
655 3535 679 3577 et
693 3529 783 3579 Riubm.
794 3529 842 3578 tab.
858 3530 881 3577 in
892 3530 1008 3579 zeitschr.
1021 3531 1037 3579 1.
1047 3531 1127 3592 gesch.
1139 3530 1198 3579 ltw.

241 3596 277 3648 111.
293 3613 316 3661 p.
333 3610 378 3649 seu.
