2672 4112
473 245 509 278 nn
527 244 639 280 unumve
657 245 736 280 cansa
754 237 783 282 rt.
1069 239 1109 298 45

147 373 200 444 lex,
216 369 380 427 cuicuimodi
395 369 478 426 luerit
492 370 547 434 illa,
563 372 643 426 etiam
658 373 680 426 si
692 371 873 444 perniciosum
884 371 983 445 aliquid
994 374 1111 447 populus

146 457 291 528 inceperit.
322 471 391 526 ergo
413 461 456 510 est
469 453 512 509 lex
526 443 659 510 instoriam
675 456 891 529 iniustorumque
908 456 1056 527 distinctio,
1079 458 1111 514 ad

145 539 219 594 illam
236 540 452 611 antiquissimam
468 545 495 592 et
505 553 595 594 rerum
608 540 726 594 omnium
738 541 884 612 principem
895 556 1021 612 expressa
1033 551 1111 598 natu·

146 639 211 684 ram,
226 621 354 695 adquam
369 621 445 694 leges
460 621 598 678 hominum
613 622 778 698 diriguntur,
794 639 862 696 quae
873 624 1006 696 supplicio
1021 627 1111 699 inpro-

146 707 197 762 bos
210 703 349 775 adiiciunt,
366 704 514 760 defendunt
529 721 559 761 ac
573 713 686 762 tuentur
699 704 796 763 bouus.

212 789 255 845 Vl.
278 789 313 856 Q.
335 789 474 844 Praeclare
488 789 634 861 intellego,
650 805 700 846 nec
715 806 781 846 uero
795 792 846 846 iam
861 791 937 846 aliam
954 809 1015 848 esse
1030 791 1111 848 ullam

146 874 238 946 legem
253 882 322 946 puto
337 889 394 928 non
407 872 490 928 modo
505 871 663 944 habendam,
680 873 777 930 sedne
792 874 975 948 appellandam
991 876 1109 949 quidem.

212 954 261 1014 14.
284 957 325 1012 M.
348 956 436 1028 lgitur
451 964 481 1011 tu
497 957 579 1012 'litias
593 964 622 1012 et
636 956 761 1030 Apuleias
776 957 853 1031 leges
868 958 955 1014 nullas
971 961 1068 1032 putas?

213 1042 248 1109 Q.
272 1039 329 1114 ligo
346 1056 413 1096 uero
427 1057 462 1095 ne
477 1037 565 1096 Liuias
581 1041 696 1113 quidem.

212 1125 254 1180 M.
270 1123 303 1195 Et
316 1131 402 1195 recte,
417 1139 485 1196 quac
496 1126 654 1197 praesertim
666 1141 720 1180 unc
732 1126 869 1182 uersiculo
884 1134 994 1182 senatus
1007 1136 1110 1206 ¹puncto

147 1210 280 1282 temporis
301 1205 421 1262 sublatae
435 1209 504 1264 sint:
520 1207 562 1263 les
578 1217 667 1264 autem
682 1207 738 1279 illa,
753 1211 830 1266 cuius
843 1210 897 1266 uim
907 1209 1049 1282 explicam,
1063 1227 1111 1266 ne·

59 1305 61 1312 ·
147 1309 204 1366 que
218 1292 281 1348 tolli
295 1307 383 1364 neque
399 1290 521 1364 abrogari
536 1300 640 1364 potest.

220 1375 251 1442 Q.
274 1374 322 1430 uas
342 1384 373 1430 tu
394 1376 479 1448 igitur
500 1375 576 1448 leges
598 1374 707 1447 rogabis
723 1374 858 1447 uidelicet,
882 1392 950 1450 qnae
964 1393 1110 1451 numquam

152 1457 328 1532 abrogentur.

214 1542 257 1598 M.
274 1537 365 1612 'Certo
389 1544 412 1597 si
434 1543 515 1600 modo
535 1545 663 1615 'acceptae
683 1541 818 1598 aduohus
834 1543 913 1600 uobis
927 1553 1016 1602 erunt.
1052 1545 1110 1618 sed,

146 1635 181 1682 ot
192 1629 236 1682 uir
248 1626 422 1682 doctissimus
441 1625 508 1683 lecit
524 1625 601 1699 Plato
618 1633 699 1699 atque
714 1627 784 1682 idem
799 1629 974 1700 grauissimus
990 1629 1111 1702 philoso-

147 1711 266 1784 phorum
282 1709 410 1780 omnium,
434 1711 480 1783 qui
495 1711 620 1783 princeps
636 1710 669 1765 de
684 1726 714 1765 re
728 1710 836 1782 publica
850 1714 1013 1786 conscripsit
1027 1712 1111 1768 idem·

147 1811 202 1868 que
222 1795 367 1866 separatim
386 1792 420 1848 de
440 1792 631 1866 legibus-cius,
650 1793 678 1850 id
693 1795 757 1850 mihi
772 1794 854 1850 eredo
870 1811 932 1852 esse
947 1795 1110 1868 faciundum,

146 1887 188 1944 ut,
204 1879 283 1950 prius
299 1894 379 1950 quem
394 1879 479 1950 ipsam
490 1877 579 1951 legem
590 1879 711 1948 recitem,
727 1877 760 1933 de
771 1879 828 1932 eius
840 1878 908 1950 legis
920 1877 999 1934 laude
1011 1878 1111 1948 dicam3

148 1961 223 2034 quod
236 1961 309 2016 idem
325 1968 352 2016 et
366 1960 506 2018 Zaleucum
522 1968 550 2016 et
565 1959 732 2016 Charondam
747 1961 843 2016 iecisse
856 1961 944 2028 uideo,
961 1977 1043 2034 quom
1054 1964 1111 2035 qui-

151 2045 212 2101 dem
226 2045 264 2100 illi
276 2061 333 2100 non
343 2045 426 2100 studii
437 2053 465 2100 et
476 2044 674 2116 delectationis,
690 2043 738 2098 sed
753 2045 792 2098 rei
808 2043 929 2116 publicae
945 2060 1026 2100 causa
1036 2045 1112 2118 leges

151 2127 305 2184 ciuitatibus
326 2130 382 2184 suis
402 2130 582 2201 scripserunt:
605 2143 674 2200 quos
694 2128 813 2182 imitatus
828 2126 905 2183 Plato
920 2127 1046 2184 uidelicet
1060 2130 1113 2187 hoc

149 2229 260 2286 quoque
283 2212 351 2286 legis
372 2213 480 2285 putauit
502 2228 572 2284 esse,
595 2210 758 2284 persuadere
780 2209 890 2284 aliquid,
911 2227 967 2266 non
982 2214 1069 2268 omnia
1085 2215 1110 2268 ui

148 2313 180 2352 ac
194 2297 275 2350 minis
291 2312 399 2369 eogere.

213 2375 255 2437 15.
278 2379 311 2448 Q.
334 2377 422 2446 Quint
451 2378 523 2452 quod
546 2378 688 2435 Zaleucum
710 2379 793 2433 istum
814 2386 896 2452 negat
918 2378 1003 2434 ullum
1026 2380 1111 2437 luisse

153 2463 294 2518 Timaeus?

215 2547 255 2602 M.
277 2549 314 2605 ht
335 2547 552 2620 Theophrastus,
575 2554 668 2603 auctor
690 2545 760 2601 haud
782 2546 901 2602 deterior
923 2563 981 2602 mea
1003 2547 1110 2620 quidem

149 2632 286 2687 sententia
316 2625 464 2706 (meliorem
485 2629 563 2685 multi
586 2631 734 2696 nominant)
761 2639 953 2686 commemorat
981 2626 1021 2687 et¹
1045 2649 1110 2688 nero

146 2716 235 2789 ipsius
251 2716 333 2778 ciues.
348 2716 436 2770 nostri
452 2713 575 2783 clientes,
586 2712 673 2769 Locri.
704 2711 752 2768 sed
767 2715 826 2768 siue
841 2713 893 2769 luit
907 2715 964 2770 siue
979 2731 1034 2771 non
1049 2715 1110 2788 luit,

147 2798 218 2854 nihil
232 2797 266 2854 ad
281 2813 351 2854 rein:
374 2798 512 2872 loquimur
527 2797 599 2870 quod
614 2795 742 2852 traditum
752 2805 806 2853 est.

212 2877 240 2937 7.
261 2881 302 2937 Sit
312 2883 397 2954 igitur
411 2883 464 2937 hoc
477 2883 556 2936 iama
573 2881 704 2954 principio
721 2897 879 2953 persuasum
896 2881 1011 2952 ciuibus,
1027 2881 1111 2940 domi·

131 2983 199 3022 nos
222 2981 282 3022 esse
298 2967 416 3021 omnium
430 2981 521 3021 rerum
537 2981 567 3022 ac
582 2965 767 3020 moderatores
782 2965 848 3021 deos
863 2981 958 3038 eaque,
981 2982 1049 3040 quoe
1065 2984 1111 3040 ge·

146 3059 254 3122 rentur,
277 3065 371 3105 eorum
393 3050 452 3122 geri
474 3048 574 3104 iudicio
597 3065 628 3104 ac
641 3049 761 3118 numine,
784 3049 947 3123 eosdemque
962 3052 1063 3124 optime
1078 3050 1111 3106 de

147 3149 252 3208 genere
266 3133 406 3188 homin-um
420 3133 518 3188 mereri
533 3141 560 3188 et
575 3132 661 3206 qualis
677 3133 792 3206 quisque
807 3135 858 3204 sit,
881 3135 944 3206 quid
960 3144 1032 3208 agat,
1047 3135 1111 3208 quid

146 3221 174 3273 in
190 3234 221 3272 se
237 3217 372 3288 admittat,
388 3233 441 3289 qua
452 3224 554 3286 mente,
570 3233 622 3289 qna
636 3217 735 3288 pietate
749 3217 822 3274 colat
836 3217 993 3291 religiones,
1012 3219 1111 3274 intueri

146 3303 310 3374 piorumque
331 3307 359 3356 et
378 3303 521 3374 impiorum
542 3300 642 3356 hahere
663 3302 804 3356 rationem.
834 3303 875 3356 his
891 3304 961 3356 enim
976 3301 1056 3357 rebus
1071 3304 1110 3356 in·

145 3384 230 3440 hutae
250 3393 354 3440 mentes
375 3384 446 3439 haud
462 3400 525 3440 sane
546 3383 730 3440 abhorrebunt
751 3385 782 3440 ab
804 3386 865 3441 utili
881 3393 927 3440 aut
941 3403 956 3439 a
971 3400 1035 3439 uera
1050 3401 1110 3439 sen·
1140 3435 1141 3438 ,
1221 3397 1226 3406 ·

222 3561 244 3630 ¹)
259 3572 443 3614 commemorant
457 3565 508 3612 AB
519 3565 558 3614 ed.
579 3565 609 3613 V.
687 3611 693 3618 .
