2680 4112
490 243 513 278 o.
531 242 627 277 snmus
645 241 746 278 carme.
1032 232 1096 290 115

197 366 244 426 31.
268 367 386 426 *Potitus
402 369 535 423 seruitute
551 367 587 422 od
603 369 727 439 antiquis
735 368 894 440 dicebatur,
912 367 981 440 qui'‚
998 376 1028 423 ut
1040 360 1095 424 ait¹

134 454 235 522 Labeo,
260 451 432 508 ‘seruitutem
454 453 553 520 seruit,
579 449 751 507 'ettiusmodi
763 443 916 508 dictiones²
931 445 1096 524 proxim(o)e

93 539 229 601 [midraeci
244 541 332 594 moris
347 541 421 591 sunt.
451 536 546 590 eodem
561 537 642 590 modo
658 533 797 590 dicebatur
811 535 842 590 ab
858 536 975 608 antiquis
989 539 1098 607 potitus

135 621 279 680 hostium'.
291 647 335 660 -·
350 619 424 674 lest.
440 635 464 674 v.
478 617 585 674 Potitus
599 619 733 673 seruitute
748 635 775 692 p.
792 616 862 676 250.

420 795 454 860 O.
478 793 637 859 Anulis
661 794 819 861 ΟΑΡΙΤΟ

315 901 444 966 (Labeonis
459 899 572 964 aequalis,
587 903 627 964 qui
642 907 720 950 tamen
735 903 757 950 ei
772 901 920 966 supervixit).

409 1043 414 1053 ·
456 1023 779 1082 Coniectaneorum.

198 1143 219 1200 l.
244 1143 310 1197 Cum
333 1141 430 1197 librum
446 1141 509 1198 Vlll.
526 1144 596 1198 Ateii
611 1142 748 1215 Capitonis
772 1143 1007 1198 coniectaneorum
1023 1142 1097 1216 lege·

135 1245 236 1298 remus,
260 1228 306 1299 qui
321 1227 467 1298 inscriptus
482 1235 525 1281 est
540 1226 572 1282 de
588 1226 693 1282 iudiciis
709 1225 834 1300 publicis,
857 1226 996 1282 decretum
1011 1226 1096 1282 tribu·

135 1327 237 1367 norum
258 1313 347 1364 uisum
369 1317 412 1364 est
434 1311 576 1382 grauitatis
599 1311 723 1383 antiquae
744 1310 864 1383 plenum„
900 1309 1048 1383 Propterea
1070 1311 1097 1366 id

137 1395 317 1450 meminimus.
353 1393 437 1466 idque
465 1392 499 1448 oh
528 1394 596 1448 hano
618 1409 724 1450 causam
747 1401 775 1449 et
795 1395 824 1449 ln
845 1395 913 1450 hanc
935 1397 1096 1451 sententiam

138 1479 273 1550 scriptum
295 1484 346 1532 est:
376 1476 477 1536 ‘Aulus
489 1475 620 1532 Hostilius
636 1477 772 1534 Mancinus
794 1477 885 1532 aedilis
908 1479 1009 1534 eurulis
1033 1479 1093 1534 luit.

135 1561 163 1617 ls
177 1560 297 1616 Maniliae
318 1561 454 1616 meretrici
476 1560 545 1616 diem
561 1561 593 1615 ad
609 1561 737 1634 populum
752 1561 819 1616 dixit
835 1577 877 1631 eo,
902 1563 974 1634 quod
990 1579 1004 1617 e
1020 1562 1096 1618 tabu·

134 1646 193 1701 lato
209 1647 268 1700 eius
280 1652 365 1700 noctu
376 1643 462 1718 lapide
473 1646 543 1700 ictus
554 1652 635 1718 esset,
651 1645 805 1717 uulnnsque
817 1659 849 1700 ex
861 1661 893 1701 co
904 1645 992 1718 lapide
1005 1653 1096 1702 osten·

135 1729 225 1784 debat.
260 1727 364 1782 Manilia
387 1727 420 1782 ad
434 1720 557 1783 trihun'os
572 1727 644 1800 plebi
659 1731 829 1801 prouocauit.
862 1729 940 1802 Apud
956 1745 1003 1784 eos
1019 1729 1096 1799 dixit,

134 1819 375 1870 commessatorem
397 1810 545 1867 Mancinum
574 1811 606 1866 ad
629 1812 708 1867 aedes
731 1827 792 1867 suas
814 1814 937 1880 uenisse;
963 1827 1024 1866 eum
1047 1811 1097 1867 sibi

133 1898 256 1969 recipere
271 1911 328 1950 non
343 1894 427 1950 luisse
442 1909 456 1950 e
472 1911 501 1950 re
517 1912 580 1962 sua3
597 1895 644 1950 sed
660 1911 721 1950 cum
736 1897 764 1950 ui
774 1897 947 1968 irrumperet,
963 1895 1096 1966 lapidibus

134 1979 289 2054 depulsum.
325 1969 435 2033 Tribuni
457 1978 647 2049 decreuerunt,
670 1978 781 2034 aedilem
805 1995 837 2033 ex
852 1993 885 2033 eo
901 1979 962 2034 loco
977 1979 1035 2032 iure
1051 1979 1097 2033 de-

131 2067 247 2135 iectum,
271 2078 326 2135 quo
350 2073 411 2116 eum
434 2065 526 2117 uenire
548 2079 609 2119 cum
624 2061 768 2117 corollario
784 2077 839 2116 non
854 2061 998 2117 decuisset.
1029 2061 1096 2117 Pro·

132 2156 230 2221 pterea
244 2162 280 2202 ne
295 2161 357 2202 cum
372 2145 473 2220 populo
489 2145 581 2202 aedilis
598 2153 701 2220 ageret,
721 2145 957 2201 intercesserunt'.
975 2145 1095 2200 -Atett

133 2231 163 2301 4,
181 2229 232 2286 14.
249 2229 298 2301 SS.
316 2229 407 2286 1—6.

197 2312 230 2371 2.
253 2314 322 2385 Appi
343 2325 459 2385 namque
478 2313 553 2374 illins
575 2311 650 2368 Caeci
673 2311 725 2368 filia
748 2312 868 2377 aludis,
898 2327 968 2388 quos
991 2321 1095 2386 specta·

132 2407 224 2466 uerat,
246 2399 347 2466 exiens,
370 2396 450 2453 turba
466 2397 583 2470 undique
598 2395 761 2452 confluentis
776 2395 987 2470 fluctuantisque
1002 2397 1095 2470 populi

132 2485 235 2538 iactata
255 2488 305 2538 est.
339 2484 428 2554 Atque
442 2481 504 2536 inde
520 2495 630 2554 egressa
645 2497 705 2536 cum
720 2495 750 2535 se
765 2481 832 2535 male
848 2479 963 2536 habitam
979 2481 1094 2536 diceret:

134 2564 218 2639 ‘quid
237 2580 278 2620 me
298 2581 372 2620 nunc
386 2565 485 2621 lactum
501 2563 596 2636 esset',
618 2565 714 2635 inquit,
738 2564 905 2637 ‘quantoque
920 2567 1004 2620 artius
1019 2581 1094 2638 pres·

132 2652 248 2720 eiusque
271 2647 424 2704 conflictata
439 2664 538 2718 essem,
560 2650 583 2702 si
597 2647 625 2702 P.
641 2647 777 2718 Claudius,
800 2647 882 2702 irater
898 2663 984 2720 meus,
1007 2649 1095 2704 nauali

131 2733 241 2808 proelio
266 2731 376 2787 classem
398 2733 507 2786 nauium
529 2747 588 2787 cum
604 2733 707 2802 ingenti
722 2733 821 2786 ciuium
836 2747 948 2786 numero
965 2749 1020 2788 non
1034 2749 1096 2806 per·

132 2815 268 2874 didisset?
294 2823 369 2872 certe
384 2815 491 2887 quidem
508 2816 609 2870 maiore
623 2831 695 2870 nunc
709 2817 785 2888 copia
799 2813 893 2888 populi
910 2831 1039 2889 oppressa
1053 2819 1094 2871 in-

133 2900 316 2958 tercidissem.
339 2897 392 2954 Sed
415 2899 538 2969 utinam',
560 2901 659 2972 inquit,
683 2897 839 2955 irentuiscat
861 2898 944 2954 lrater
966 2900 1095 2972 aliamque

131 2986 250 3043 classem
272 2985 299 3038 iu
315 2983 431 3040 Siciliam
453 2983 533 3039 ducat
555 2991 636 3055 atque
650 2986 729 3039 istam
745 2982 944 3040 multitudinem
959 2983 1094 3058 perditum

130 3077 186 3141 eat,
212 3083 282 3142 quae
303 3083 346 3123 me
368 3067 437 3124 male
458 3083 531 3122 nunc
544 3069 668 3123 miseram
683 3065 867 3124 connexauit'.
902 3067 940 3122 ob
957 3069 1023 3124 haec
1036 3085 1094 3124 mu·

129 3153 209 3210 lieris
232 3150 316 3208 uerba
338 3157 392 3206 tam
414 3151 535 3225 improba
551 3167 581 3208 ac
596 3161 651 3208 tam
666 3151 781 3207 inciuilia
797 3149 824 3206 G.
841 3149 993 3208 Fundanius
1010 3161 1037 3208 et
1052 3152 1095 3206 'li-

129 3237 225 3293 herius
249 3235 426 3307 Sempronius
454 3235 554 3291 aediles
581 3234 670 3310 plebei
698 3234 806 3290 multam
833 3235 958 3292 dixerunt
980 3237 1004 3291 ei
1027 3237 1094 3291 aeris

129 3322 227 3394 grauis
257 3321 355 3394 uiginti
382 3320 501 3398 quinque
528 3318 608 3376 milia.
646 3319 674 3374 ld
702 3317 800 3376 lactum
829 3335 888 3375 esse
915 3319 981 3376 dicit
1003 3318 1094 3389 Capito

208 3484 229 3552 1)
246 3486 368 3536 Fortasse
383 3483 458 3534 libris
467 3483 665 3548 posterioribus.
696 3483 734 3546 Of.
752 3483 815 3532 sert.
830 3494 865 3542 aa,
880 3493 913 3532 ιο.
929 3482 952 3542 5.
962 3493 982 3532 a.
1000 3477 1021 3546 ⁹)
1031 3483 1096 3530 tales

130 3557 331 3612 consuetudines
344 3555 385 3604 ed.
400 3555 474 3606 Mart.

839 3638 876 3691 8*
