2680 4112
266 213 330 276 164
700 233 787 269 cuivs.

264 354 337 418 Quid
355 354 430 421 qnod
442 360 466 414 t,
481 359 551 412 166¹.
569 354 709 407 rubricam
721 353 770 422 qui
781 354 874 422 posuit
886 354 933 408 ‘de
945 354 1091 410 fiduciaria
1103 355 1217 419 tutele’,

263 422 313 473 nbi
330 421 389 488 ipse
408 419 494 474 Gaius
512 420 547 474 de
565 421 717 474 fiduciariis
729 422 826 476 tutelis
837 422 970 490 loquitur,
989 423 1057 475 iuris
1069 422 1219 478 Iustiniani

264 489 293 540 et
309 487 396 556 ipsius
413 488 540 542 rubricae
563 489 606 541 tit
625 487 647 546 1.
666 495 690 550 1,
710 494 749 542 te.
772 488 886 542 videtur
908 505 941 542 co
983 487 1098 543 'tionem
1122 491 1152 544 et
1173 507 1217 544 ra·

262 554 371 608 tionem
387 554 525 612 habuisse.
554 555 636 610 Certe
656 555 863 609 abolitemeine
880 558 945 609 aeta
985 557 1106 610 tutelam
1118 557 1218 611 mulie·

263 623 343 676 brem
359 621 455 690 prodit
472 622 584 676 rubrica
601 623 666 676 anto
679 628 701 684 2,
715 628 757 676 80.
787 623 937 676 Praeterea
953 623 1104 676 barbarum
1116 639 1217 678 aevum

263 689 756 810 triturarentur
768 689 1110 811 iioeffi‘tt’attbl
1128 691 1217 812 tlt

263 825 390 889 deantur,
402 774 578 902 qui’cisibui,
589 823 688 900 modis,
700 775 875 900 temporiius
885 827 982 901 contra
990 773 1128 880 „gonaffi
1139 823 1215 880 Gaii·

263 907 319 1010 ffire
337 892 438 945 aetatis
456 906 563 945 morem
581 907 598 944 a
614 891 728 944 librario
751 892 849 958 positis
870 891 1077 960 similibusque,
1100 893 1133 945 ut
1149 907 1216 946 vere

286 959 368 1023 cam,
395 959 470 1012 vitiis
497 957 692 1012 conservandis
714 973 818 1026 magna
839 973 907 1011 cura
932 958 1059 1023 student,
1106 959 1168 1012 nasi
1192 959 1217 1012 is

263 1027 441 1092 antiquitatis
457 1026 538 1079 testis
556 1028 629 1079 esset
645 1025 675 1077 in
686 1025 761 1078 hisce
778 1025 862 1078 rebus
879 1024 935 1079 fide
954 1026 1063 1094 dignus.
1114 1025 1217 1079 andem

263 1094 388 1146 aetatem
409 1093 505 1162 prodit
526 1092 702 1146 rubricarum
724 1093 810 1155 ratio,
837 1107 906 1158 ques
931 1092 1076 1145 librarins¹
1099 1092 1217 1162 singulis

263 1161 389 1213 materiis
411 1161 531 1214 maxime
553 1159 635 1212 initio
657 1159 750 1226 operis
776 1159 955 1227 praescripsit
976 1159 1113 1236 quibusve
1136 1175 1217 1227 prae·

262 1226 417 1280 scribendis
434 1227 546 1297 saepius
563 1244 576 1279 s
597 1227 685 1278 atium
697 1241 816 1279 vacuum
828 1226 954 1293 reliquit;
971 1226 1040 1280 hcet
1056 1227 1129 1280 enim
1142 1227 1216 1280 eius·

262 1293 340 1346 modi
357 1294 483 1347 rubricas
502 1300 509 1359 (
532 1244 595 1347 uoci
605 1294 697 1360 ipsum
714 1308 817 1347 nomen
834 1292 982 1360 aliquoties
999 1295 1126 1347 notatum
1142 1293 1173 1346 in
1186 1293 1217 1347 Ο.

262 1361 414 1428 invenitur)
432 1362 505 1414 sicut
564 1375 741 1428 sponsorum,
765 1359 966 1424 Quaestionum
988 1360 1105 1428 aliisque
1121 1360 1216 1414 minus

262 1442 297 1480 ex
321 1428 381 1479 arte
405 1429 618 1504 nuncupatoriae
641 1425 751 1494 scriptis
774 1427 820 1493 (cf.
838 1426 883 1480 Fr,
902 1427 965 1480 Vct
983 1430 1047 1494 227)
1070 1428 1112 1480 ite
1129 1427 1216 1480 etiam

261 1493 473 1546 Institutionum
485 1494 564 1547 libris
575 1495 698 1546 inserere
710 1494 817 1546 librarii
833 1495 942 1547 mature
956 1495 1116 1561 coeperint²
1128 1497 1138 1556 (
1159 1494 1217 1548 uod

261 1559 298 1612 de
315 1559 430 1628 Ulpiani
451 1563 485 1615 et
497 1560 588 1614 Paulli
605 1559 831 1614 institutionibus
854 1577 889 1614 ex
912 1560 1012 1614 corut
1028 1562 1072 1614 tit.
1090 1560 1128 1614 XI
1158 1600 1165 1615 .
1188 1563 1217 1614 et

336 1715 356 1786 ¹)
370 1719 429 1769 llam
448 1721 548 1784 abipso
567 1719 626 1768 Gaio
646 1734 686 1768 eas
705 1720 824 1782 proiectas
843 1735 890 1768 nou
909 1734 976 1781 esse,
996 1722 1044 1769 iam
1062 1720 1217 1769 Goesobenns

263 1790 338 1840 Praei.
354 1806 377 1854 p.
392 1791 491 1840 llllVlll.
507 1791 594 1840 XXXV.
611 1791 647 1838 ed.
663 1789 758 1838 Lacbm.
774 1797 839 1839 recte
853 1790 973 1838 iudicavit.
997 1791 1063 1840 Unde
1078 1791 1218 1852 Roeckingii

262 1862 388 1910 consilium
403 1876 448 1910 nou
463 1862 547 1924 probo,
562 1862 602 1924 qni
617 1861 654 1908 ed.
670 1871 689 1911 5.
706 1861 777 1908 etiam
791 1875 844 1922 eas,
864 1875 923 1924 qnae
938 1860 1022 1909 deesse
1037 1861 1058 1909 ei
1073 1862 1136 1909 visae
1151 1869 1217 1924 sunt,

262 1933 371 1981 rubricas
385 1933 510 1994 supplevit.
535 1932 630 1980 Rectius
645 1931 699 1994 quis
709 1931 800 1991 iecerit,
815 1931 855 1993 qui
865 1931 901 1978 vel
911 1945 951 1979 eas
967 1932 1140 1993 exterminaret,
1154 1946 1217 1994 quae

262 2017 324 2052 nnnc
333 2003 471 2051 invitoGaio
480 2003 567 2052 librum
577 2003 628 2050 eius
638 2008 749 2060 onerant;
760 2001 780 2049 is
792 2001 855 2049 enim
867 2002 919 2064 ipsa
929 2001 1035 2050 oratione
1046 2001 1217 2051 divisionibus·

262 2087 308 2137 que
322 2081 377 2136 apte
395 2075 463 2122 iactis
482 2073 554 2122 multo
570 2073 662 2121 doctius
677 2071 792 2134 providit,
812 2078 837 2119 ut
855 2071 930 2120 lector
948 2087 994 2120 non
1014 2072 1083 2134 plane
1105 2072 1217 2122 indoctus

262 2144 354 2206 singula
373 2158 480 2208 quaeque
498 2143 568 2192 tacite
588 2143 711 2191 inveniret.
744 2141 793 2204 ipsi
811 2141 901 2190 librarii
920 2142 1028 2190 rubricas
1047 2143 1160 2192 continuo
1179 2143 1217 2192 in-

262 2215 368 2263 scribere
383 2216 448 2263 circa
463 2214 533 2262 linem
547 2214 606 2273 loci,
622 2213 661 2275 qui
676 2218 713 2260 est
727 2211 757 2260 de
771 2212 946 2274 contractibus,
966 2213 1076 2261 videntur
1090 2213 1217 2274 desivisse,

261 2285 343 2345 credo,
358 2285 413 2346 quia
426 2284 538 2332 continua
552 2283 623 2330 lectio
637 2283 662 2330 in
676 2281 765 2330 scholis
779 2296 833 2330 raro
848 2283 909 2330 ultra
923 2296 976 2330 eum
988 2283 1066 2332 locum
1080 2284 1217 2346 perveniret
1248 2313 1252 2318 ·
1327 2315 1329 2360 ,

262 2361 285 2401 et
300 2368 328 2400 er
342 2360 425 2414 quarto
440 2353 610 2400 commentario
625 2366 700 2414 panca
714 2359 804 2400 tantum
823 2352 853 2400 de
867 2353 1012 2415 actionibus,
1031 2368 1106 2416 pauca
1126 2353 1156 2402 de
1176 2367 1217 2402 ex-

262 2423 412 2484 ceptionibus
426 2422 577 2470 traderentur
592 2422 633 2483 (ci.
648 2429 725 2484 coust.¹
735 2421 834 2471 Omnem
848 2423 907 2486 reip.
918 2424 941 2484 ξ.
952 2422 984 2487 1).
1009 2421 1077 2472 Certe
1093 2422 1117 2472 C.
1129 2424 1216 2472 Veron.

261 2506 348 2541 vacuas
362 2493 437 2540 lineas
451 2491 611 2540 inscribendis
625 2491 728 2540 rubricis
747 2491 877 2542 destinatas
895 2507 941 2542 nou
960 2495 1067 2542 continet
1080 2494 1127 2542 uisi
1141 2509 1217 2558 usqne

263 2562 294 2612 ad
308 2561 374 2610 illurn
388 2562 466 2610 locum
481 2559 521 2625 (cl.
536 2568 585 2610 not
600 2561 629 2609 ad
644 2572 664 2621 a,
679 2573 725 2611 ltt.
741 2561 800 2624 168.)
814 2563 855 2610 nbi
869 2563 940 2612 etiam
954 2563 978 2612 in
992 2564 1090 2625 visigot.
1105 2564 1217 2626 Epitoma

261 2632 324 2680 tituli
337 2633 387 2680 iere
401 2631 522 2692 deficiunt,
537 2637 562 2679 ct
574 2638 697 2693 praeterea
711 2638 802 2680 tantum
812 2633 879 2680 initio
889 2647 974 2682 comm.
985 2633 1022 2682 lV.
1034 2641 1058 2681 et
1067 2641 1120 2682 aute
1131 2636 1154 2694 §-
1166 2644 1214 2686 tto.

263 2698 285 2766 ¹)
306 2702 333 2750 ln
351 2715 420 2750 nsnm
439 2701 574 2750 scholarum
592 2702 741 2764 primumque
760 2703 784 2750 iu
803 2702 884 2751 Sabini
902 2703 970 2752 libris
991 2705 1021 2752 ad
1035 2703 1217 2752 similitudinem

262 2771 347 2832 edicti,
366 2771 407 2820 nbi
426 2771 526 2840 abipso
544 2778 655 2834 praetore
673 2772 746 2834 positi
764 2772 826 2820 tituli
843 2774 941 2834 proprie
959 2774 1150 2838 appellabantur,
1169 2775 1217 2823 boc

261 2842 349 2891 lactum
368 2855 434 2903 esse,
454 2842 565 2903 colligere
584 2842 641 2890 licet
659 2855 688 2890 ex
701 2842 766 2889 Pers.
780 2852 806 2902 t,
820 2853 854 2893 eo.
875 2842 968 2892 Petron.
983 2855 1022 2904 to,
1042 2844 1104 2893 unde
1118 2843 1216 2901 Quintil.

261 2912 278 2960 Ι.
294 2911 321 2960 0.
338 2924 372 2973 ts,
386 2923 406 2962 t.
420 2913 444 2972 ὅ.
460 2923 493 2961 11.
528 2908 585 2959 ‘tbi
603 2926 629 2959 se
649 2912 679 2960 ad
700 2911 779 2960 albuni
798 2927 826 2961 ec
845 2913 953 2962 rubricas
971 2911 1086 2976 (intellige
1108 2912 1216 2963 lCtorurn

260 2979 346 3045 libros)
360 2979 556 3042 transtuleruut’3
571 2995 704 3045 quanquam
718 2982 780 3030 tituli
795 2982 828 3030 illi
842 2983 866 3030 in
881 2983 970 3032 libris
985 2984 1015 3032 ad
1030 2985 1133 3033 edictum
1144 2986 1217 3033 etiam

260 3052 371 3100 rubricae
386 3066 440 3100 esse
455 3059 586 3114 coeperunt
600 3050 636 3116 (L.
648 3064 667 3102 r.
678 3053 701 3113 ἕ.
713 3063 732 3102 a.
748 3051 775 3100 D.
787 3052 816 3100 de
831 3052 916 3102 interd.
930 3065 966 3114 tt,
980 3052 1011 3118 1.)
1027 3061 1051 3102 et
1065 3055 1112 3102 iam
1127 3055 1217 3118 Vespa·

260 3123 322 3170 situi
336 3129 413 3170 aetate
427 3122 451 3170 iu
465 3122 516 3170 iure
530 3121 607 3182 civili,
623 3128 647 3169 nt
662 3128 755 3170 constat
773 3136 801 3170 en
820 3123 915 3172 aeribus
935 3124 1088 3186 Salpensano.
1101 3131 1125 3173 et
1144 3125 1217 3174 ltela-

261 3192 352 3253 citano,
374 3193 425 3254 ipsa
446 3205 539 3254 quoqne
560 3191 636 3252 legum
658 3189 711 3255 (sed
732 3199 810 3240 tamen
828 3193 994 3256 principalium
1012 3194 1118 3258 tantum)
1138 3196 1218 3258 capita

260 3276 393 3326 quanquam
408 3276 455 3310 non
469 3261 541 3310 rubro
551 3261 631 3310 colore
642 3263 692 3310 aeri
702 3262 816 3324 inscripta
827 3263 935 3311 rubricae
946 3263 1063 3327 appellata
1073 3271 1137 3327 sunt,
1148 3266 1218 3315 iude-

260 3346 306 3396 que
321 3332 422 3381 luvenal.
438 3343 471 3392 rt,
482 3343 528 3382 tol.
545 3328 642 3380 ‘rubras
656 3332 771 3380 maiorum
785 3329 861 3394 leges'
877 3335 1020 3394 generaliter
1033 3335 1115 3385 dicere
1130 3337 1216 3399 potuit.

259 3403 346 3452 Verum
364 3410 390 3452 ut
407 3403 431 3452 in
450 3401 569 3466 plerisque
589 3403 625 3451 ins
645 3402 714 3450 civile
733 3403 784 3450 iure
798 3403 918 3464 praetorio
937 3405 1058 3466 paullatim
1078 3413 1218 3468 superatum

260 3480 309 3535 est,
329 3475 362 3521 ita
377 3474 447 3522 etiam
462 3473 486 3520 in
500 3472 545 3521 hae
564 3473 629 3520 tenui
648 3487 674 3520 re
692 3472 792 3520 maxime
812 3479 868 3535 puto
887 3481 1013 3537 postquam
1027 3476 1052 3524 in
1067 3475 1217 3538 Gregoriano

259 3550 283 3590 et
297 3542 484 3604 Hermogeniano
499 3540 627 3591 Codicihus
641 3542 703 3590 tituli
718 3542 747 3590 ab
762 3543 821 3604 ipsis
835 3545 972 3592 auctoribus
986 3545 1016 3594 ad
1030 3546 1127 3596 modam
1143 3547 1218 3597 edicti
