2694 4110
252 961 491 1036 ciaiiivs.
538 944 799 1038 'conuiuis
850 961 1210 1037 uuuosiiiuiius

283 1078 530 1156 uvuoxivs
584 1078 841 1154 riunicivs
894 1076 1177 1156 iuuiieiivs

319 1248 360 1302 Ex
377 1247 420 1300 his
438 1246 631 1316 prudentibus,
650 1261 769 1314 quorum
782 1246 921 1323 quaedam
935 1248 1091 1300 sententiae
1103 1249 1207 1325 partim
1219 1267 1278 1316 [issi

253 1334 270 1371 a
295 1314 497 1369 iurisconsultis
522 1313 675 1367 iustiniano
704 1328 814 1367 eoaeuis
839 1313 943 1380 partim
970 1314 998 1366 in
1025 1313 1210 1369 Basilicorum

253 1382 364 1437 scholiis
382 1381 643 1446 commemorantur,
661 1381 795 1447 quattuor
812 1380 934 1444 medios,
954 1379 1137 1446 Domniuum,
1156 1383 1210 1436 De·

253 1449 439 1512 mosthenem,
458 1447 616 1500 Eudoxium
634 1449 664 1500 et
675 1446 837 1511 Patricium,
856 1446 1010 1500 Iustiniano
1049 1448 1125 1502 aullo
1138 1450 1211 1503 anti·

253 1516 364 1584 quiores
386 1513 469 1567 fuisse
495 1517 524 1567 et
544 1513 574 1566 in
597 1514 665 1566 iuris
688 1513 797 1580 schola,
820 1513 937 1568 fortasse
955 1465 1102 1582 Beiyiensi
1120 1518 1211 1581 (certo

254 1583 327 1636 enim
350 1580 403 1634 hoc
425 1579 559 1634 affirmari
581 1596 637 1633 non
681 1581 780 1644 otest),
806 1578 920 1633 Codices
942 1580 1115 1648 antiquiores
1139 1579 1209 1636 sivu-

253 1647 400 1769 ἧνώσμασι
419 1647 463 1709 (fr.
484 1653 508 1700 7.
528 1649 564 1710 8.)
582 1647 598 1704 i.
618 1663 641 1700 e.
659 1598 827 1700 fictionibus
844 1647 1042 1715 interpretatos
1061 1663 1127 1710 esse,
1146 1651 1213 1716 post

280 1716 381 1770 eizium
398 1714 427 1768 in
447 1731 505 1768 exc.
518 1713 576 1766 XX.
594 1713 630 1766 ad
642 1713 827 1833 Theqphilum
840 1731 867 1782 p.
882 1721 945 1767 1241
960 1730 1016 1782 seq.
1034 1715 1211 1770 demonstra·

254 1785 296 1837 vit
314 1777 427 1837 Carolus
451 1780 523 1834 Guil.
548 1781 612 1834 Em.
630 1780 713 1834 Heim
735 1781 831 1834 achius
853 1781 925 1834 libro
948 1781 983 1834 de
1005 1780 1111 1834 Basilio.
1137 1784 1210 1851 orig.

253 1851 327 1918 Lips.
343 1853 418 1902 1825.
454 1854 502 1902 ,66
515 1863 572 1916 seq.
596 1846 726 1901 Errorem
739 1863 806 1901 vero
819 1849 993 1915 superiorum
1005 1848 1061 1900 fere
1073 1849 1209 1915 omnium,

254 1916 381 1970 Eudoxio
395 1917 424 1968 et
459 1914 556 1968 siricio
570 1915 655 1967 etiam
669 1913 768 1967 Herois
785 1929 888 1967 nomen
906 1911 1102 1981 tribuentium,
1119 1915 1210 1969 frater

255 1982 347 2038 Caroli
361 1981 500 2036 Gustavus
512 1981 725 2046 Heimbachius,
744 1981 773 2033 in
785 1981 828 2033 his
840 1980 940 2034 studiis
952 1982 1059 2048 pariter
1070 1985 1209 2048 versatus,

254 2049 393 2104 Anecdot.
413 2049 434 2104 I.
452 2066 479 2117 pr
494 2054 551 2102 203.
564 2047 677 2166 quimus
695 2048 824 2110 convicit,
841 2063 896 2100 non
909 2063 1011 2101 nomen
1024 2049 1169 2118 proprium
1181 2049 1212 2102 id

255 2133 316 2171 esse
344 2116 504 2180 ostendens,
534 2131 562 2167 se
606 2115 751 2168 eitheton
779 2114 933 2180 quoddam,
957 2131 1012 2183 quo
1035 2119 1084 2169 aut
1107 2131 1213 2185 magna

254 2185 354 2237 horum
371 2182 495 2236 virorum
514 2131 665 2258 auctoriias
683 2183 733 2234 aut
749 2181 806 2234 iarn
824 2181 970 2258 defunctos
988 2197 1035 2235 sos
1053 2198 1113 2236 esse
1126 2183 1213 2252 signi·

255 2251 397 2304 ficeretur:
412 2251 530 2316 utroque
542 2264 616 2301 enim
626 2264 708 2302 sensu
719 2263 753 2316 ap
777 2248 937 2301 allationem
951 2247 1002 2303 τοῦ
1015 2243 1106 2317 ἥρωος
1119 2251 1211 2304 ascri·

255 2317 385 2386 ptoribus
403 2317 568 2384 usurpatam
587 2331 655 2371 esse.
686 2315 746 2380 Quo
784 2315 888 2369 utnon
906 2331 941 2368 ne
964 2330 988 2380 0,
1006 2316 1047 2368 ita
1064 2317 1211 2394 proprium

254 2387 350 2438 tamen
368 2383 436 2449 qnid
448 2382 513 2435 huic
526 2384 712 2450 cognomento
724 2383 824 2445 inesse,
842 2398 904 2435 cum
917 2332 998 2435 isiiui
1011 2398 1075 2435 aevi
1086 2383 1209 2450 pruden·

254 2451 331 2503 tibus
349 2449 440 2512 datur,
458 2449 595 2525 eristimo.
629 2449 753 2502 Primum
772 2449 845 2502 enim
864 2449 939 2516 quod
963 2449 999 2502 ad
1016 2450 1106 2518 ipsam
1124 2451 1209 2569 siqni-

255 2515 416 2569 ficationem
429 2516 539 2578 attinet
557 2517 708 2582 utrumque
722 2531 755 2569 eo
768 2515 967 2584 comprehendi
979 2520 1056 2584 puto.
1070 2517 1100 2570 et
1112 2515 1146 2570 de
1157 2521 1210 2570 ‘un-

256 2586 332 2637 ctum
345 2582 437 2634 virum
450 2597 510 2635 esse
524 2583 553 2634 et
565 2597 701 2634 summam
714 2582 773 2635 eius
785 2582 860 2650 apud
873 2584 999 2650 posteros
1011 2583 1209 2638 auctoritatem

255 2652 340 2770 atque
350 2647 478 2718 gloriam.
504 2647 661 2716 Utrumque
675 2649 848 2728 enimnetiam
859 2649 1054 2717 complectitur
1063 2649 1209 2718 epitheton

254 2717 288 2771 iis
310 2733 354 2770 em
367 2715 434 2769 viris
448 2715 555 2780 datum,
569 2731 624 2783 quo
637 2711 669 2770 τὸ
683 2715 734 2769 coir
746 2733 836 2784 ηρωος
848 2717 959 2769 tantuin
972 2717 1075 2769 variari
1088 2717 1209 2782 videtur,

256 2780 340 2852 ὁτῆς
359 2777 494 2844 εὐκλεοῦς
516 2776 629 2851 μνήμης
648 2783 690 2848 (ir.
709 2784 758 2851 6.),
780 2778 795 2836 ὃ
819 2782 870 2850 τῆς
892 2781 1073 2850 περιφανοῦς
1096 2778 1210 2860 μνήμης

255 2851 300 2916 (fr.
314 2854 366 2908 13.)
381 2851 410 2903 et
422 2850 557 2918 ‘inclytae
569 2849 791 2914 recordationis’,
804 2866 860 2916 quo
873 2849 1043 2902 iustinianus
1055 2849 1208 2902 Patricium

255 2919 337 2970 ornat
354 2916 547 2993 Graecumque
565 2916 636 2969 illud
655 2917 777 2986 elogium
794 2915 893 2971 Latine
916 2924 1027 2971 vertere
1050 2917 1161 2970 videtur
1178 2917 1208 2969 in

255 2983 341 3037 const.
374 2982 466 3036 Tanta
483 2999 557 3036 circa
574 2988 597 3046 5.
610 2989 633 3036 9.
652 2983 695 3035 his
713 2983 814 3046 verbis,
833 2999 905 3050 quae
924 2983 1031 3051 primus
1050 2983 1078 3040 C.
1092 2982 1210 3037 Wittius

256 3050 295 3114 (in
308 3047 433 3101 Richteri
446 3048 515 3125 Krit.
527 3049 625 3104 Jahrb.
637 3049 656 3100 f.
670 3049 696 3105 d,
709 3049 779 3107 RW.
796 3049 818 3104 Ι.
836 3067 863 3128 p.
877 3055 915 3102 15.
946 3052 1021 3103 recte
1040 3051 1161 3104 scribere
1181 3051 1211 3103 et

254 3115 414 3184 intelligere
431 3114 539 3192 docuit:
560 3116 614 3169 ‘vir
632 3116 666 3168 ab
685 3115 803 3184 antiqua
812 3118 901 3192 stiipe
926 3116 1043 3186 egitima
1054 3117 1210 3185 procedens

255 3185 304 3253 [sc.
325 3182 471 3236 Anatolius
498 3199 568 3235 unns
587 3197 621 3236 ex
638 3181 771 3236 XVlviris
784 3182 907 3252 Digestis
926 3183 1126 3250 conficiendis),
1143 3200 1210 3237 cum

255 3253 284 3304 et
323 3255 384 3304 ater
400 3249 459 3303 eius
472 3222 604 3303 leontius
623 3250 652 3302 et
669 3265 738 3303 auus
757 3248 899 3302 Eudoxius
916 3253 981 3318 post
997 3249 1150 3304 Patricium
1167 3251 1210 3302 in·

255 3318 299 3386 oly
331 3315 565 3371 erecordationis
583 3317 773 3393 quaestorium
793 3320 822 3370 et
840 3318 1057 3382 antecessorem,
1076 3318 1106 3371 et
1122 3317 1211 3370 Leon·

254 3385 333 3462 tium.
347 3385 440 3461 yirum
453 3383 681 3502 qloriosissimum
692 3382 921 3460 praefectorium,
934 3385 1110 3461 consularem
1123 3385 1211 3503 atque

254 3449 452 3585 6661666666
465 3451 1212 3587 ineluctati,“timiditatem

215 3972 449 4086 A.
