2672 4112
258 261 293 307 VI
632 257 839 306 PRAEFATIO.

257 410 359 490 sisse),
383 408 562 472 Antonium
577 406 813 491 Schultingium
836 410 971 491 secutae,
994 409 1102 472 statim
1124 409 1159 473 in
1175 410 1212 473 ti·

257 493 325 556 tulo
353 492 456 575 operis
490 492 529 555 ad
559 491 840 573 iurisprudentiam
872 493 1152 556 antciustinianam
1181 493 1213 556 id

258 575 360 640 retuli.
398 575 509 658 ltaque
525 575 622 638 etiam
638 574 724 638 ‘Divi
739 573 894 638 Hadriani
910 577 1086 640 sententias
1102 581 1134 640 et
1149 577 1213 659 epi·

259 660 379 740 stolas’,
402 680 421 722 a
441 657 596 723 Dositheo
619 659 827 742 grammatico
849 659 942 723 nobis
964 663 1113 739 servatas,
1137 681 1212 744 quas

259 742 478 826 Schultingius
510 741 644 825 recepit,
679 742 870 806 omittendas
905 744 1028 825 censui3
1060 746 1095 807 ut
1128 744 1213 808 enim

258 828 361 910 ipsae,
394 829 550 909 quatenus
578 825 617 888 ad
646 826 695 890 ius
724 827 903 908 pertinent,
934 827 1213 891 constitutionibus

259 910 439 993 principum
466 910 533 974 sine
566 909 661 972 dubio
689 909 945 974 adnumerandae
968 915 1057 989 sunt,
1087 911 1132 974 ita
1153 932 1214 975 nec

260 995 446 1077 compositio
470 1013 593 1073 earum,
617 1014 678 1074 qua
700 992 870 1057 Dositheus
892 1014 966 1057 usus
990 997 1054 1076 est,
1083 1016 1101 1057 a
1123 995 1214 1058 iuris

259 1077 402 1142 consulto
430 1077 572 1161 profecta
600 1077 649 1140 vel
671 1076 749 1140 iuris
771 1077 869 1140 studii
890 1079 1097 1160 promovendi
1120 1099 1214 1143 causa

259 1161 344 1225 facta
366 1181 435 1224 esse
456 1159 589 1224 videtur.
634 1159 705 1224 Hoc
727 1159 811 1224 idem
833 1161 960 1244 quidem
982 1161 1020 1224 de
1044 1161 1213 1227 (lodicibus

259 1245 457 1328 Gregoriano
480 1247 512 1308 et
530 1243 789 1328 Hermogeniano
811 1243 873 1308 dici
895 1245 1016 1328 nequit,
1040 1266 1078 1309 ex
1100 1245 1213 1328 quibus

259 1330 354 1392 etiam
383 1327 453 1391 Visi
477 1325 571 1392 othos
598 1349 679 1410 quae
707 1331 931 1410 excerpserunt
958 1329 1041 1392 inter
1067 1329 1143 1392 iuris
1171 1329 1213 1392 ci·

258 1412 330 1475 vili's
353 1349 509 1474 scintillas
530 1411 676 1474 retulisse
698 1413 774 1475 satis
790 1415 901 1476 notum
917 1415 975 1494 est,
997 1433 1056 1477 nec
1071 1412 1214 1496 profecto

257 1514 404 1578 peccasse
430 1493 508 1558 mihi
538 1493 675 1575 viderer,
705 1495 732 1557 si
760 1494 818 1557 hos
869 1516 971 1577 noque
999 1496 1211 1578 admisissem3

257 1599 354 1661 quum
376 1581 498 1660 tamen,
514 1597 595 1660 quac
616 1598 701 1640 nunc
723 1599 761 1641 ex
783 1578 832 1641 his
847 1517 1014 1642 bodieibus
1034 1581 1213 1661 supersunt,

258 1683 297 1725 ex
325 1661 420 1725 meris
449 1661 730 1724 constitutionibus
752 1661 933 1744 principum
955 1662 1146 1739 consistant,
1174 1683 1214 1726 ex

258 1767 295 1808 ea
316 1745 452 1826 ratione,
476 1765 538 1828 quo
559 1765 645 1807 nunc
669 1745 746 1808 iuris
770 1745 871 1808 civilis
884 1744 990 1808 fontes
1005 1746 1165 1809 intuemur
1179 1748 1212 1808 et

257 1832 440 1910 tractamus,
464 1828 580 1892 rectius
603 1832 697 1910 atque
720 1829 894 1892 consultius
915 1828 1021 1893 facere
1041 1829 1213 1893 arbitratus

258 1933 337 1991 sum,
361 1912 388 1976 si
411 1933 463 1976 eos
486 1912 675 1976 omitterem.
712 1911 781 1976 Nec
802 1914 877 1976 vcro
899 1913 984 1976 hanc
1006 1914 1161 1976 rationem
1177 1933 1213 1976 eo

257 1995 437 2079 perducere,
459 1998 496 2060 ut
517 1996 613 2060 etiam
635 1995 780 2080 singulae
803 1996 1055 2076 constitutiones,
1079 1996 1213 2079 quaein

259 2079 454 2164 Collatione,
481 2078 684 2163 Fragmentis
714 2079 881 2144 Vaticanis
911 2083 943 2144 et
970 2079 1213 2145 Consultatione

258 2164 472 2246 inveniuntur,
485 2163 656 2226 eiiciendae
669 2164 812 2243 fuissent,
828 2164 880 2224 vix
893 2168 950 2244 cst,
962 2163 1044 2244 quod
1056 2184 1210 2224 moneam.

323 2247 395 2309 Alia
417 2249 566 2328 exparte
589 2249 691 2309 certos
713 2245 792 2308 fines
814 2245 891 2306 mihi
907 2244 1143 2326 praescribebat
1156 2244 1212 2307 illa

258 2330 390 2412 taxatio,
413 2349 493 2412 quac
515 2327 554 2392 ad
577 2328 625 2392 ius
641 2327 941 2391 antciustiniancum
956 2327 1039 2390 hanc
1054 2327 1212 2390 collectio-

258 2434 332 2476 nem
359 2412 582 2496 restringebat.
627 2411 836 2493 Quaecunque
863 2411 962 2494 igitur
984 2410 1072 2474 libris
1094 2411 1170 2474 iuris
1194 2433 1213 2475 a

258 2496 436 2560 Iustiniano
461 2495 614 2560 confectis
637 2494 849 2576 continentur,
872 2515 931 2558 nec
951 2494 1013 2558 alia
1035 2493 1157 2558 ratione
1175 2515 1213 2557 ex

259 2581 451 2664 antiquitate
474 2579 514 2642 ad
536 2599 594 2642 nos
615 2581 837 2662 pervenerunt,
861 2577 964 2641 aliena
987 2577 1027 2641 ab
1044 2577 1103 2641 hoc
1118 2599 1213 2660 opere
1240 2579 1244 2592 '

258 2663 342 2728 duxi.
388 2663 481 2726 Hanc
506 2683 581 2726 vero
610 2662 765 2726 rationem
794 2661 877 2744 quod
903 2661 938 2724 in
964 2664 1091 2725 tantum
1112 2662 1211 2743 tenui,

258 2751 295 2811 ut
317 2747 412 2810 etiam
435 2746 562 2830 singula
578 2745 782 2890 Dipcstorum
803 2745 853 2808 vel
868 2744 1111 2809 Institutionum
1133 2746 1211 2827 loca,

259 2830 371 2914 quibus
403 2830 509 2894 manci
542 2828 592 2892 vel
639 2829 768 2892 acunosi
795 2828 868 2892 libri
894 2827 986 2892 huius
1017 2829 1213 2893 collectionis

259 2913 393 2997 proprii,
427 2914 513 2978 velut
541 2911 673 2995 Ulpiani
700 2912 781 2976 liber
808 2912 979 2995 singularis
1008 2911 1213 2997 Regularum,

259 2997 399 3062 eiusdem
427 2997 652 3060 Institutiones
686 2999 718 3058 ct
749 2995 852 3059 Paulli
881 2995 1066 3060 Sententiae
1098 2995 1214 3078 repleri

258 3084 423 3165 poterant,
452 3082 484 3144 et
511 3081 628 3177 partim
660 3079 694 3143 in
729 3078 919 3144 editionibus
952 3079 1066 3162 repleri
1099 3079 1213 3159 solent,

258 3186 315 3228 suo
336 3165 415 3240 loco,
439 3165 542 3228 verbu
564 3164 642 3246 ipsis
664 3163 797 3245 omissis,
820 3166 945 3227 tantum
963 3164 1148 3244 indicarem,
1172 3163 1214 3243 id,

258 3249 371 3329 fateor,
396 3247 489 3312 simul
511 3247 560 3311 vel
583 3247 680 3311 etiam
702 3246 805 3330 magis
828 3247 890 3310 alia
913 3248 951 3311 de
967 3267 1069 3329 causa,
1093 3247 1215 3310 scilicet

258 3335 295 3396 ut
323 3332 425 3415 spatio
454 3352 630 3414 parcerem,
659 3331 779 3394 fectum
807 3333 869 3412 cst,
898 3331 1103 3476 puamobrcm
1130 3329 1214 3392 idem

258 3416 442 3482 institutum
464 3415 561 3480 etiam
583 3416 618 3478 in
640 3413 690 3477 his
712 3414 790 3477 locis
806 3418 895 3478 custo
919 3415 971 3496 ivi,
994 3435 1074 3495 quae
1090 3434 1128 3476 ex
1144 3412 1214 3476 aliis

258 3500 402 3584 partibus
429 3502 557 3564 nostrae
586 3497 782 3563 collectionis
811 3499 936 3561 servata
965 3499 1055 3576 sunt,
1087 3497 1216 3578 (utputa
