2696 4120
256 197 321 261 304
555 211 616 248 asu
634 211 734 248 enarra.
752 193 802 248 III.
821 200 930 250 ta-te.

257 372 315 412 rem
331 355 485 412 testamenti
501 354 617 412 faciundi
631 356 674 412 ius
689 354 849 412 concedere.
878 349 925 412 76.
942 354 1042 410 Eorum
1057 371 1125 412 uero
1141 353 1224 428 bona,

257 441 319 512 qui,
340 439 363 496 si
384 455 439 494 uon
461 440 488 494 in
509 438 601 512 aliquo
623 441 690 496 uitio
716 446 822 512 essent,
847 439 1003 496 manumissi
1028 438 1114 496 futuri
1135 437 1223 497 Latini

258 531 360 594 esseut,
382 523 497 597 proinde
515 524 672 580 tribuuntur
687 525 818 597 patronis,
841 525 909 580 acsi
925 523 1010 580 batiui
1025 523 1221 582 decessissent:

257 624 309 664 nac
324 624 366 664 ms
380 609 531 681 praeterit,
549 625 605 664 non
621 609 687 665 satis
701 608 731 664 in
745 625 777 664 aa
791 624 821 664 re
835 607 906 682 legis
920 607 1036 664 latorem
1053 608 1222 665 uoluntatem

258 709 333 750 suam
349 691 440 748 uerbis
456 695 633 765 expressisse.

322 772 366 836 77.
390 777 532 834 Videamus
548 786 637 834 autem
654 784 682 832 et
702 776 736 832 de
752 792 783 832 ea
797 778 985 847 successione,
1007 792 1080 849 quae
1095 776 1174 834 uobis
1190 795 1223 834 ex

258 863 396 935 emptione
416 860 549 918 bonorum
575 863 715 935 competit.
756 858 802 920 78.
825 861 897 917 Boua
918 869 1008 918 autem
1031 871 1152 918 ueneunt
1174 869 1222 918 aut

260 948 385 1002 uiuorum
401 952 448 1002 aut
459 954 643 1004 mortuorum:
668 947 801 1016 uiuorum,
825 945 903 1002 uelut
918 961 1022 1015 eorum,
1048 948 1095 1019 qui
1115 945 1221 1004 frauda-

258 1031 339 1086 tionis
360 1045 440 1088 causa
460 1030 567 1086 latitant
586 1046 637 1086 nec
656 1029 781 1086 absentes
803 1029 1001 1099 defendentum
1028 1031 1092 1086 item
1114 1047 1220 1101 eorum,

240 1115 305 1189 ‚qui
321 1130 353 1170 ax
368 1114 430 1188 iege
445 1113 510 1172 iulia
525 1117 603 1180 bonis
619 1113 735 1188 cedunt3
751 1115 817 1170 item
832 1113 1011 1172 iudicatorum
1023 1123 1087 1187 post
1103 1123 1221 1188 tempus,

257 1199 329 1273 quod
347 1200 385 1254 eis
401 1199 498 1272 partim
510 1199 572 1273 lege
584 1215 632 1256 111
643 1198 793 1256 tabularum
810 1199 909 1273 partim
929 1197 1018 1254 edicto
1038 1200 1170 1272 praetoris
1188 1199 1222 1266 ad

256 1282 450 1356 expediendam
470 1285 611 1356 pecuniam
633 1281 771 1340 tribuitur.
809 1291 979 1340 mortuorum
999 1281 1069 1339 bona
1088 1285 1220 1356 aeneum,

258 1367 336 1422 uelut
350 1383 455 1437 eorum,
472 1367 569 1440 quibus
585 1376 688 1423 certum
705 1375 746 1424 est
758 1383 847 1440 neque
858 1366 973 1424 heredes
984 1383 1073 1440 neque
1085 1366 1219 1423 bonorum

191 1459 248 1510 148.
259 1467 433 1524 possessores
449 1467 538 1525 neque
553 1451 638 1507 ullum
652 1451 734 1508 alium
754 1446 758 1526 Ι
777 1453 879 1509 iustum
894 1467 1080 1508 successorem
1095 1453 1221 1510 existere.

257 1530 306 1592 79.
321 1531 385 1609 (Et)
399 1536 422 1590 si
434 1534 542 1607 quidem
558 1536 614 1591 uiui
627 1533 697 1592 bona
708 1545 831 1607 ueneant,
851 1539 927 1594 iubet
939 1552 970 1590 ea
982 1544 1093 1610 praetor
1104 1553 1152 1610 per
1164 1536 1223 1592 dies

259 1620 405 1676 continuos
424 1637 488 1678 xxx
509 1619 643 1693 possideri
664 1629 693 1676 et
711 1621 853 1694 proscribi,
877 1622 900 1678 si
916 1636 983 1676 uero
1005 1622 1117 1694 mortui,
1138 1613 1218 1694 ’per¹
1232 1627 1285 1681 [²2⁷]

259 1704 316 1760 dies
331 1717 389 1773 xv3
409 1711 505 1777 postea
524 1703 600 1760 iubet
619 1705 767 1764 conuenire
787 1706 936 1762 creditores
957 1713 984 1762 et
1000 1721 1032 1762 ex
1053 1721 1086 1762 eo
1107 1721 1221 1762 nurnero

259 1790 420 1862 magistrum
436 1791 529 1860 creari,
550 1788 577 1846 id
593 1797 635 1844 est
650 1805 720 1854 eum,
739 1805 788 1863 per
805 1806 884 1864 quem
898 1789 969 1845 bona
983 1798 1114 1848 ueueant:
1130 1792 1222 1864 itaque

260 1875 282 1929 si
298 1874 356 1930 aiui
370 1871 440 1930 baua
456 1881 581 1944 ueneant,
600 1873 637 1930 ’in
652 1873 747 1930 diebus
763 1869 803 1951 (X
812 1877 902 1948 tapam
924 1874 1061 1932 bonoram
1095 1877 1221 1932 uenden-

264 1960 363 2016 doram
384 1951 468 2036 fielri²
484 1959 575 2031 iubet,
591 1959 614 2014 si
629 1960 739 2030 mortui,
760 1960 788 2014 in
804 1956 907 2016 'diebus
926 1953 972 2014 Ν.
1003 1953 1062 2034 (dic
1093 1952 1223 2016 tandem4

330 2096 350 2162 ¹)
366 2099 411 2149 Ex
431 2101 521 2152 Gdscb.
542 2103 575 2166 ej.
591 2117 660 2151 mmo
679 2104 755 2151 etiam
773 2103 812 2152 ed.
827 2099 900 2150 Stad.
920 2108 975 2164 post
995 2101 1020 2151 G.
1041 2108 1143 2152 ceterae
1162 2101 1221 2151 edd.

258 2167 279 2238 ἵ)
295 2171 340 2221 an
353 2187 409 2222 mea
423 2175 456 2236 cj.
471 2169 609 2239 (‘Nemam’
621 2189 650 2236 p.
665 2171 715 2237 153)
729 2174 841 2222 restitui.
872 2171 925 2222 Nec
940 2180 1007 2222 muto
1021 2174 1173 2222 sententiam
1187 2187 1223 2221 em

262 2239 320 2302 Va,
339 2245 367 2292 ia
386 2258 435 2308 qao
453 2242 596 2310 (referente
609 2245 661 2292 iam
675 2243 798 2309 Krripero
812 2243 874 2292 ierit.
895 2242 1028 2293 Versacbe
1038 2259 1066 2306 p.
1082 2242 1131 2308 tat)
1145 2245 1223 2292 estin

257 2314 359 2364 diebusn
374 2315 434 2372 tisri,
449 2315 519 2377 qaod
531 2316 690 2378 interpretor
705 2317 744 2364 ael
759 2316 866 2379 corripe
885 2315 909 2364 in
928 2314 992 2364 dieb.
1007 2313 1042 2379 (x.
1057 2315 1073 2364 i.
1088 2313 1123 2378 b.)
1139 2323 1155 2362 n
1169 2314 1223 2364 iieri

257 2406 291 2428 ι-
305 2379 482 2448 ποιήσασθαι
496 2385 571 2447 legem
585 2386 702 2434 bonorum
715 2386 894 2436 vendendorum
912 2383 1036 2450 Tbeopd.,
1056 2401 1105 2450 qua
1121 2387 1223 2434 iniuria

253 2455 433 2520 flocaibadito‚
454 2455 562 2520 Kriipcr
580 2456 663 2506 scribi
680 2459 735 2506 outt
753 2458 776 2506 iu
796 2457 880 2505 diebus
893 2471 912 2506 x
928 2456 1046 2506 bonorum
1060 2455 1222 2506 venditionem

256 2525 317 2576 lieri.
345 2524 399 2574 Sed
415 2541 494 2591 aepre
511 2525 591 2575 Gaias
611 2528 717 2578 candem
731 2543 785 2577 rem
801 2527 973 2576 diversimode
986 2528 1149 2594 significasse
1164 2541 1220 2576 are·

255 2596 336 2655 ditur,
346 2598 460 2660 primam
474 2596 559 2646 uerbis
573 2598 690 2647 bonorum
705 2599 865 2648 venditionem
881 2598 941 2660 fieri,
952 2604 1045 2660 postca
1059 2599 1121 2646 bona
1132 2597 1219 2646 addici.

257 2663 279 2733 ⁸)
294 2668 318 2716 iu
328 2667 426 2716 dimidio
437 2668 522 2716 diebus
537 2663 589 2716 W.
614 2667 694 2718 Omisi
702 2686 724 2718 a.
736 2669 844 2731 dimidio,
855 2669 925 2733 qaod
933 2670 979 2718 aior
992 2667 1118 2718 Goionam
1128 2683 1141 2716 e
1151 2683 1221 2716 mar-

254 2739 316 2803 pine
335 2740 477 2801 inrepsisse
496 2740 523 2787 ia
542 2740 625 2802 ipsam
643 2742 786 2790 orationem
804 2740 921 2796 videtum
941 2754 971 2788 eo
990 2739 1056 2788 enim
1074 2743 1219 2794 corrector,

256 2815 284 2857 at
301 2816 378 2872 pata,
397 2825 448 2859 aon
466 2811 532 2859 satis
549 2809 646 2860 babeas
663 2811 814 2861 adscribere
835 2827 861 2873 u,
881 2824 946 2874 qaae
965 2815 1024 2858 noto
1044 2808 1117 2856 carie
1132 2808 1221 2870 accipi

251 2887 366 2942 poterat,
380 2881 531 2946 significare
541 2883 630 2941 aalait,
645 2882 779 2932 dimidiam
788 2884 844 2932 eius
856 2880 956 2930 aaaaeri
969 2878 1078 2936 dieram,
1093 2879 1138 2942 qai
1147 2883 1220 2928 antc-

256 2959 381 3010 cesserat,
397 2952 545 3015 ponendam
559 2968 628 3010 esse,·
647 2955 748 3004 scilicet
763 2953 847 3002 diebus
865 2951 991 3002 librarius
1005 2949 1142 3014 archetypi
1156 2952 1222 2999 mate

251 3036 304 3084 pro
319 3021 382 3072 dieb.
397 3025 578 3088 ascripserat.
608 3023 675 3074 Edd.
691 3037 710 3075 1.
726 3037 747 3075 a.
761 3025 933 3088 scripseram:
947 3019 1033 3070 diebos
1046 3035 1072 3083 v,
1092 3036 1109 3070 a
1124 3019 1221 3085 quibus.

255 3090 309 3140 Sed
321 3107 370 3142 saa
383 3101 472 3158 sponte
487 3096 655 3162 iatettepitur,
674 3097 820 3146 vicesimam
835 3096 874 3143 ael
888 3095 1014 3143 decimam
1028 3092 1103 3152 diem,
1125 3093 1170 3156 qai
1183 3107 1222 3142 se-

256 3164 353 3226 quitur,
367 3164 400 3214 ab
413 3167 515 3216 exactis
529 3171 553 3212 Χ
565 3170 604 3217 oet
621 3171 641 3212 V
652 3166 742 3217 diebos
760 3165 947 3215 numerandam
963 3179 1026 3214 esse.
1060 3164 1081 3212 si
1096 3163 1184 3212 mortui
1199 3163 1222 3212 iu

255 3233 363 3288 dimidio.
379 3279 382 3286 .
400 3236 488 3286 Diebus
503 3238 582 3304 itaque
596 3254 632 3288 eac
646 3241 678 3302 ej.
694 3237 744 3286 Kr.
759 3237 798 3286 ed.
809 3234 882 3285 Stoa.
917 3234 964 3285 Udi
978 3235 1076 3298 doptess
1087 3235 1166 3298 itaqua
1177 3234 1223 3282 aia

252 3304 325 3368 ferri
334 3314 434 3370 potest;
444 3310 522 3372 prius
537 3317 606 3360 reete
624 3309 705 3359 Gaias
715 3308 816 3372 posuit,
832 3307 893 3370 qaia
909 3313 1014 3356 creatas
1029 3306 1160 3371 magister,
1172 3319 1223 3368 per

255 3393 327 3441 quem
346 3377 552 3444 hosammont,
571 3381 706 3430 desiderat
724 3381 803 3443 tepem
822 3376 845 3426 b.
860 3393 883 3426 o.
958 3373 981 3442 ⁴)
997 3377 1066 3444 itas*
1084 3375 1113 3425 V
1113 3371 1134 3408 ‘i
1155 3375 1224 3440 qaod

327 3499 353 3571 ξ.
370 3506 411 3554 ii.
432 3504 470 3568 Os.
491 3516 516 3568 t,
535 3515 569 3556 es.
589 3519 633 3568 pr.
648 3503 671 3552 I.
686 3503 718 3552 de
732 3517 801 3552 saca.
821 3500 885 3551 sabi.
907 3499 943 3568 (a,
958 3497 1002 3566 12).
1040 3499 1080 3549 De
1097 3499 1223 3563 privatim

254 3572 329 3633 sacta
343 3573 490 3624 venditione
506 3574 629 3624 bonoram
643 3574 675 3623 L.
692 3585 725 3626 st.
745 3575 768 3635 ἓ.
784 3583 804 3624 a.
831 3572 864 3623 B.
883 3573 915 3622 de
932 3571 1007 3622 cond.
1022 3569 1106 3620 iaded.
1125 3568 1175 3636 (ta,
1190 3569 1221 3635 a).
