<?xml version="1.0" encoding="UTF-8"?>
<!DOCTYPE html PUBLIC "-//W3C//DTD XHTML 1.0 Transitional//EN"
    "http://www.w3.org/TR/xhtml1/DTD/xhtml1-transitional.dtd">
<html xmlns="http://www.w3.org/1999/xhtml" xml:lang="en" lang="en">
 <head>
  <title>
</title>
<meta http-equiv="Content-Type" content="text/html;charset=utf-8" />
  <meta name='ocr-system' content='tesseract 3.04.00' />
  <meta name='ocr-capabilities' content='ocr_page ocr_carea ocr_par ocr_line ocrx_word'/>
</head>
<body>
  <div class='ocr_page' id='page_1' title='image "./ivrisprvdentiae00huscgoog_0684.png"; bbox 0 0 2700 4118; ppageno 0'>
   <div class='ocr_carea' id='block_1_1' title="bbox 272 165 1016 231">
    <p class='ocr_par' dir='ltr' id='par_1_1' title="bbox 272 165 1016 231">
     <span class='ocr_line' id='line_1_1' title="bbox 272 165 1016 231; baseline -0.007 -9"><span class='ocrx_word' id='word_1_1' title='bbox 272 167 335 231; x_wconf 79' lang='lat'>658</span> <span class='ocrx_word' id='word_1_2' title='bbox 480 183 541 219; x_wconf 85' lang='lat' dir='ltr'>nos.</span> <span class='ocrx_word' id='word_1_3' title='bbox 561 183 594 218; x_wconf 79' lang='lat' dir='ltr'>aa</span> <span class='ocrx_word' id='word_1_4' title='bbox 611 181 672 218; x_wconf 82' lang='lat' dir='ltr'>non.</span> <span class='ocrx_word' id='word_1_5' title='bbox 691 183 782 220; x_wconf 75' lang='lat' dir='ltr'>uranu</span> <span class='ocrx_word' id='word_1_6' title='bbox 800 182 905 219; x_wconf 69' lang='lat' dir='ltr'>conata.</span> <span class='ocrx_word' id='word_1_7' title='bbox 925 165 972 218; x_wconf 89' lang='lat' dir='ltr'>lV.</span> <span class='ocrx_word' id='word_1_8' title='bbox 992 172 1016 220; x_wconf 90' lang='lat'>3.</span> 
     </span>
    </p>
   </div>
   <div class='ocr_carea' id='block_1_2' title="bbox 253 306 1298 2059">
    <p class='ocr_par' dir='ltr' id='par_1_2' title="bbox 253 306 1298 1646">
     <span class='ocr_line' id='line_1_2' title="bbox 273 306 1230 387; baseline 0.001 -17"><span class='ocrx_word' id='word_1_9' title='bbox 273 314 411 370; x_wconf 75' lang='lat' dir='ltr'>adulteriis</span> <span class='ocrx_word' id='word_1_10' title='bbox 439 312 573 387; x_wconf 81' lang='lat' dir='ltr'>prioribus</span> <span class='ocrx_word' id='word_1_11' title='bbox 601 311 706 386; x_wconf 77' lang='lat' dir='ltr'>legibus</span> <span class='ocrx_word' id='word_1_12' title='bbox 735 311 857 385; x_wconf 82' lang='lat' dir='ltr'>pluribus</span> <span class='ocrx_word' id='word_1_13' title='bbox 885 306 1063 386; x_wconf 81' lang='lat' dir='ltr'>&#39;abrogatis,¹</span> <span class='ocrx_word' id='word_1_14' title='bbox 1092 309 1230 371; x_wconf 86' lang='lat' dir='ltr'>secundo²</span> 
     </span>
     <span class='ocr_line' id='line_1_3' title="bbox 274 388 1229 472; baseline 0 -17"><span class='ocrx_word' id='word_1_15' title='bbox 274 399 360 470; x_wconf 86' lang='lat' dir='ltr'>capite</span> <span class='ocrx_word' id='word_1_16' title='bbox 381 390 557 471; x_wconf 86' lang='lat' dir='ltr'>&#39;permittitur</span> <span class='ocrx_word' id='word_1_17' title='bbox 571 389 672 470; x_wconf 85' lang='lat' dir='ltr'>pater,³</span> <span class='ocrx_word' id='word_1_18' title='bbox 695 388 789 472; x_wconf 83' lang='lat' dir='ltr'>(siin)</span> <span class='ocrx_word' id='word_1_19' title='bbox 806 394 859 452; x_wconf 88' lang='lat' dir='ltr'>lilia</span> <span class='ocrx_word' id='word_1_20' title='bbox 874 413 932 470; x_wconf 88' lang='lat' dir='ltr'>sua,</span> <span class='ocrx_word' id='word_1_21' title='bbox 952 413 1032 471; x_wconf 88' lang='lat' dir='ltr'>quarn</span> <span class='ocrx_word' id='word_1_22' title='bbox 1046 398 1074 453; x_wconf 96' lang='lat' dir='ltr'>in</span> <span class='ocrx_word' id='word_1_23' title='bbox 1089 405 1229 470; x_wconf 78' lang='lat' dir='ltr'>potestate</span> 
     </span>
     <span class='ocr_line' id='line_1_4' title="bbox 253 471 1228 566; baseline 0.002 -30"><span class='ocrx_word' id='word_1_24' title='bbox 253 480 364 566; x_wconf 45' lang='lat' dir='ltr'>,lrabet‚</span> <span class='ocrx_word' id='word_1_25' title='bbox 385 481 473 537; x_wconf 92' lang='lat' dir='ltr'>autin</span> <span class='ocrx_word' id='word_1_26' title='bbox 488 497 528 552; x_wconf 89' lang='lat' dir='ltr'>ea,</span> <span class='ocrx_word' id='word_1_27' title='bbox 552 496 620 554; x_wconf 87' lang='lat' dir='ltr'>quae</span> <span class='ocrx_word' id='word_1_28' title='bbox 635 471 697 558; x_wconf 84' lang='lat' dir='ltr'>(eo)</span> <span class='ocrx_word' id='word_1_29' title='bbox 712 489 833 550; x_wconf 87' lang='lat' dir='ltr'>auctore,</span> <span class='ocrx_word' id='word_1_30' title='bbox 855 497 915 537; x_wconf 90' lang='lat' dir='ltr'>cum</span> <span class='ocrx_word' id='word_1_31' title='bbox 937 483 965 536; x_wconf 92' lang='lat' dir='ltr'>in</span> <span class='ocrx_word' id='word_1_32' title='bbox 987 487 1124 554; x_wconf 73' lang='lat' dir='ltr'>potestate</span> <span class='ocrx_word' id='word_1_33' title='bbox 1143 490 1228 552; x_wconf 86' lang='lat' dir='ltr'>essct,</span> 
     </span>
     <span class='ocr_line' id='line_1_5' title="bbox 273 563 1228 638; baseline 0.001 -18"><span class='ocrx_word' id='word_1_34' title='bbox 273 566 333 620; x_wconf 92' lang='lat' dir='ltr'>ulro</span> <span class='ocrx_word' id='word_1_35' title='bbox 349 567 377 620; x_wconf 89' lang='lat' dir='ltr'>in</span> <span class='ocrx_word' id='word_1_36' title='bbox 392 579 497 621; x_wconf 89' lang='lat' dir='ltr'>manum</span> <span class='ocrx_word' id='word_1_37' title='bbox 513 565 682 636; x_wconf 88' lang='lat' dir='ltr'>conuenerit,</span> <span class='ocrx_word' id='word_1_38' title='bbox 705 563 856 620; x_wconf 87' lang='lat' dir='ltr'>adulterum</span> <span class='ocrx_word' id='word_1_39' title='bbox 872 565 944 621; x_wconf 88' lang='lat' dir='ltr'>domi</span> <span class='ocrx_word' id='word_1_40' title='bbox 958 581 1023 620; x_wconf 85' lang='lat' dir='ltr'>suae</span> <span class='ocrx_word' id='word_1_41' title='bbox 1038 566 1168 638; x_wconf 78' lang='lat' dir='ltr'>generiue</span> <span class='ocrx_word' id='word_1_42' title='bbox 1183 568 1228 621; x_wconf 88' lang='lat' dir='ltr'>sui</span> 
     </span>
     <span class='ocr_line' id='line_1_6' title="bbox 273 648 1227 722; baseline 0 -18"><span class='ocrx_word' id='word_1_43' title='bbox 273 648 491 722; x_wconf 83' lang='lat' dir='ltr'>deprehenderit,</span> <span class='ocrx_word' id='word_1_44' title='bbox 513 650 592 721; x_wconf 89' lang='lat' dir='ltr'>isque</span> <span class='ocrx_word' id='word_1_45' title='bbox 614 649 641 703; x_wconf 92' lang='lat' dir='ltr'>in</span> <span class='ocrx_word' id='word_1_46' title='bbox 664 663 721 702; x_wconf 89' lang='lat' dir='ltr'>eam</span> <span class='ocrx_word' id='word_1_47' title='bbox 744 663 799 703; x_wconf 90' lang='lat' dir='ltr'>reru</span> <span class='ocrx_word' id='word_1_48' title='bbox 821 663 946 705; x_wconf 93' lang='lat' dir='ltr'>socerum</span> <span class='ocrx_word' id='word_1_49' title='bbox 969 648 1128 719; x_wconf 78' lang='lat' dir='ltr'>adhibuerit,</span> <span class='ocrx_word' id='word_1_50' title='bbox 1152 657 1182 704; x_wconf 93' lang='lat' dir='ltr'>ut</span> <span class='ocrx_word' id='word_1_51' title='bbox 1202 651 1227 704; x_wconf 93' lang='lat' dir='ltr'>is</span> 
     </span>
     <span class='ocr_line' id='line_1_7' title="bbox 273 722 1227 807; baseline 0 -19"><span class='ocrx_word' id='word_1_52' title='bbox 273 741 351 807; x_wconf 89' lang='lat' dir='ltr'>pater</span> <span class='ocrx_word' id='word_1_53' title='bbox 365 748 426 789; x_wconf 93' lang='lat' dir='ltr'>eum</span> <span class='ocrx_word' id='word_1_54' title='bbox 441 731 592 788; x_wconf 90' lang='lat' dir='ltr'>adulterum</span> <span class='ocrx_word' id='word_1_55' title='bbox 609 733 667 786; x_wconf 91' lang='lat' dir='ltr'>sine</span> <span class='ocrx_word' id='word_1_56' title='bbox 690 729 783 786; x_wconf 91' lang='lat' dir='ltr'>lraude</span> <span class='ocrx_word' id='word_1_57' title='bbox 799 722 880 807; x_wconf 81' lang='lat' dir='ltr'>(sua)</span> <span class='ocrx_word' id='word_1_58' title='bbox 905 732 1010 790; x_wconf 83' lang='lat' dir='ltr'>occidat</span> <span class='ocrx_word' id='word_1_59' title='bbox 1030 733 1077 802; x_wconf 88' lang='lat' dir='ltr'>ita,</span> <span class='ocrx_word' id='word_1_60' title='bbox 1099 741 1130 788; x_wconf 96' lang='lat' dir='ltr'>ut</span> <span class='ocrx_word' id='word_1_61' title='bbox 1145 731 1227 788; x_wconf 88' lang='lat' dir='ltr'>liliam</span> 
     </span>
     <span class='ocr_line' id='line_1_8' title="bbox 273 811 1227 873; baseline -0.001 0"><span class='ocrx_word' id='word_1_62' title='bbox 273 818 300 872; x_wconf 91' lang='lat' dir='ltr'>ln</span> <span class='ocrx_word' id='word_1_63' title='bbox 324 817 472 873; x_wconf 90' lang='lat' dir='ltr'>continenti</span> <span class='ocrx_word' id='word_1_64' title='bbox 495 812 608 872; x_wconf 83' lang='lat' dir='ltr'>occidat.</span> <span class='ocrx_word' id='word_1_65' title='bbox 651 811 681 871; x_wconf 82' lang='grc'>3.</span> <span class='ocrx_word' id='word_1_66' title='bbox 704 814 733 870; x_wconf 92' lang='lat' dir='ltr'>ln</span> <span class='ocrx_word' id='word_1_67' title='bbox 755 813 836 870; x_wconf 85' lang='lat' dir='ltr'>uidua</span> <span class='ocrx_word' id='word_1_68' title='bbox 855 825 945 872; x_wconf 91' lang='lat' dir='ltr'>autem</span> <span class='ocrx_word' id='word_1_69' title='bbox 968 814 1021 872; x_wconf 89' lang='lat' dir='ltr'>lilia</span> <span class='ocrx_word' id='word_1_70' title='bbox 1036 817 1059 872; x_wconf 90' lang='lat' dir='ltr'>si</span> <span class='ocrx_word' id='word_1_71' title='bbox 1074 815 1227 872; x_wconf 87' lang='lat' dir='ltr'>adulterum</span> 
     </span>
     <span class='ocr_line' id='line_1_9' title="bbox 274 893 1227 976; baseline 0 -20"><span class='ocrx_word' id='word_1_72' title='bbox 274 900 473 974; x_wconf 89' lang='lat' dir='ltr'>deprehensum</span> <span class='ocrx_word' id='word_1_73' title='bbox 489 897 632 970; x_wconf 89' lang='lat' dir='ltr'>occiderit,</span> <span class='ocrx_word' id='word_1_74' title='bbox 652 906 680 953; x_wconf 94' lang='lat' dir='ltr'>et</span> <span class='ocrx_word' id='word_1_75' title='bbox 694 899 722 953; x_wconf 91' lang='lat' dir='ltr'>iu</span> <span class='ocrx_word' id='word_1_76' title='bbox 737 899 888 955; x_wconf 89' lang='lat' dir='ltr'>continenti</span> <span class='ocrx_word' id='word_1_77' title='bbox 904 897 997 970; x_wconf 85' lang='lat' dir='ltr'>filiam,</span> <span class='ocrx_word' id='word_1_78' title='bbox 1020 893 1131 976; x_wconf 63' lang='grc' dir='ltr'>’(νιοη)4</span> <span class='ocrx_word' id='word_1_79' title='bbox 1151 900 1227 957; x_wconf 89' lang='lat' dir='ltr'>licito</span> 
     </span>
     <span class='ocr_line' id='line_1_10' title="bbox 274 979 1226 1058; baseline 0.001 -18"><span class='ocrx_word' id='word_1_80' title='bbox 274 979 347 1041; x_wconf 81' lang='lat' dir='ltr'>iure⁵</span> <span class='ocrx_word' id='word_1_81' title='bbox 368 984 420 1041; x_wconf 92' lang='lat' dir='ltr'>hoc</span> <span class='ocrx_word' id='word_1_82' title='bbox 441 983 557 1057; x_wconf 90' lang='lat' dir='ltr'>lactum,</span> <span class='ocrx_word' id='word_1_83' title='bbox 579 981 719 1039; x_wconf 82' lang='lat' dir='ltr'><strong>Marcellus</strong></span> <span class='ocrx_word' id='word_1_84' title='bbox 742 980 809 1038; x_wconf 87' lang='lat' dir='ltr'>libro</span> <span class='ocrx_word' id='word_1_85' title='bbox 824 999 910 1040; x_wconf 81' lang='lat' dir='ltr'>xxxa.</span> <span class='ocrx_word' id='word_1_86' title='bbox 933 983 1101 1058; x_wconf 84' lang='lat' dir='ltr'>digestorum</span> <span class='ocrx_word' id='word_1_87' title='bbox 1123 982 1226 1041; x_wconf 85' lang='lat' dir='ltr'>scribit.</span> 
     </span>
     <span class='ocr_line' id='line_1_11' title="bbox 273 1057 1226 1140; baseline 0 -16"><span class='ocrx_word' id='word_1_88' title='bbox 273 1064 302 1124; x_wconf 86' lang='lat'>4.</span> <span class='ocrx_word' id='word_1_89' title='bbox 327 1068 371 1124; x_wconf 83' lang='lat' dir='ltr'>&#39;rit</span> <span class='ocrx_word' id='word_1_90' title='bbox 393 1067 426 1123; x_wconf 89' lang='lat' dir='ltr'>de</span> <span class='ocrx_word' id='word_1_91' title='bbox 448 1067 623 1137; x_wconf 91' lang='lat' dir='ltr'>auctoritate,</span> <span class='ocrx_word' id='word_1_92' title='bbox 653 1057 801 1138; x_wconf 74' lang='lat' dir='ltr'>quemque⁶</span> <span class='ocrx_word' id='word_1_93' title='bbox 827 1077 929 1139; x_wconf 89' lang='lat' dir='ltr'>patrem</span> <span class='ocrx_word' id='word_1_94' title='bbox 957 1083 1038 1140; x_wconf 89' lang='lat' dir='ltr'>posse</span> <span class='ocrx_word' id='word_1_95' title='bbox 1064 1066 1226 1138; x_wconf 87' lang='lat' dir='ltr'>interlicere,</span> 
     </span>
     <span class='ocr_line' id='line_1_12' title="bbox 275 1143 1227 1228; baseline -0.001 -20"><span class='ocrx_word' id='word_1_96' title='bbox 275 1151 319 1208; x_wconf 91' lang='lat' dir='ltr'>uel</span> <span class='ocrx_word' id='word_1_97' title='bbox 341 1150 508 1208; x_wconf 82' lang='lat' dir='ltr'><strong>consularem</strong></span> <span class='ocrx_word' id='word_1_98' title='bbox 531 1151 634 1219; x_wconf 89' lang='lat' dir='ltr'>uirum,</span> <span class='ocrx_word' id='word_1_99' title='bbox 657 1149 702 1204; x_wconf 90' lang='lat' dir='ltr'>uel</span> <span class='ocrx_word' id='word_1_100' title='bbox 723 1157 864 1222; x_wconf 90' lang='lat' dir='ltr'>patronum</span> <span class='ocrx_word' id='word_1_101' title='bbox 888 1167 982 1222; x_wconf 90' lang='lat' dir='ltr'>suum,</span> <span class='ocrx_word' id='word_1_102' title='bbox 1010 1143 1064 1228; x_wconf 82' lang='lat' dir='ltr'>’(ss&#39;</span> <span class='ocrx_word' id='word_1_103' title='bbox 1084 1143 1176 1228; x_wconf 86' lang='lat' dir='ltr'>eum)⁷</span> <span class='ocrx_word' id='word_1_104' title='bbox 1198 1153 1227 1207; x_wconf 94' lang='lat' dir='ltr'>in</span> 
     </span>
     <span class='ocr_line' id='line_1_13' title="bbox 275 1231 1227 1307; baseline 0 -17"><span class='ocrx_word' id='word_1_105' title='bbox 275 1233 328 1291; x_wconf 89' lang='lat' dir='ltr'>lilia</span> <span class='ocrx_word' id='word_1_106' title='bbox 350 1234 501 1291; x_wconf 90' lang='lat' dir='ltr'>adulterum</span> <span class='ocrx_word' id='word_1_107' title='bbox 523 1231 741 1307; x_wconf 87' lang='lat' dir='ltr'>deprehenderit,</span> <span class='ocrx_word' id='word_1_108' title='bbox 764 1232 857 1290; x_wconf 88' lang='lat' dir='ltr'>eodem</span> <span class='ocrx_word' id='word_1_109' title='bbox 881 1234 950 1290; x_wconf 90' lang='lat' dir='ltr'>libro</span> <span class='ocrx_word' id='word_1_110' title='bbox 965 1233 1105 1290; x_wconf 80' lang='lat' dir='ltr'><strong>Marcellus</strong></span> <span class='ocrx_word' id='word_1_111' title='bbox 1121 1233 1227 1307; x_wconf 89' lang='lat' dir='ltr'>probat.</span> 
     </span>
     <span class='ocr_line' id='line_1_14' title="bbox 274 1315 1226 1389; baseline 0 -15"><span class='ocrx_word' id='word_1_112' title='bbox 274 1315 302 1378; x_wconf 82' lang='lat'>5.</span> <span class='ocrx_word' id='word_1_113' title='bbox 318 1317 370 1374; x_wconf 90' lang='lat' dir='ltr'>Sed</span> <span class='ocrx_word' id='word_1_114' title='bbox 387 1319 409 1373; x_wconf 93' lang='lat' dir='ltr'>si</span> <span class='ocrx_word' id='word_1_115' title='bbox 424 1316 505 1372; x_wconf 88' lang='lat' dir='ltr'>liliam</span> <span class='ocrx_word' id='word_1_116' title='bbox 520 1333 576 1373; x_wconf 91' lang='lat' dir='ltr'>non</span> <span class='ocrx_word' id='word_1_117' title='bbox 591 1315 766 1387; x_wconf 77' lang='lat' dir='ltr'>interfecerit,</span> <span class='ocrx_word' id='word_1_118' title='bbox 789 1317 837 1372; x_wconf 90' lang='lat' dir='ltr'>sed</span> <span class='ocrx_word' id='word_1_119' title='bbox 852 1317 941 1376; x_wconf 89' lang='lat' dir='ltr'>solum</span> <span class='ocrx_word' id='word_1_120' title='bbox 956 1318 1118 1389; x_wconf 85' lang='lat' dir='ltr'>adulterum,</span> <span class='ocrx_word' id='word_1_121' title='bbox 1140 1318 1226 1374; x_wconf 89' lang='lat' dir='ltr'>homi·</span> 
     </span>
     <span class='ocr_line' id='line_1_15' title="bbox 276 1395 1225 1472; baseline 0 -14"><span class='ocrx_word' id='word_1_122' title='bbox 276 1400 336 1458; x_wconf 83' lang='lat' dir='ltr'>cidit</span> <span class='ocrx_word' id='word_1_123' title='bbox 351 1417 413 1456; x_wconf 91' lang='lat' dir='ltr'>reus</span> <span class='ocrx_word' id='word_1_124' title='bbox 429 1408 480 1458; x_wconf 90' lang='lat' dir='ltr'>est.</span> <span class='ocrx_word' id='word_1_125' title='bbox 524 1395 552 1456; x_wconf 86' lang='grc'>6.</span> <span class='ocrx_word' id='word_1_126' title='bbox 575 1399 628 1456; x_wconf 88' lang='lat' dir='ltr'>Sed</span> <span class='ocrx_word' id='word_1_127' title='bbox 645 1401 695 1456; x_wconf 89' lang='lat' dir='ltr'>etsi</span> <span class='ocrx_word' id='word_1_128' title='bbox 710 1399 853 1457; x_wconf 91' lang='lat' dir='ltr'>interuallo</span> <span class='ocrx_word' id='word_1_129' title='bbox 868 1401 947 1457; x_wconf 88' lang='lat' dir='ltr'>filiam</span> <span class='ocrx_word' id='word_1_130' title='bbox 963 1401 1145 1472; x_wconf 79' lang='lat' dir='ltr'>interfecerit,</span> <span class='ocrx_word' id='word_1_131' title='bbox 1168 1411 1225 1458; x_wconf 91' lang='lat' dir='ltr'>tan·</span> 
     </span>
     <span class='ocr_line' id='line_1_16' title="bbox 276 1478 1298 1557; baseline -0.004 -17"><span class='ocrx_word' id='word_1_132' title='bbox 276 1483 386 1540; x_wconf 90' lang='lat' dir='ltr'>tnudem</span> <span class='ocrx_word' id='word_1_133' title='bbox 409 1492 467 1554; x_wconf 90' lang='lat' dir='ltr'>est,</span> <span class='ocrx_word' id='word_1_134' title='bbox 493 1484 543 1540; x_wconf 90' lang='lat' dir='ltr'>nisi</span> <span class='ocrx_word' id='word_1_135' title='bbox 565 1483 754 1557; x_wconf 87' lang='lat' dir='ltr'>’persequutus</span> <span class='ocrx_word' id='word_1_136' title='bbox 777 1478 864 1540; x_wconf 84' lang='lat' dir='ltr'>illam⁸</span> <span class='ocrx_word' id='word_1_137' title='bbox 885 1485 1064 1542; x_wconf 81' lang='lat' dir='ltr'>interfecerit:</span> <span class='ocrx_word' id='word_1_138' title='bbox 1087 1487 1225 1541; x_wconf 90' lang='lat' dir='ltr'>continua·</span> <span class='ocrx_word' id='word_1_139' title='bbox 1236 1487 1298 1537; x_wconf 71' lang='grc'><strong>[561]</strong></span> 
     </span>
     <span class='ocr_line' id='line_1_17' title="bbox 277 1567 1034 1646; baseline 0.001 -23"><span class='ocrx_word' id='word_1_140' title='bbox 277 1569 350 1624; x_wconf 91' lang='lat' dir='ltr'>tione</span> <span class='ocrx_word' id='word_1_141' title='bbox 365 1569 435 1646; x_wconf 79' lang='lat' dir='ltr'>eninr</span> <span class='ocrx_word' id='word_1_142' title='bbox 451 1568 529 1622; x_wconf 90' lang='lat' dir='ltr'>animi</span> <span class='ocrx_word' id='word_1_143' title='bbox 545 1568 654 1623; x_wconf 86' lang='lat' dir='ltr'>uidetur</span> <span class='ocrx_word' id='word_1_144' title='bbox 668 1567 738 1640; x_wconf 81' lang='lat' dir='ltr'>legis</span> <span class='ocrx_word' id='word_1_145' title='bbox 754 1569 914 1624; x_wconf 90' lang='lat' dir='ltr'>auctoritate</span> <span class='ocrx_word' id='word_1_146' title='bbox 929 1568 1034 1625; x_wconf 84' lang='lat' dir='ltr'>iecisse.</span> 
     </span>
    </p>

    <p class='ocr_par' dir='ltr' id='par_1_3' title="bbox 275 1649 1226 2059">
     <span class='ocr_line' id='line_1_18' title="bbox 337 1649 1225 1727; baseline 0.003 -21"><span class='ocrx_word' id='word_1_147' title='bbox 337 1650 403 1725; x_wconf 88' lang='lat' dir='ltr'>llap.</span> <span class='ocrx_word' id='word_1_148' title='bbox 426 1650 469 1708; x_wconf 92' lang='lat' dir='ltr'>lll.</span> <span class='ocrx_word' id='word_1_149' title='bbox 512 1650 599 1706; x_wconf 84' lang='lat' dir='ltr'>ldetn</span> <span class='ocrx_word' id='word_1_150' title='bbox 627 1649 754 1705; x_wconf 89' lang='lat' dir='ltr'>Paulus</span> <span class='ocrx_word' id='word_1_151' title='bbox 785 1651 898 1708; x_wconf 89' lang='lat' dir='ltr'>eodem</span> <span class='ocrx_word' id='word_1_152' title='bbox 928 1651 1102 1727; x_wconf 76' lang='lat' dir='ltr'>singulari</span> <span class='ocrx_word' id='word_1_153' title='bbox 1134 1653 1225 1710; x_wconf 88' lang='lat' dir='ltr'>libro</span> 
     </span>
     <span class='ocr_line' id='line_1_19' title="bbox 275 1729 1224 1810; baseline 0 -18"><span class='ocrx_word' id='word_1_154' title='bbox 275 1743 307 1792; x_wconf 89' lang='lat' dir='ltr'>et</span> <span class='ocrx_word' id='word_1_155' title='bbox 330 1729 466 1792; x_wconf 79' lang='lat' dir='ltr'>titulo.⁹</span> <span class='ocrx_word' id='word_1_156' title='bbox 509 1732 534 1792; x_wconf 88' lang='lat'>1.</span> <span class='ocrx_word' id='word_1_157' title='bbox 559 1733 652 1790; x_wconf 81' lang='lat' dir='ltr'>Certae</span> <span class='ocrx_word' id='word_1_158' title='bbox 674 1742 762 1789; x_wconf 90' lang='lat' dir='ltr'>autem</span> <span class='ocrx_word' id='word_1_159' title='bbox 784 1744 975 1792; x_wconf 86' lang='lat' dir='ltr'>enumerantur</span> <span class='ocrx_word' id='word_1_160' title='bbox 996 1752 1136 1809; x_wconf 85' lang='lat' dir='ltr'>personae,</span> <span class='ocrx_word' id='word_1_161' title='bbox 1159 1753 1224 1810; x_wconf 88' lang='lat' dir='ltr'>quas</span> 
     </span>
     <span class='ocr_line' id='line_1_20' title="bbox 276 1817 1225 1892; baseline 0 -16"><span class='ocrx_word' id='word_1_162' title='bbox 276 1821 337 1876; x_wconf 87' lang='lat' dir='ltr'>uiro</span> <span class='ocrx_word' id='word_1_163' title='bbox 360 1819 439 1877; x_wconf 89' lang='lat' dir='ltr'>liceat</span> <span class='ocrx_word' id='word_1_164' title='bbox 462 1817 583 1875; x_wconf 85' lang='lat' dir='ltr'>occidere</span> <span class='ocrx_word' id='word_1_165' title='bbox 605 1818 632 1872; x_wconf 91' lang='lat' dir='ltr'>in</span> <span class='ocrx_word' id='word_1_166' title='bbox 648 1817 780 1874; x_wconf 88' lang='lat' dir='ltr'>adulterio</span> <span class='ocrx_word' id='word_1_167' title='bbox 796 1817 962 1891; x_wconf 87' lang='lat' dir='ltr'>deprehensa</span> <span class='ocrx_word' id='word_1_168' title='bbox 985 1833 1080 1892; x_wconf 84' lang='lat' dir='ltr'>uxore,</span> <span class='ocrx_word' id='word_1_169' title='bbox 1103 1823 1225 1892; x_wconf 88' lang='lat' dir='ltr'>quamuis</span> 
     </span>
     <span class='ocr_line' id='line_1_21' title="bbox 277 1896 1226 1980; baseline 0.001 -21"><span class='ocrx_word' id='word_1_170' title='bbox 277 1920 386 1960; x_wconf 82' lang='lat' dir='ltr'>uxorem</span> <span class='ocrx_word' id='word_1_171' title='bbox 403 1920 458 1960; x_wconf 93' lang='lat' dir='ltr'>non</span> <span class='ocrx_word' id='word_1_172' title='bbox 473 1903 561 1959; x_wconf 90' lang='lat' dir='ltr'>liceat.</span> <span class='ocrx_word' id='word_1_173' title='bbox 597 1897 626 1961; x_wconf 79' lang='lat'>2.</span> <span class='ocrx_word' id='word_1_174' title='bbox 650 1899 722 1975; x_wconf 78' lang='lat' dir='ltr'>Ergo</span> <span class='ocrx_word' id='word_1_175' title='bbox 737 1903 884 1958; x_wconf 82' lang='lat' dir='ltr'>secuudum</span> <span class='ocrx_word' id='word_1_176' title='bbox 896 1903 975 1976; x_wconf 82' lang='lat' dir='ltr'>&#39;legis</span> <span class='ocrx_word' id='word_1_177' title='bbox 991 1896 1139 1980; x_wconf 82' lang='lat' dir='ltr'>(uerba)¹⁰</span> <span class='ocrx_word' id='word_1_178' title='bbox 1155 1906 1226 1974; x_wconf 87' lang='lat' dir='ltr'>uiro,</span> 
     </span>
     <span class='ocr_line' id='line_1_22' title="bbox 278 1979 1226 2059; baseline -0.001 -15"><span class='ocrx_word' id='word_1_179' title='bbox 278 1989 357 2044; x_wconf 91' lang='lat' dir='ltr'>etiarn</span> <span class='ocrx_word' id='word_1_180' title='bbox 374 1986 555 2058; x_wconf 76' lang='lat' dir='ltr'>filiofamilias,</span> <span class='ocrx_word' id='word_1_181' title='bbox 571 1986 738 2059; x_wconf 87' lang='lat' dir='ltr'>permittitur</span> <span class='ocrx_word' id='word_1_182' title='bbox 750 1984 874 2042; x_wconf 87' lang='lat' dir='ltr'>&#39;attamen</span> <span class='ocrx_word' id='word_1_183' title='bbox 895 1985 976 2042; x_wconf 91' lang='lat' dir='ltr'>modo</span> <span class='ocrx_word' id='word_1_184' title='bbox 987 1979 1010 2018; x_wconf 90' lang='lat'>¹¹</span> <span class='ocrx_word' id='word_1_185' title='bbox 1033 1987 1105 2043; x_wconf 88' lang='lat' dir='ltr'>domi</span> <span class='ocrx_word' id='word_1_186' title='bbox 1126 1981 1226 2044; x_wconf 89' lang='lat' dir='ltr'>suae¹²</span> 
     </span>
    </p>
   </div>
   <div class='ocr_carea' id='block_1_3' title="bbox 275 2067 1226 2145">
    <p class='ocr_par' dir='ltr' id='par_1_4' title="bbox 275 2067 1226 2145">
     <span class='ocr_line' id='line_1_23' title="bbox 275 2067 1226 2145; baseline -0.001 -17"><span class='ocrx_word' id='word_1_187' title='bbox 275 2072 472 2145; x_wconf 80' lang='lat' dir='ltr'>deprehensum</span> <span class='ocrx_word' id='word_1_188' title='bbox 485 2069 637 2126; x_wconf 80' lang='lat' dir='ltr'>arlulterurn</span> <span class='ocrx_word' id='word_1_189' title='bbox 651 2067 804 2126; x_wconf 85' lang='lat' dir='ltr'>interlicere</span> <span class='ocrx_word' id='word_1_190' title='bbox 816 2085 935 2142; x_wconf 88' lang='lat' dir='ltr'>seruum,</span> <span class='ocrx_word' id='word_1_191' title='bbox 950 2078 1059 2141; x_wconf 86' lang='lat' dir='ltr'>etcum,</span> <span class='ocrx_word' id='word_1_192' title='bbox 1078 2072 1123 2144; x_wconf 91' lang='lat' dir='ltr'>qui</span> <span class='ocrx_word' id='word_1_193' title='bbox 1134 2080 1226 2128; x_wconf 92' lang='lat' dir='ltr'>aucto·</span> 
     </span>
    </p>
   </div>
   <div class='ocr_carea' id='block_1_4' title="bbox 274 2187 486 2197">
    <p class='ocr_par' dir='ltr' id='par_1_5' title="bbox 274 2187 486 2197">
     <span class='ocr_line' id='line_1_24' title="bbox 274 2187 486 2197; baseline -0.009 -1"><span class='ocrx_word' id='word_1_194' title='bbox 274 2187 486 2197; x_wconf 84' lang='lat'>——--——</span> 
     </span>
    </p>
   </div>
   <div class='ocr_carea' id='block_1_5' title="bbox 272 2236 1228 3432">
    <p class='ocr_par' dir='ltr' id='par_1_6' title="bbox 272 2236 1228 3432">
     <span class='ocr_line' id='line_1_25' title="bbox 349 2236 1227 2306; baseline 0.002 -18"><span class='ocrx_word' id='word_1_195' title='bbox 349 2236 369 2306; x_wconf 89' lang='lat'>1)</span> <span class='ocrx_word' id='word_1_196' title='bbox 385 2241 483 2301; x_wconf 81' lang='lat' dir='ltr'>abrogat</span> <span class='ocrx_word' id='word_1_197' title='bbox 493 2237 555 2288; x_wconf 83' lang='lat' dir='ltr'>Odd.</span> <span class='ocrx_word' id='word_1_198' title='bbox 565 2238 623 2288; x_wconf 78' lang='lat' dir='ltr'>edd.</span> <span class='ocrx_word' id='word_1_199' title='bbox 633 2237 674 2288; x_wconf 88' lang='lat' dir='ltr'>Bt.</span> <span class='ocrx_word' id='word_1_200' title='bbox 694 2239 792 2299; x_wconf 81' lang='lat' dir='ltr'>obrogat</span> <span class='ocrx_word' id='word_1_201' title='bbox 801 2240 833 2301; x_wconf 74' lang='lat' dir='ltr'>ci.</span> <span class='ocrx_word' id='word_1_202' title='bbox 843 2237 913 2288; x_wconf 84' lang='lat' dir='ltr'>Scal.</span> <span class='ocrx_word' id='word_1_203' title='bbox 918 2255 929 2295; x_wconf 92' lang='lat'>,·</span> <span class='ocrx_word' id='word_1_204' title='bbox 942 2240 989 2289; x_wconf 86' lang='lat' dir='ltr'>sed</span> <span class='ocrx_word' id='word_1_205' title='bbox 997 2240 1064 2288; x_wconf 84' lang='lat' dir='ltr'>illud</span> <span class='ocrx_word' id='word_1_206' title='bbox 1071 2242 1168 2305; x_wconf 69' lang='lat' dir='ltr'>tanqua,</span> <span class='ocrx_word' id='word_1_207' title='bbox 1177 2240 1227 2291; x_wconf 78' lang='lat' dir='ltr'>loc</span> 
     </span>
     <span class='ocr_line' id='line_1_26' title="bbox 275 2309 1226 2374; baseline -0.002 -13"><span class='ocrx_word' id='word_1_208' title='bbox 275 2326 366 2361; x_wconf 74' lang='lat' dir='ltr'>senecas</span> <span class='ocrx_word' id='word_1_209' title='bbox 380 2310 512 2372; x_wconf 79' lang='lat' dir='ltr'>nonsart:</span> <span class='ocrx_word' id='word_1_210' title='bbox 525 2323 606 2372; x_wconf 84' lang='lat' dir='ltr'>quare</span> <span class='ocrx_word' id='word_1_211' title='bbox 620 2316 710 2358; x_wconf 86' lang='lat' dir='ltr'>nostra</span> <span class='ocrx_word' id='word_1_212' title='bbox 725 2309 850 2358; x_wconf 86' lang='lat' dir='ltr'>medicina</span> <span class='ocrx_word' id='word_1_213' title='bbox 865 2323 929 2372; x_wconf 85' lang='lat' dir='ltr'>opus</span> <span class='ocrx_word' id='word_1_214' title='bbox 939 2309 1002 2372; x_wconf 83' lang='lat' dir='ltr'>fuit,</span> <span class='ocrx_word' id='word_1_215' title='bbox 1017 2325 1091 2374; x_wconf 81' lang='lat' dir='ltr'>quam</span> <span class='ocrx_word' id='word_1_216' title='bbox 1105 2325 1226 2361; x_wconf 85' lang='lat' dir='ltr'>cummen-</span> 
     </span>
     <span class='ocr_line' id='line_1_27' title="bbox 275 2379 1226 2444; baseline 0 -14"><span class='ocrx_word' id='word_1_217' title='bbox 275 2383 332 2439; x_wconf 85' lang='lat' dir='ltr'>dat,</span> <span class='ocrx_word' id='word_1_218' title='bbox 352 2381 421 2444; x_wconf 86' lang='lat' dir='ltr'>quod</span> <span class='ocrx_word' id='word_1_219' title='bbox 440 2379 546 2441; x_wconf 80' lang='lat' dir='ltr'>capitis,</span> <span class='ocrx_word' id='word_1_220' title='bbox 566 2393 615 2442; x_wconf 88' lang='lat' dir='ltr'>quo</span> <span class='ocrx_word' id='word_1_221' title='bbox 635 2380 692 2442; x_wconf 82' lang='lat' dir='ltr'>ipsa</span> <span class='ocrx_word' id='word_1_222' title='bbox 706 2381 750 2428; x_wconf 76' lang='lat' dir='ltr'>lea</span> <span class='ocrx_word' id='word_1_223' title='bbox 763 2379 874 2428; x_wconf 85' lang='lat' dir='ltr'>nondum</span> <span class='ocrx_word' id='word_1_224' title='bbox 887 2379 1079 2439; x_wconf 79' lang='lat' dir='ltr'>continebatur,</span> <span class='ocrx_word' id='word_1_225' title='bbox 1098 2383 1125 2429; x_wconf 89' lang='lat' dir='ltr'>in</span> <span class='ocrx_word' id='word_1_226' title='bbox 1140 2387 1226 2430; x_wconf 86' lang='lat' dir='ltr'>trans·</span> 
     </span>
     <span class='ocr_line' id='line_1_28' title="bbox 275 2448 1225 2514; baseline 0 -14"><span class='ocrx_word' id='word_1_227' title='bbox 275 2465 354 2500; x_wconf 86' lang='lat' dir='ltr'>cursu</span> <span class='ocrx_word' id='word_1_228' title='bbox 369 2455 466 2498; x_wconf 85' lang='lat' dir='ltr'>tantum</span> <span class='ocrx_word' id='word_1_229' title='bbox 480 2450 572 2498; x_wconf 88' lang='lat' dir='ltr'>mentio</span> <span class='ocrx_word' id='word_1_230' title='bbox 584 2449 709 2510; x_wconf 80' lang='lat' dir='ltr'>facienda</span> <span class='ocrx_word' id='word_1_231' title='bbox 722 2456 787 2498; x_wconf 78' lang='lat' dir='ltr'>erat.</span> <span class='ocrx_word' id='word_1_232' title='bbox 813 2449 928 2499; x_wconf 81' lang='lat' dir='ltr'>Ceterum</span> <span class='ocrx_word' id='word_1_233' title='bbox 941 2448 982 2499; x_wconf 88' lang='lat' dir='ltr'>Bi.</span> <span class='ocrx_word' id='word_1_234' title='bbox 993 2450 1036 2500; x_wconf 85' lang='lat' dir='ltr'>llic</span> <span class='ocrx_word' id='word_1_235' title='bbox 1046 2453 1068 2512; x_wconf 69' lang='grc'>5.</span> <span class='ocrx_word' id='word_1_236' title='bbox 1079 2462 1099 2500; x_wconf 82' lang='lat' dir='ltr'>a.</span> <span class='ocrx_word' id='word_1_237' title='bbox 1111 2453 1225 2514; x_wconf 86' lang='lat' dir='ltr'>finierat.</span> 
     </span>
     <span class='ocr_line' id='line_1_29' title="bbox 277 2517 1162 2585; baseline 0.002 -17"><span class='ocrx_word' id='word_1_238' title='bbox 277 2517 298 2585; x_wconf 62' lang='grc'>2)</span> <span class='ocrx_word' id='word_1_239' title='bbox 315 2519 377 2568; x_wconf 77' lang='lat' dir='ltr'>cad.</span> <span class='ocrx_word' id='word_1_240' title='bbox 392 2525 417 2568; x_wconf 90' lang='lat' dir='ltr'>et</span> <span class='ocrx_word' id='word_1_241' title='bbox 430 2518 488 2567; x_wconf 83' lang='lat' dir='ltr'>edd.</span> <span class='ocrx_word' id='word_1_242' title='bbox 503 2533 538 2567; x_wconf 79' lang='lat' dir='ltr'>eac</span> <span class='ocrx_word' id='word_1_243' title='bbox 553 2521 733 2582; x_wconf 82' lang='lat' dir='ltr'>consequentia</span> <span class='ocrx_word' id='word_1_244' title='bbox 746 2521 847 2569; x_wconf 84' lang='lat' dir='ltr'>erroris</span> <span class='ocrx_word' id='word_1_245' title='bbox 860 2521 903 2569; x_wconf 78' lang='lat' dir='ltr'>laic</span> <span class='ocrx_word' id='word_1_246' title='bbox 917 2521 1085 2585; x_wconf 84' lang='lat' dir='ltr'>interponunt</span> <span class='ocrx_word' id='word_1_247' title='bbox 1097 2536 1162 2570; x_wconf 89' lang='lat' dir='ltr'>nero.</span> 
     </span>
     <span class='ocr_line' id='line_1_30' title="bbox 277 2586 1227 2658; baseline 0.004 -21"><span class='ocrx_word' id='word_1_248' title='bbox 277 2586 298 2656; x_wconf 77' lang='lat'>³)</span> <span class='ocrx_word' id='word_1_249' title='bbox 313 2590 429 2652; x_wconf 90' lang='lat' dir='ltr'>permittit</span> <span class='ocrx_word' id='word_1_250' title='bbox 443 2589 504 2651; x_wconf 90' lang='lat' dir='ltr'>patri</span> <span class='ocrx_word' id='word_1_251' title='bbox 528 2588 573 2638; x_wconf 89' lang='lat' dir='ltr'>Ve.</span> <span class='ocrx_word' id='word_1_252' title='bbox 598 2588 639 2637; x_wconf 88' lang='lat' dir='ltr'>Vi.</span> <span class='ocrx_word' id='word_1_253' title='bbox 659 2591 698 2638; x_wconf 86' lang='lat' dir='ltr'>ed.</span> <span class='ocrx_word' id='word_1_254' title='bbox 717 2588 758 2639; x_wconf 88' lang='lat' dir='ltr'>Bi.</span> <span class='ocrx_word' id='word_1_255' title='bbox 777 2591 892 2652; x_wconf 89' lang='lat' dir='ltr'>permittit</span> <span class='ocrx_word' id='word_1_256' title='bbox 910 2597 978 2654; x_wconf 87' lang='lat' dir='ltr'>pater</span> <span class='ocrx_word' id='word_1_257' title='bbox 995 2591 1025 2640; x_wconf 91' lang='lat' dir='ltr'>B.</span> <span class='ocrx_word' id='word_1_258' title='bbox 1090 2588 1112 2658; x_wconf 87' lang='lat'>⁴)</span> <span class='ocrx_word' id='word_1_259' title='bbox 1126 2591 1227 2642; x_wconf 81' lang='lat' dir='ltr'>Addidi</span> 
     </span>
     <span class='ocr_line' id='line_1_31' title="bbox 276 2659 1225 2727; baseline 0 -17"><span class='ocrx_word' id='word_1_260' title='bbox 276 2661 438 2714; x_wconf 69' lang='lat' dir='ltr'>necessarios</span> <span class='ocrx_word' id='word_1_261' title='bbox 452 2659 487 2721; x_wconf 86' lang='lat' dir='ltr'>cf.</span> <span class='ocrx_word' id='word_1_262' title='bbox 503 2659 583 2708; x_wconf 78' lang='lat' dir='ltr'>eiusd.</span> <span class='ocrx_word' id='word_1_263' title='bbox 599 2661 664 2723; x_wconf 72' lang='lat' dir='ltr'>lepis</span> <span class='ocrx_word' id='word_1_264' title='bbox 678 2676 700 2708; x_wconf 86' lang='lat' dir='ltr'>e.</span> <span class='ocrx_word' id='word_1_265' title='bbox 715 2659 745 2708; x_wconf 92' lang='lat' dir='ltr'>V.</span> <span class='ocrx_word' id='word_1_266' title='bbox 765 2659 797 2708; x_wconf 87' lang='lat' dir='ltr'>L.</span> <span class='ocrx_word' id='word_1_267' title='bbox 807 2671 833 2712; x_wconf 75' lang='lat'>25</span> <span class='ocrx_word' id='word_1_268' title='bbox 842 2676 886 2724; x_wconf 85' lang='lat' dir='ltr'>pr.</span> <span class='ocrx_word' id='word_1_269' title='bbox 906 2661 938 2709; x_wconf 88' lang='lat' dir='ltr'>D.</span> <span class='ocrx_word' id='word_1_270' title='bbox 948 2662 972 2710; x_wconf 88' lang='grc' dir='ltr'><strong>Ιι.</strong></span> <span class='ocrx_word' id='word_1_271' title='bbox 984 2668 1000 2710; x_wconf 89' lang='lat' dir='ltr'>t.</span> <span class='ocrx_word' id='word_1_272' title='bbox 1013 2660 1057 2727; x_wconf 81' lang='lat' dir='ltr'>(as,</span> <span class='ocrx_word' id='word_1_273' title='bbox 1068 2659 1099 2727; x_wconf 79' lang='lat' dir='ltr'>a).</span> <span class='ocrx_word' id='word_1_274' title='bbox 1147 2659 1168 2727; x_wconf 83' lang='lat'>⁶)</span> <span class='ocrx_word' id='word_1_275' title='bbox 1180 2662 1225 2710; x_wconf 93' lang='lat' dir='ltr'>illi·</span> 
     </span>
     <span class='ocr_line' id='line_1_32' title="bbox 277 2728 1226 2795; baseline 0.003 -16"><span class='ocrx_word' id='word_1_276' title='bbox 277 2733 323 2779; x_wconf 92' lang='lat' dir='ltr'>cito</span> <span class='ocrx_word' id='word_1_277' title='bbox 339 2731 390 2779; x_wconf 92' lang='lat' dir='ltr'>iure</span> <span class='ocrx_word' id='word_1_278' title='bbox 405 2732 438 2792; x_wconf 73' lang='lat' dir='ltr'>ej.</span> <span class='ocrx_word' id='word_1_279' title='bbox 455 2728 551 2789; x_wconf 86' lang='lat' dir='ltr'>Cuiao.,</span> <span class='ocrx_word' id='word_1_280' title='bbox 567 2729 652 2788; x_wconf 85' lang='lat' dir='ltr'>adid,</span> <span class='ocrx_word' id='word_1_281' title='bbox 667 2732 735 2794; x_wconf 87' lang='lat' dir='ltr'>quod</span> <span class='ocrx_word' id='word_1_282' title='bbox 748 2733 835 2790; x_wconf 87' lang='lat' dir='ltr'>uoluit,</span> <span class='ocrx_word' id='word_1_283' title='bbox 849 2737 919 2781; x_wconf 86' lang='lat' dir='ltr'>recte</span> <span class='ocrx_word' id='word_1_284' title='bbox 934 2729 979 2795; x_wconf 79' lang='lat' dir='ltr'>(cs.</span> <span class='ocrx_word' id='word_1_285' title='bbox 994 2731 1026 2782; x_wconf 83' lang='lat' dir='ltr'>L.</span> <span class='ocrx_word' id='word_1_286' title='bbox 1037 2742 1070 2781; x_wconf 75' lang='lat' dir='ltr'>aa.</span> <span class='ocrx_word' id='word_1_287' title='bbox 1087 2734 1110 2794; x_wconf 71' lang='lat'>5.</span> <span class='ocrx_word' id='word_1_288' title='bbox 1122 2745 1141 2783; x_wconf 89' lang='lat'>1.</span> <span class='ocrx_word' id='word_1_289' title='bbox 1157 2732 1188 2780; x_wconf 87' lang='lat' dir='ltr'>L.</span> <span class='ocrx_word' id='word_1_290' title='bbox 1200 2744 1226 2782; x_wconf 78' lang='lat'>24</span> 
     </span>
     <span class='ocr_line' id='line_1_33' title="bbox 272 2798 1226 2867; baseline 0.001 -17"><span class='ocrx_word' id='word_1_291' title='bbox 272 2803 318 2865; x_wconf 82' lang='lat' dir='ltr'>fin.</span> <span class='ocrx_word' id='word_1_292' title='bbox 333 2801 366 2849; x_wconf 87' lang='lat' dir='ltr'>D.</span> <span class='ocrx_word' id='word_1_293' title='bbox 381 2801 405 2849; x_wconf 83' lang='lat' dir='ltr'>lt.</span> <span class='ocrx_word' id='word_1_294' title='bbox 421 2798 463 2866; x_wconf 83' lang='grc'><strong>1.),</strong></span> <span class='ocrx_word' id='word_1_295' title='bbox 482 2801 529 2850; x_wconf 85' lang='lat' dir='ltr'>sed</span> <span class='ocrx_word' id='word_1_296' title='bbox 542 2801 596 2850; x_wconf 88' lang='lat' dir='ltr'>dici</span> <span class='ocrx_word' id='word_1_297' title='bbox 608 2802 647 2849; x_wconf 86' lang='lat' dir='ltr'>sie</span> <span class='ocrx_word' id='word_1_298' title='bbox 661 2816 712 2850; x_wconf 89' lang='lat' dir='ltr'>non</span> <span class='ocrx_word' id='word_1_299' title='bbox 725 2807 818 2863; x_wconf 82' lang='lat' dir='ltr'>potest.</span> <span class='ocrx_word' id='word_1_300' title='bbox 883 2798 904 2867; x_wconf 71' lang='grc' dir='ltr'>ο)</span> <span class='ocrx_word' id='word_1_301' title='bbox 918 2809 997 2850; x_wconf 86' lang='lat' dir='ltr'>autern</span> <span class='ocrx_word' id='word_1_302' title='bbox 1015 2800 1100 2867; x_wconf 86' lang='lat' dir='ltr'>(cuias</span> <span class='ocrx_word' id='word_1_303' title='bbox 1115 2809 1175 2853; x_wconf 87' lang='lat' dir='ltr'>nota</span> <span class='ocrx_word' id='word_1_304' title='bbox 1188 2809 1226 2852; x_wconf 87' lang='lat' dir='ltr'>est</span> 
     </span>
     <span class='ocr_line' id='line_1_34' title="bbox 276 2871 1225 2937; baseline -0.001 -16"><span class='ocrx_word' id='word_1_305' title='bbox 276 2871 309 2937; x_wconf 92' lang='lat' dir='ltr'>at)</span> <span class='ocrx_word' id='word_1_306' title='bbox 325 2871 354 2920; x_wconf 87' lang='lat' dir='ltr'>de</span> <span class='ocrx_word' id='word_1_307' title='bbox 369 2871 508 2920; x_wconf 86' lang='lat' dir='ltr'>auctoritate</span> <span class='ocrx_word' id='word_1_308' title='bbox 523 2885 615 2935; x_wconf 85' lang='lat' dir='ltr'>quoque</span> <span class='ocrx_word' id='word_1_309' title='bbox 635 2871 679 2919; x_wconf 89' lang='lat' dir='ltr'>Ve.</span> <span class='ocrx_word' id='word_1_310' title='bbox 700 2873 839 2920; x_wconf 85' lang='lat' dir='ltr'>auctoritate</span> <span class='ocrx_word' id='word_1_311' title='bbox 854 2887 947 2936; x_wconf 89' lang='lat' dir='ltr'>quoque</span> <span class='ocrx_word' id='word_1_312' title='bbox 961 2871 991 2920; x_wconf 87' lang='lat' dir='ltr'>B.</span> <span class='ocrx_word' id='word_1_313' title='bbox 1012 2872 1053 2921; x_wconf 91' lang='lat' dir='ltr'>Vi.</span> <span class='ocrx_word' id='word_1_314' title='bbox 1081 2873 1225 2922; x_wconf 78' lang='lat' dir='ltr'>Auctoritate</span> 
     </span>
     <span class='ocr_line' id='line_1_35' title="bbox 276 2940 1226 3007; baseline 0.002 -17"><span class='ocrx_word' id='word_1_315' title='bbox 276 2957 368 3006; x_wconf 87' lang='lat' dir='ltr'>quoque</span> <span class='ocrx_word' id='word_1_316' title='bbox 383 2940 463 3007; x_wconf 81' lang='lat' dir='ltr'>(legis)</span> <span class='ocrx_word' id='word_1_317' title='bbox 483 2943 521 2990; x_wconf 86' lang='lat' dir='ltr'>ed.</span> <span class='ocrx_word' id='word_1_318' title='bbox 537 2941 577 2990; x_wconf 88' lang='lat' dir='ltr'>Bi.</span> <span class='ocrx_word' id='word_1_319' title='bbox 605 2940 702 2990; x_wconf 78' lang='lat' dir='ltr'>Sensus</span> <span class='ocrx_word' id='word_1_320' title='bbox 716 2948 767 2990; x_wconf 86' lang='lat' dir='ltr'>est:</span> <span class='ocrx_word' id='word_1_321' title='bbox 785 2942 821 2991; x_wconf 86' lang='lat' dir='ltr'>At</span> <span class='ocrx_word' id='word_1_322' title='bbox 839 2944 907 3007; x_wconf 84' lang='lat' dir='ltr'>quod</span> <span class='ocrx_word' id='word_1_323' title='bbox 924 2943 960 2992; x_wconf 87' lang='lat' dir='ltr'>ad</span> <span class='ocrx_word' id='word_1_324' title='bbox 977 2945 1156 2992; x_wconf 84' lang='lat' dir='ltr'>auctoritatem</span> <span class='ocrx_word' id='word_1_325' title='bbox 1173 2944 1226 2992; x_wconf 86' lang='lat' dir='ltr'>siue</span> 
     </span>
     <span class='ocr_line' id='line_1_36' title="bbox 276 3009 1225 3078; baseline 0 -17"><span class='ocrx_word' id='word_1_326' title='bbox 276 3014 426 3078; x_wconf 72' lang='lat' dir='ltr'>dipnltatem</span> <span class='ocrx_word' id='word_1_327' title='bbox 440 3013 554 3062; x_wconf 82' lang='lat' dir='ltr'>adulteri</span> <span class='ocrx_word' id='word_1_328' title='bbox 567 3013 665 3062; x_wconf 85' lang='lat' dir='ltr'>attinet.</span> <span class='ocrx_word' id='word_1_329' title='bbox 686 3009 741 3076; x_wconf 71' lang='lat' dir='ltr'>(ii.</span> <span class='ocrx_word' id='word_1_330' title='bbox 758 3011 815 3061; x_wconf 87' lang='lat' dir='ltr'>Vat.</span> <span class='ocrx_word' id='word_1_331' title='bbox 829 3010 996 3078; x_wconf 73' lang='lat'>§§.139.162.)</span> <span class='ocrx_word' id='word_1_332' title='bbox 1017 3013 1055 3076; x_wconf 83' lang='lat' dir='ltr'>Of.</span> <span class='ocrx_word' id='word_1_333' title='bbox 1071 3014 1144 3076; x_wconf 81' lang='lat' dir='ltr'>infra</span> <span class='ocrx_word' id='word_1_334' title='bbox 1158 3028 1180 3062; x_wconf 91' lang='lat' dir='ltr'>c.</span> <span class='ocrx_word' id='word_1_335' title='bbox 1191 3023 1225 3062; x_wconf 80' lang='grc'>11.</span> 
     </span>
     <span class='ocr_line' id='line_1_37' title="bbox 276 3080 1226 3149; baseline -0.002 -15"><span class='ocrx_word' id='word_1_336' title='bbox 276 3086 300 3146; x_wconf 65' lang='grc' dir='ltr'>ς.</span> <span class='ocrx_word' id='word_1_337' title='bbox 316 3096 335 3134; x_wconf 90' lang='lat'>1.</span> <span class='ocrx_word' id='word_1_338' title='bbox 351 3083 382 3133; x_wconf 83' lang='lat' dir='ltr'>L.</span> <span class='ocrx_word' id='word_1_339' title='bbox 398 3095 478 3147; x_wconf 77' lang='lat' dir='ltr'>repr.</span> <span class='ocrx_word' id='word_1_340' title='bbox 493 3085 516 3145; x_wconf 78' lang='lat'>§.</span> <span class='ocrx_word' id='word_1_341' title='bbox 531 3095 551 3134; x_wconf 86' lang='lat' dir='ltr'>o.</span> <span class='ocrx_word' id='word_1_342' title='bbox 571 3082 603 3131; x_wconf 80' lang='grc' dir='ltr'>Ι..</span> <span class='ocrx_word' id='word_1_343' title='bbox 618 3094 651 3133; x_wconf 83' lang='lat' dir='ltr'>so.</span> <span class='ocrx_word' id='word_1_344' title='bbox 667 3084 724 3143; x_wconf 78' lang='lat' dir='ltr'>§.a</span> <span class='ocrx_word' id='word_1_345' title='bbox 744 3082 775 3131; x_wconf 84' lang='lat' dir='ltr'>D.</span> <span class='ocrx_word' id='word_1_346' title='bbox 790 3083 815 3131; x_wconf 76' lang='lat' dir='ltr'>a.</span> <span class='ocrx_word' id='word_1_347' title='bbox 830 3089 847 3132; x_wconf 84' lang='lat' dir='ltr'>t.</span> <span class='ocrx_word' id='word_1_348' title='bbox 906 3080 927 3149; x_wconf 80' lang='lat'>⁷)</span> <span class='ocrx_word' id='word_1_349' title='bbox 943 3081 987 3132; x_wconf 80' lang='lat' dir='ltr'>En</span> <span class='ocrx_word' id='word_1_350' title='bbox 1002 3083 1226 3148; x_wconf 70' lang='lat' dir='ltr'>Puteanicj.,9e·</span> 
     </span>
     <span class='ocr_line' id='line_1_38' title="bbox 276 3149 1228 3219; baseline -0.003 -15"><span class='ocrx_word' id='word_1_351' title='bbox 276 3156 423 3204; x_wconf 86' lang='lat' dir='ltr'>minandum</span> <span class='ocrx_word' id='word_1_352' title='bbox 441 3169 477 3204; x_wconf 86' lang='lat' dir='ltr'>se.</span> <span class='ocrx_word' id='word_1_353' title='bbox 496 3169 531 3202; x_wconf 78' lang='lat' dir='ltr'>eac</span> <span class='ocrx_word' id='word_1_354' title='bbox 548 3166 629 3213; x_wconf 89' lang='lat' dir='ltr'>suum;</span> <span class='ocrx_word' id='word_1_355' title='bbox 655 3149 699 3217; x_wconf 89' lang='lat' dir='ltr'>(si)</span> <span class='ocrx_word' id='word_1_356' title='bbox 719 3154 751 3214; x_wconf 74' lang='lat' dir='ltr'>ej.</span> <span class='ocrx_word' id='word_1_357' title='bbox 772 3152 841 3202; x_wconf 76' lang='lat' dir='ltr'>Pata.</span> <span class='ocrx_word' id='word_1_358' title='bbox 860 3153 899 3204; x_wconf 86' lang='lat' dir='ltr'>ed.</span> <span class='ocrx_word' id='word_1_359' title='bbox 919 3152 960 3202; x_wconf 92' lang='lat' dir='ltr'>Bl.</span> <span class='ocrx_word' id='word_1_360' title='bbox 1034 3151 1055 3219; x_wconf 85' lang='lat'>⁸)</span> <span class='ocrx_word' id='word_1_361' title='bbox 1070 3159 1228 3217; x_wconf 84' lang='lat' dir='ltr'>persequatur</span> 
     </span>
     <span class='ocr_line' id='line_1_39' title="bbox 277 3222 1226 3288; baseline -0.003 -13"><span class='ocrx_word' id='word_1_362' title='bbox 277 3226 341 3275; x_wconf 89' lang='lat' dir='ltr'>illam</span> <span class='ocrx_word' id='word_1_363' title='bbox 355 3225 385 3275; x_wconf 89' lang='lat' dir='ltr'>B.</span> <span class='ocrx_word' id='word_1_364' title='bbox 405 3230 562 3288; x_wconf 88' lang='lat' dir='ltr'>persequatur</span> <span class='ocrx_word' id='word_1_365' title='bbox 576 3223 639 3271; x_wconf 91' lang='lat' dir='ltr'>illam</span> <span class='ocrx_word' id='word_1_366' title='bbox 654 3227 678 3270; x_wconf 87' lang='lat' dir='ltr'>et</span> <span class='ocrx_word' id='word_1_367' title='bbox 696 3222 737 3270; x_wconf 90' lang='lat' dir='ltr'>Vi.</span> <span class='ocrx_word' id='word_1_368' title='bbox 757 3223 802 3272; x_wconf 89' lang='lat' dir='ltr'>Ve.</span> <span class='ocrx_word' id='word_1_369' title='bbox 818 3224 857 3272; x_wconf 78' lang='lat' dir='ltr'>eri.</span> <span class='ocrx_word' id='word_1_370' title='bbox 871 3223 912 3273; x_wconf 90' lang='lat' dir='ltr'>Bl.</span> <span class='ocrx_word' id='word_1_371' title='bbox 934 3223 972 3286; x_wconf 80' lang='lat' dir='ltr'>Cf.</span> <span class='ocrx_word' id='word_1_372' title='bbox 987 3224 1051 3286; x_wconf 83' lang='lat' dir='ltr'>infr.</span> <span class='ocrx_word' id='word_1_373' title='bbox 1067 3239 1089 3274; x_wconf 90' lang='lat' dir='ltr'>c.</span> <span class='ocrx_word' id='word_1_374' title='bbox 1104 3236 1124 3276; x_wconf 80' lang='lat' dir='ltr'>a.</span> <span class='ocrx_word' id='word_1_375' title='bbox 1143 3224 1175 3275; x_wconf 77' lang='lat' dir='ltr'>J..</span> <span class='ocrx_word' id='word_1_376' title='bbox 1191 3233 1226 3274; x_wconf 79' lang='lat' dir='ltr'>ta.</span> 
     </span>
     <span class='ocr_line' id='line_1_40' title="bbox 276 3289 1225 3359; baseline -0.004 -12"><span class='ocrx_word' id='word_1_377' title='bbox 276 3299 299 3359; x_wconf 66' lang='grc' dir='ltr'>ἕ.</span> <span class='ocrx_word' id='word_1_378' title='bbox 314 3309 334 3347; x_wconf 84' lang='grc'>4.</span> <span class='ocrx_word' id='word_1_379' title='bbox 350 3297 381 3345; x_wconf 88' lang='lat' dir='ltr'>L.</span> <span class='ocrx_word' id='word_1_380' title='bbox 393 3306 418 3347; x_wconf 73' lang='grc'>12</span> <span class='ocrx_word' id='word_1_381' title='bbox 428 3311 471 3358; x_wconf 83' lang='lat' dir='ltr'>pr.</span> <span class='ocrx_word' id='word_1_382' title='bbox 486 3295 519 3342; x_wconf 86' lang='lat' dir='ltr'>D.</span> <span class='ocrx_word' id='word_1_383' title='bbox 529 3294 553 3342; x_wconf 79' lang='lat' dir='ltr'>a.</span> <span class='ocrx_word' id='word_1_384' title='bbox 564 3300 581 3342; x_wconf 90' lang='lat' dir='ltr'>t.</span> <span class='ocrx_word' id='word_1_385' title='bbox 634 3289 655 3358; x_wconf 76' lang='grc'>9)</span> <span class='ocrx_word' id='word_1_386' title='bbox 672 3291 709 3354; x_wconf 77' lang='lat' dir='ltr'>Cf.</span> <span class='ocrx_word' id='word_1_387' title='bbox 725 3301 838 3342; x_wconf 87' lang='lat' dir='ltr'>notatum</span> <span class='ocrx_word' id='word_1_388' title='bbox 852 3296 888 3343; x_wconf 88' lang='lat' dir='ltr'>ad</span> <span class='ocrx_word' id='word_1_389' title='bbox 901 3310 957 3357; x_wconf 85' lang='lat' dir='ltr'>cap.</span> <span class='ocrx_word' id='word_1_390' title='bbox 972 3293 1010 3342; x_wconf 92' lang='lat' dir='ltr'>II.</span> <span class='ocrx_word' id='word_1_391' title='bbox 1026 3296 1225 3358; x_wconf 82' lang='lat' dir='ltr'>inscriptionem.</span> 
     </span>
     <span class='ocr_line' id='line_1_41' title="bbox 280 3363 1227 3432; baseline -0.002 -17"><span class='ocrx_word' id='word_1_392' title='bbox 280 3365 311 3432; x_wconf 85' lang='lat' dir='ltr'>l⁰)</span> <span class='ocrx_word' id='word_1_393' title='bbox 326 3368 390 3428; x_wconf 81' lang='lat' dir='ltr'>leges</span> <span class='ocrx_word' id='word_1_394' title='bbox 406 3367 466 3415; x_wconf 76' lang='lat' dir='ltr'>cdd.</span> <span class='ocrx_word' id='word_1_395' title='bbox 482 3365 539 3416; x_wconf 84' lang='lat' dir='ltr'>edd.</span> <span class='ocrx_word' id='word_1_396' title='bbox 564 3363 623 3414; x_wconf 75' lang='lat' dir='ltr'>Vici.</span> <span class='ocrx_word' id='word_1_397' title='bbox 639 3363 761 3413; x_wconf 83' lang='lat' dir='ltr'>Zeitscltr.</span> <span class='ocrx_word' id='word_1_398' title='bbox 781 3363 859 3413; x_wconf 89' lang='lat' dir='ltr'><em>XIII.</em></span> <span class='ocrx_word' id='word_1_399' title='bbox 870 3381 898 3428; x_wconf 84' lang='lat' dir='ltr'>p.</span> <span class='ocrx_word' id='word_1_400' title='bbox 913 3377 947 3416; x_wconf 76' lang='lat' dir='ltr'>nt.</span> <span class='ocrx_word' id='word_1_401' title='bbox 962 3371 986 3414; x_wconf 89' lang='lat' dir='ltr'>et</span> <span class='ocrx_word' id='word_1_402' title='bbox 1001 3366 1064 3428; x_wconf 82' lang='lat' dir='ltr'>infr.</span> <span class='ocrx_word' id='word_1_403' title='bbox 1079 3380 1101 3415; x_wconf 90' lang='lat' dir='ltr'>e.</span> <span class='ocrx_word' id='word_1_404' title='bbox 1117 3377 1151 3416; x_wconf 76' lang='lat'>12.</span> <span class='ocrx_word' id='word_1_405' title='bbox 1166 3366 1190 3426; x_wconf 65' lang='grc' dir='ltr'>ἕ.</span> <span class='ocrx_word' id='word_1_406' title='bbox 1205 3375 1227 3414; x_wconf 79' lang='lat'>2.</span> 
     </span>
    </p>
   </div>
   <div class='ocr_carea' id='block_1_6' title="bbox 276 3432 1227 3586">
    <p class='ocr_par' dir='ltr' id='par_1_7' title="bbox 276 3432 1227 3586">
     <span class='ocr_line' id='line_1_42' title="bbox 279 3432 1227 3520; baseline -0.003 -18"><span class='ocrx_word' id='word_1_407' title='bbox 279 3451 311 3520; x_wconf 88' lang='lat'>¹¹)</span> <span class='ocrx_word' id='word_1_408' title='bbox 326 3456 396 3503; x_wconf 88' lang='lat' dir='ltr'>etiam</span> <span class='ocrx_word' id='word_1_409' title='bbox 417 3453 479 3503; x_wconf 79' lang='lat' dir='ltr'>oda.</span> <span class='ocrx_word' id='word_1_410' title='bbox 494 3453 551 3501; x_wconf 88' lang='lat' dir='ltr'>edd.</span> <span class='ocrx_word' id='word_1_411' title='bbox 579 3450 654 3516; x_wconf 76' lang='lat' dir='ltr'>Sipia</span> <span class='ocrx_word' id='word_1_412' title='bbox 668 3432 737 3502; x_wconf 67' lang='lat' dir='ltr'>mtn&#39;r</span> <span class='ocrx_word' id='word_1_413' title='bbox 756 3467 871 3502; x_wconf 85' lang='lat' dir='ltr'>errorem</span> <span class='ocrx_word' id='word_1_414' title='bbox 893 3459 1054 3502; x_wconf 81' lang='lat' dir='ltr'>creauerunt.</span> <span class='ocrx_word' id='word_1_415' title='bbox 1121 3447 1153 3515; x_wconf 70' lang='lat'>¹²)</span> <span class='ocrx_word' id='word_1_416' title='bbox 1170 3449 1227 3500; x_wconf 87' lang='lat' dir='ltr'>Nan</span> 
     </span>
     <span class='ocr_line' id='line_1_43' title="bbox 276 3522 1226 3586; baseline -0.002 -14"><span class='ocrx_word' id='word_1_417' title='bbox 276 3526 353 3573; x_wconf 88' lang='lat' dir='ltr'>etiam</span> <span class='ocrx_word' id='word_1_418' title='bbox 366 3525 459 3573; x_wconf 85' lang='lat' dir='ltr'>soceri.</span> <span class='ocrx_word' id='word_1_419' title='bbox 486 3522 523 3584; x_wconf 82' lang='lat' dir='ltr'>Of.</span> <span class='ocrx_word' id='word_1_420' title='bbox 539 3522 571 3571; x_wconf 86' lang='lat' dir='ltr'>L.</span> <span class='ocrx_word' id='word_1_421' title='bbox 586 3533 612 3572; x_wconf 79' lang='grc'>14</span> <span class='ocrx_word' id='word_1_422' title='bbox 622 3537 665 3585; x_wconf 84' lang='lat' dir='ltr'>pr.</span> <span class='ocrx_word' id='word_1_423' title='bbox 682 3523 712 3571; x_wconf 90' lang='lat' dir='ltr'>D.</span> <span class='ocrx_word' id='word_1_424' title='bbox 725 3524 748 3572; x_wconf 81' lang='lat' dir='ltr'>i.</span> <span class='ocrx_word' id='word_1_425' title='bbox 760 3530 777 3572; x_wconf 92' lang='lat' dir='ltr'>t.</span> <span class='ocrx_word' id='word_1_426' title='bbox 793 3523 856 3586; x_wconf 78' lang='lat' dir='ltr'>infr.</span> <span class='ocrx_word' id='word_1_427' title='bbox 871 3538 893 3572; x_wconf 90' lang='lat' dir='ltr'>c.</span> <span class='ocrx_word' id='word_1_428' title='bbox 909 3534 942 3573; x_wconf 77' lang='lat' dir='ltr'>re.</span> <span class='ocrx_word' id='word_1_429' title='bbox 957 3524 980 3585; x_wconf 66' lang='grc' dir='ltr'><strong>ξ.</strong></span> <span class='ocrx_word' id='word_1_430' title='bbox 991 3535 1010 3574; x_wconf 84' lang='grc'>6.</span> <span class='ocrx_word' id='word_1_431' title='bbox 1026 3538 1097 3586; x_wconf 83' lang='lat' dir='ltr'>supr.</span> <span class='ocrx_word' id='word_1_432' title='bbox 1109 3538 1130 3571; x_wconf 90' lang='lat' dir='ltr'>c.</span> <span class='ocrx_word' id='word_1_433' title='bbox 1141 3532 1161 3570; x_wconf 77' lang='lat' dir='ltr'>a.</span> <span class='ocrx_word' id='word_1_434' title='bbox 1172 3522 1195 3583; x_wconf 65' lang='grc' dir='ltr'><strong>ς.</strong></span> <span class='ocrx_word' id='word_1_435' title='bbox 1206 3531 1226 3570; x_wconf 77' lang='lat'>2.</span> 
     </span>
    </p>
   </div>
   <div class='ocr_carea' id='block_1_7' title="bbox 869 3691 887 3736">
    <p class='ocr_par' dir='ltr' id='par_1_8' title="bbox 869 3691 887 3736">
     <span class='ocr_line' id='line_1_44' title="bbox 869 3691 887 3736; baseline 0 0"><span class='ocrx_word' id='word_1_436' title='bbox 869 3691 887 3736; x_wconf 53' lang='grc' dir='ltr'>ἢ</span> 
     </span>
    </p>
   </div>
   <div class='ocr_carea' id='block_1_8' title="bbox 0 0 1359 4118">
    <p class='ocr_par' dir='ltr' id='par_1_9' title="bbox 0 0 1359 4118">
     <span class='ocr_line' id='line_1_45' title="bbox 0 0 1359 4118; baseline 0 0"><span class='ocrx_word' id='word_1_437' title='bbox 0 0 1359 4118; x_wconf 95' lang='lat' dir='ltr'> </span> 
     </span>
    </p>
   </div>
  </div>
 </body>
</html>
