2684 4112
264 209 328 272 460
547 226 614 262 mus
626 225 722 263 ravam
735 226 807 262 saur.
827 209 846 262 I.
862 213 886 262 5.
902 214 940 264 6⁸.

264 357 430 428 interuenit,
453 356 558 412 actione
581 356 753 429 negotiorum
776 362 914 429 gestorum
937 364 964 411 et
986 356 1051 428 ipsis
1072 363 1100 411 et
1121 372 1219 412 eorum

264 439 402 498 tutoribus
426 437 570 498 tenebitur.
606 437 634 496 o.
661 432 875 495 ¹Filiusianrilias
898 447 945 494 aut
966 455 1062 496 seruus
1085 441 1108 494 si
1129 457 1218 514 nego·

264 526 331 580 tium
347 523 458 580 alicuius
475 530 562 596 gerat,
577 525 605 578 in
620 530 723 596 patrem
739 523 911 579 dominumue
925 523 1032 596 peculio
1049 529 1129 579 tenus
1144 525 1218 580 actio

264 607 379 664 dabitur.
429 601 458 664 6.
486 605 514 661 Si
542 613 619 679 pater
646 605 690 662 uel
719 605 842 662 dominus
871 623 951 662 seruo
980 606 1024 662 uel
1046 605 1218 663 filiofamilias

264 691 374 766 negotia
396 691 480 746 aliena
502 684 650 763 'gerenda²
677 691 855 758 commiserit,
883 691 909 746 in
932 689 1048 746 solidum
1071 690 1217 749 tenebitur.

263 773 290 832 7.
313 767 411 832 ³Pater
433 775 456 828 si
479 775 636 847 emancipati
659 771 705 828 lilii
720 789 763 828 res
780 774 837 830 sine
853 773 907 830 ulla
919 776 1077 848 exceptione
1092 791 1106 830 a
1121 791 1151 830 se
1166 775 1216 830 do·

264 866 341 914 rratas
357 857 591 920 administrauerit.
607 855 662 912 filio
679 858 783 916 actione
799 859 970 930 negotiorum
983 861 1124 932 gestorum
1140 867 1216 914 tene·

264 942 345 998 bitur.
388 939 418 999 8.
442 940 509 1011 Qui,
531 957 590 996 cum
613 948 688 996 tutor
708 949 852 996 curatorue
872 959 927 998 non
943 950 1031 1012 esset,
1051 958 1101 1015 pro
1123 949 1217 998 tutore

266 1034 426 1083 curatorem
442 1040 484 1080 res
501 1023 596 1099 pupilli
612 1023 731 1080 adultiue
745 1023 952 1096 administrauit,
971 1027 1076 1082 actione
1091 1027 1218 1100 negotio·

263 1127 323 1166 rum
338 1117 479 1183 gestorum
494 1124 543 1180 pro
560 1115 651 1164 tutore
666 1101 846 1165 curatoreue⁴
863 1105 1006 1168 tenebitur,

405 1186 507 1267 [1].47
520 1209 569 1262 pr.
586 1191 613 1262 S.
632 1191 660 1251 1.
683 1191 726 1247 De
741 1193 776 1247 de
791 1207 853 1265 neq.
869 1200 938 1267 qest.
955 1189 995 1266 (3,
1011 1187 1066 1269 5).]

491 1361 553 1402 TIT.
569 1359 598 1404 V.
627 1360 669 1402 Du
685 1361 984 1404 aauvmumaonluvs.

329 1449 373 1512 ⁵1.
397 1453 581 1508 calumniosus
597 1461 648 1525 est,
671 1457 716 1528 qui
731 1457 817 1511 solens
833 1457 1009 1530 prudensque
1029 1473 1077 1530 per
1092 1457 1214 1515 iraudem

263 1540 404 1614 negotium
425 1537 502 1592 alicui
525 1546 671 1610 comparat.
709 1536 738 1596 2.
762 1539 794 1594 Et
815 1541 841 1595 in
867 1542 978 1613 priuatis
1001 1547 1029 1596 ei
1050 1543 1078 1597 iu
1100 1540 1214 1614 publicis

263 1623 367 1679 iudiciis
383 1637 476 1677 omnes
493 1620 649 1678 calumniosi
665 1629 739 1678 entra
755 1623 876 1680 ordinem
896 1641 946 1696 pro
962 1624 1090 1698 qualitate
1105 1624 1215 1682 admissi

263 1707 429 1782 plectuntur.

527 1816 611 1881 8rln.
627 1816 690 1884 mi.
718 1840 944 1885 assummum.

326 1925 349 1985 l.
373 1919 494 1982 ⁷Seruus
517 1942 531 1981 a
553 1925 709 1998 iugitiuario
732 1934 900 1999 comparatus
923 1927 993 1982 inira
1015 1927 1107 1984 decem
1130 1945 1215 1987 aunos

264 2011 414 2068 manumitti
440 2002 564 2066 'contra8
586 2011 683 2083 prioris
711 2008 812 2066 domini
839 2010 1007 2066 uoluntatem
1034 2027 1089 2068 nou
1112 2021 1212 2086 potest.

263 2093 291 2154 2.
314 2089 433 2152 ⁹Contra
455 2093 594 2150 decretum
618 2091 772 2166 amplissimi
797 2093 899 2152 ordinis
929 2095 1074 2168 fugitiuum
1101 2097 1129 2152 in
1152 2096 1228 2172 luga

264 2181 441 2236 constitutum
461 2193 511 2234 neo
532 2193 621 2233 emere
642 2193 692 2232 nec
710 2177 828 2233 uendere
843 2180 1003 2251 permissum
1018 2188 1077 2250 est,
1094 2181 1282 2254 irrogatarum

264 2280 350 2336 poena
364 2265 392 2318 in
408 2270 552 2333 utrumque
573 2263 759 2316 sestertiorum
781 2253 845 2316 ’1³¹⁰
867 2261 979 2318 milium.
1025 2254 1087 2320 ¹¹3.
1109 2263 1214 2322 Limen·

336 2427 357 2494 ¹)
373 2427 412 2491 Cf.
426 2427 458 2476 L.
474 2439 506 2478 14.
522 2427 554 2481 D·
569 2427 594 2476 lt.
609 2433 626 2476 t.
701 2424 722 2494 ⁹)
738 2429 781 2479 Od.
796 2441 829 2480 eo.
849 2429 938 2491 agenda
952 2427 1007 2496 (abi
1020 2445 1033 2480 a
1048 2431 1167 2482 adhaesit
1180 2448 1213 2482 era

263 2499 348 2560 alicua,
362 2512 389 2546 er
403 2503 516 2546 notatam
529 2495 596 2561 erat)
615 2499 710 2561 reliqui
728 2505 753 2548 et
766 2499 824 2550 edd.
843 2501 919 2550 aliena
939 2501 1028 2562 agenda
1047 2503 1141 2564 negotia
1155 2503 1211 2554 edd.

263 2575 355 2618 cantra
368 2582 454 2617 omnes
464 2581 548 2629 paene
564 2567 625 2616 edd.
673 2563 694 2633 8)
708 2567 791 2618 Extat
804 2577 900 2620 mutata
914 2571 941 2620 in
955 2571 987 2620 L.
998 2582 1032 2622 at.
1047 2574 1070 2634 §-
1081 2583 1101 2622 1.
1117 2573 1149 2622 D.
1159 2573 1184 2622 Ιι.
1194 2581 1211 2622 t.

264 2637 285 2704 ⁴)
299 2635 344 2688 Sia
358 2653 392 2686 erc
406 2638 621 2686 demonstratione
635 2639 760 2688 actionem
770 2639 896 2706 dampnat,
907 2657 971 2704 quae
981 2644 1056 2707 oulqo
1067 2646 1212 2706 protutelae

262 2710 368 2759 dicitur.
399 2707 436 2770 Cf.
452 2707 484 2755 L.
500 2720 519 2757 1.
535 2708 574 2768 §5-
590 2720 609 2758 1.
625 2719 645 2759 a.
661 2719 682 2761 4.
704 2708 734 2760 L.
750 2720 770 2759 2.
785 2721 805 2761 e.
820 2723 841 2760 4.
855 2720 875 2762 5.
896 2711 928 2759 D.
943 2712 974 2761 de
989 2715 1091 2778 eo‚qui
1099 2727 1151 2776 pro
1167 2721 1211 2762 tut.

263 2778 307 2844 (17,
322 2777 354 2843 5).
373 2777 405 2830 L.
421 2790 441 2828 t.
463 2777 488 2826 0.
505 2778 549 2841 qui
562 2778 620 2827 dar.
635 2785 685 2828 tut.
699 2777 731 2844 (5,
746 2777 790 2845 84).

336 2847 383 2897 itt.
404 2847 434 2896 V.
474 2843 494 2913 ⁵)
509 2849 548 2910 ἐξ.
565 2859 619 2901 1.1.
637 2857 729 2899 enatant
746 2851 823 2900 etiam
837 2851 864 2900 in
877 2851 988 2905 Conanti.
1003 2865 1024 2913 e,
1035 2865 1054 2904 1.
1073 2859 1212 2916 praeterea

263 2921 290 2969 in
305 2919 336 2969 L.
351 2929 372 2970 t.
391 2918 424 2968 D.
439 2918 475 2968 ad
487 2917 535 2968 So.
554 2918 662 2984 Turpill.
678 2919 722 2983 (48,
737 2919 780 2984 16).

336 2988 384 3042 att.
404 2986 468 3042 VIA.
507 2985 624 3054 ⁰)Toius
641 2996 679 3040 est
696 3005 731 3038 ex
752 2989 777 3042 0.
797 2990 936 3042 Vesontino
955 2999 980 3042 et
997 2995 1082 3044 alieno
1101 2995 1158 3044 loco
1172 2994 1213 3044 laia

262 3067 368 3112 auctore
385 3059 490 3112 Ouiacio
504 3062 624 3110 insertus.
652 3059 740 3124 Mapis
754 3062 819 3110 enim
834 3065 949 3125 pertinet
962 3063 999 3113 aei
1011 3065 1124 3128 officium
1134 3081 1211 3128 prae·

259 3130 324 3194 secti
339 3132 444 3196 oipitum
457 3133 496 3180 oei
510 3132 705 3196 magistratuum
715 3133 915 3194 municipalium,
929 3135 1020 3198 dequo
1031 3135 1140 3184 Paullus
1154 3142 1211 3184 ante

262 3200 337 3252 titI.
358 3201 440 3266 Vistp.
456 3207 551 3266 eperat.
578 3199 616 3262 Cf.
632 3201 711 3252 inser.
727 3200 759 3250 L.
775 3213 794 3252 1.
814 3202 846 3253 D.
861 3204 893 3252 de
903 3205 983 3268 sapit.
998 3203 1043 3270 (11,
1052 3203 1084 3271 a).
1138 3202 1157 3271 ⁷)
1175 3205 1211 3268 Of.

261 3271 293 3324 L.
309 3283 342 3322 11.
362 3272 394 3320 D.
410 3273 441 3322 de
455 3271 599 3321 manumiss.
616 3267 659 3334 (ao,
674 3268 705 3335 1).
724 3270 756 3321 L.
766 3282 787 3321 1.
807 3274 829 3334 5.
840 3283 861 3324 1.
877 3274 909 3325 D.
924 3276 960 3324 ad
973 3277 1021 3341 leq.
1038 3275 1098 3324 Fad.
1115 3273 1211 3341 (41.16).

260 3342 292 3394 L.
308 3354 329 3394 a.
350 3342 375 3392 O.
391 3342 447 3392 eod.
458 3340 489 3407 (a,
499 3339 543 3406 1ο).
596 3335 617 3403 8)
633 3339 723 3390 Malim
737 3357 793 3392 cum
804 3342 1007 3396 Ritterslt.ciira.
1059 3342 1134 3411 9)0[.
1150 3346 1182 3394 L.
1192 3355 1211 3398 1.

261 3413 292 3462 L.
308 3424 328 3466 a,
348 3415 371 3474 5.
386 3424 407 3463 a.
427 3410 457 3460 D.
474 3412 509 3460 ad
523 3413 571 3474 lep.
588 3409 649 3462 Feb.
665 3409 771 3477 (48.15).
791 3413 822 3462 L.
838 3427 858 3466 o.
876 3415 901 3464 O.
916 3417 972 3466 eod.
1027 3411 1060 3482 ¹⁰)
1077 3416 1212 3481 Corripen

261 3479 479 3548 (quinquaqinta).
506 3480 544 3542 Cf.
557 3480 646 3530 Callai.
658 3493 691 3540 14,
701 3493 721 3533 a.
736 3483 759 3544 ἓ.
769 3493 790 3536 6·
839 3481 873 3551 ¹¹)
887 3487 990 3548 §Md
1010 3487 1139 3536 eutantin
1150 3486 1210 3538 Lt-

260 3553 292 3600 J).
308 3553 339 3600 de
351 3553 429 3615 sugit.
444 3548 488 3615 (11,
502 3549 533 3616 4).
