2696 4120
248 246 312 311 296
543 261 605 299 cin
623 265 723 305 rnsrrr.
741 245 788 301 111.
806 251 915 302 44-47.

250 413 349 462 testata
369 404 466 462 liberta
488 405 668 478 moriebatur,
685 409 690 474 Ι
706 405 738 461 nd
760 408 888 477 eundem,
916 408 984 479 quia
1007 419 1075 462 euos
1094 405 1217 463 beredes

247 491 358 565 semina
373 491 483 547 babere
497 507 554 548 non
573 497 677 563 potest,
700 491 848 548 hereditas
864 489 1045 564 peritinebnt:
1070 487 1130 546 'nec
1145 492 1216 548 enim

250 575 322 632 ullus
338 574 401 631 olim
418 578 494 632 atius
508 579 572 632 iare
587 579 667 632 ciuili
680 577 766 632 beree
777 583 850 646 erat,
868 579 917 648 qui
924 568 933 607 ¹
946 577 951 646 Ι
964 583 1060 648 posset
1071 582 1216 648 patronum

249 659 358 716 ebonis
378 659 499 716 libertae
521 653 704 717 ’intestatae²
722 659 874 734 retpellere.
915 655 966 716 44.
984 658 1037 714 Sed
1057 667 1152 733 postea
1173 659 1216 716 lex

250 744 329 818 Papia
340 759 400 800 cum
414 753 544 818 quattuor
556 744 703 800 liberorum
715 747 773 800 lure
785 744 923 800 libertinas
939 743 1024 799 tutele
1036 752 1215 818 patronorum

249 827 377 888 liberaret
393 837 421 884 et
436 845 469 884 eo
484 827 566 884 modo
583 829 746 885 concederet
757 831 795 886 cis
806 831 886 884 etiarn
898 831 956 884 sine
973 829 1080 890 tuttoris
1096 829 1213 884 auctori·

250 921 306 970 tute
317 914 439 970 condere
454 919 663 982 testamentum,
678 917 842 986 prospexit,
860 917 864 982 l
883 921 912 970 ut
923 929 973 987 pro
987 927 1100 968 numero
1116 912 1215 968 libero-

250 1015 320 1069 rum,
342 1013 414 1070 quoe
433 999 537 1054 liberta
553 1001 653 1054 mortis
674 1001 807 1070 tempolre
828 996 963 1069 babuerit,
983 997 1069 1052 uirilis
1089 1013 1153 1070 pers
1168 1013 1216 1070 pa-

249 1091 330 1138 trono
353 1075 518 1146 debentnr;³
538 1090 613 1156 erigo
635 1099 667 1138 ex
689 1082 767 1138 bonis
783 1084 859 1153 elus,
879 1099 948 1156 quoe
964 1097 1060 1138 omnes
1079 1088 1216 1155 quattuor

249 1167 399 1224 incolumes
416 1169 420 1234 l
436 1168 538 1223 liberos
554 1162 721 1242 reliq(ue)rit
736 1183 788 1223 aec
805 1163 941 1240 pluries),
963 1168 1060 1239 quinta
1079 1181 1168 1237 pare,
1191 1169 1218 1222 si

250 1255 301 1324 qai
324 1265 396 1308 uero
417 1258 504 1307 antea
528 1255 533 1318 Ι
555 1253 691 1321 obissent,
719 1248 795 1326 plro)
823 1267 943 1308 numero
972 1245 1089 1326 corbem)
1111 1245 1215 1323 tlaalto

250 1339 369 1406 maiore,
385 1336 408 1390 si
424 1351 531 1406 omnes,
547 1342 606 1392 tota
622 1330 693 1392 tomi
705 1345 709 1398 Ι
723 1338 866 1392 heredites
879 1335 912 1391 ed
927 1343 1072 1408 patronum
1084 1335 1213 1408 pertinet.

313 1415 362 1475 45.
386 1418 459 1486 Quae
483 1420 598 1475 diximus
614 1420 647 1477 de
663 1429 789 1494 petrono,
807 1419 900 1476 endem
916 1419 1107 1493 intellegemus
1123 1418 1286 1486 elidetur}

251 1501 307 1558 lilio
328 1505 453 1576 patroni,
474 1505 539 1560 item
561 1504 594 1560 de
610 1513 710 1576 nepote
731 1503 773 1561 'ex
789 1503 844 1560 filio
861 1501 958 1577 (etde)
975 1506 1136 1578 pronepolte
1151 1499 1215 1578 (ere)

250 1594 354 1657 nepote
369 1579 413 1664 (e)
428 1589 489 1659 filio
507 1591 511 1655 Ι
528 1596 591 1644 neto
612 1583 773 1663 propnnto.⁵
809 1584 859 1648 46.
877 1582 959 1644 tutuo
974 1605 1041 1644 uero
1062 1589 1172 1662 patroni
1189 1597 1216 1643 et

249 1676 345 1742 neptis
361 1688 392 1727 ex
408 1669 463 1728 filio
481 1682 509 1728 et
523 1677 668 1746 proneptis
684 1689 723 1730 ex
737 1683 838 1747 nepote
857 1667 901 1751 (e)
917 1671 972 1729 lilio
994 1681 1057 1729 neto
1078 1680 1216 1746 prognata

250 1755 314 1812 olim
330 1757 437 1829 quidem
454 1751 611 1830 (trabebant
627 1761 708 1815 modo
723 1753 809 1832 idem)
824 1762 883 1827 ius,
908 1760 985 1830 qaod
997 1761 1060 1830 tege
1075 1773 1123 1816 ΧΗ
1138 1757 1215 1813 tabu·

249 1840 335 1896 lnrum
349 1845 352 1908 Ι
366 1849 482 1915 petrono
497 1842 588 1898 datum
601 1852 656 1911 est3
669 1851 780 1916 praetor
792 1846 865 1899 enim
877 1850 965 1899 uocat
977 1847 1087 1900 tantum
1099 1857 1215 1898 maecu-

249 1925 299 1980 lini
318 1942 401 1983 sexus
417 1933 422 1987 1
438 1933 615 2000 patronorum
636 1926 750 1984 liberos:
771 1944 850 1984 acac
871 1943 940 1984 aero
962 1925 1037 1996 fitia,
1059 1933 1090 1982 ut
1111 1932 1215 1983 contra

182 2011 367 2070 testabatur
387 2003 550 2089 testeimenti
570 2010 661 2068 liberti
684 2005 783 2089 (aut)⁷
805 2011 837 2068 ab
858 2013 988 2069 intestato
1012 2019 1109 2068 contra
1129 2010 1215 2066 lilium

189 2089 203 2124 l·
217 2093 234 2124 ¹·
249 2093 407 2169 adoptiuum
420 2095 463 2151 nel
475 2112 587 2152 uxorem
600 2111 734 2152 nurumue
746 2113 814 2170 qnae
826 2097 853 2152 in
865 2113 946 2153 manu
958 2095 1051 2167 luerit,
1067 2087 1216 2174 (dimidiae

243 2175 357 2258 partis)
371 2179 504 2236 bonorum
517 2182 718 2256 possessionem
730 2189 814 2255 petat,
829 2183 910 2237 trium
922 2179 1089 2237 liberorum
1081 2196 1141 2236 ture
1153 2180 1215 2254 lege

248 2264 328 2337 Pupia
339 2267 532 2338 consequitur,
545 2266 623 2322 aliter
634 2265 705 2323 hoc
698 2281 740 2322 tus
753 2283 807 2322 non
819 2264 907 2324 hebet.
929 2260 977 2322 47.
986 2263 1039 2322 Sed
1050 2274 1080 2321 ut
1092 2281 1125 2321 ex
1135 2263 1214 2322 bonis

248 2346 367 2404 libertae
396 2341 543 2406 'testatae⁸
572 2358 703 2421 quattuor
724 2349 824 2407 liberos
848 2350 971 2406 habentis
995 2349 1081 2406 uirilis
1103 2366 1165 2423 pers
1190 2351 1214 2406 el

323 2496 342 2564 ¹)
365 2499 467 2548 Partim
484 2500 623 2550 secundum
641 2499 730 2564 Suppl.
749 2500 786 2551 St.
801 2516 828 2563 p.
850 2500 960 2552 XXXI.
980 2503 1079 2565 partim
1098 2504 1129 2565 ej.
1148 2516 1216 2566 quae

249 2575 327 2618 antea
349 2573 539 2634 conpleverant,
563 2573 665 2622 mutavi.
748 2567 769 2637 ²)
788 2570 891 2634 Scripsi
914 2587 983 2622 auae
1002 2588 1054 2636 pro
1080 2568 1215 2634 ‘inuitum'‚

249 2641 319 2704 quod
341 2648 366 2690 et
388 2642 472 2690 minue
495 2649 582 2705 aptam
605 2649 660 2701 est,
689 2657 736 2692 aee
758 2644 870 2706 epatium
898 2644 1037 2694 secundam
1059 2641 1095 2692 St.
1118 2645 1214 2707 explet

250 2707 270 2776 ³)
291 2710 360 2771 Quae
378 2719 522 2796 sequuntur
541 2727 631 2777 usqae,
639 2714 675 2763 ad
690 2715 768 2776 finem
782 2715 810 2775 §i
823 2729 857 2762 ere
870 2713 958 2777 Sappl.
972 2713 1008 2763 St.
1023 2719 1165 2775 praeeunte
1185 2713 1212 2760 ia

244 2783 428 2846 prioreparte
442 2783 535 2832 Kree
550 2785 707 2834 reticeas.
723 2785 813 2847 refeci.
874 2781 958 2851 ⁴)pra
974 2780 1038 2831 ‘tata
1051 2777 1112 2830 tnm’
1125 2787 1213 2845 potest

248 2854 325 2902 etiam
335 2850 444 2916 friuse‘
448 2851 551 2913 omnis’,
570 2871 620 2919 qao
634 2870 711 2904 sensu
728 2855 810 2904 Gaius
827 2857 937 2917 etiams,
951 2854 1016 2906 eelz.
1030 2869 1052 2902 a.
1068 2854 1213 2916 usurparit

250 2921 350 2988 ⁵)Sie,
377 2940 523 2989 quanquam
541 2927 617 2976 etiam
643 2926 670 2976 V
671 2923 692 2958 'i
716 2941 767 2976 aaa
794 2926 886 2990 ubique
912 2928 1028 2983 iuvante,
1048 2922 1214 2974 scribendum

249 2995 358 3046 videtur.
423 2993 444 3060 θ)
460 2995 546 3046 Etiam
560 2997 637 3046 boiae
651 2999 678 3060 §i
696 2999 884 3048 restitutionem
898 3013 932 3047 eae
952 2995 977 3046 V
979 2991 1000 3028 ‘l
1014 2996 1214 3060 pentemimeri,

248 3067 358 3116 maxime
378 3066 408 3117 ob
428 3061 637 3133 ὀμοιοτέλευτον
659 3070 753 3118 omissa
773 3069 924 3131 supplendo.
999 3064 1019 3132 7)
1039 3065 1084 3116 Er
1104 3081 1160 3116 mea
1181 3067 1214 3129 ej·

250 3133 337 3202 ‘(uel)'
354 3138 393 3186 ed.
405 3136 452 3203 Bp.
509 3135 530 3204 Β)
550 3137 577 3188 V
578 3135 600 3171 'i
608 3140 739 3202 referente
749 3135 873 3203 Kritpero
886 3139 958 3204 (terit.
974 3137 1106 3188 Vereuctle
1116 3153 1145 3201 p.
1156 3134 1214 3202 122).

248 3206 316 3258 Eat.
332 3220 352 3258 1.
368 3221 388 3260 2.
407 3211 585 3272 suppleverunt
606 3207 701 3263 ‘snae'.
735 3209 847 3274 Reliqua
861 3211 966 3274 prioris
985 3209 1063 3258 buius
1081 3209 1108 3270 §i
1127 3209 1216 3272 partie

320 3329 345 3402 ξ.
361 3335 404 3384 44.
425 3333 462 3396 Os.
481 3333 537 3397 Utp.
552 3345 620 3396 ree.
635 3346 654 3385 e.
672 3349 754 3397 capra
769 3346 789 3396 ι,
805 3345 844 3384 194
907 3327 932 3402 ξ.
949 3333 991 3384 45.
1014 3332 1088 3396 Oti.
1104 3341 1138 3383 ne.
1161 3329 1216 3396 Iltp.

248 3417 282 3468 22,
297 3416 317 3455 4.
336 3417 370 3468 rt,
385 3418 405 3456 1.
428 3405 456 3456 L,
470 3415 489 3456 5.
513 3405 546 3454 D.
562 3406 593 3455 de
608 3404 664 3456 boa.
683 3404 765 3455 libert.
782 3402 831 3470 (22,
846 3404 876 3468 2).
895 3419 940 3468 pr.
960 3402 981 3454 Ι.
1000 3403 1032 3452 de
1051 3403 1153 3467 adripe.
1174 3401 1215 3452 lib.

248 3475 285 3538 (2,
300 3475 331 3541 e).
388 3472 412 3544 §-
431 3478 472 3528 46.
494 3475 531 3538 Of.
550 3476 582 3525 L.
602 3489 635 3528 oo.
654 3476 686 3525 D.
707 3477 738 3525 de
758 3475 814 3525 boa.
830 3475 913 3526 libert.
929 3471 974 3539 (22,
989 3474 1020 3538 2).
1076 3469 1100 3541 ξ.
1115 3475 1157 3523 tt.
1175 3471 1214 3535 Of.

164 3589 169 3602 .
248 3548 270 3607 ἓ.
284 3558 319 3598 44.
339 3547 439 3596 libertae
454 3543 524 3614 suae]
540 3548 575 3610 cf.
590 3547 621 3598 L.
637 3559 669 3600 52.
684 3549 707 3609 §-
723 3559 742 3596 1.
763 3546 795 3596 D.
811 3545 844 3594 de
858 3545 927 3595 verb.
941 3547 1009 3610 ripa.
1025 3542 1070 3610 (te,
1086 3541 1131 3608 16.)
1146 3542 1215 3606 qunle

248 3616 296 3664 det.
313 3631 333 3666 e.
348 3613 473 3683 pntr.],cf.
489 3619 512 3679 ξ.
527 3629 560 3669 oo.
