2684 4112
256 180 321 244 420
521 197 649 236 roursrvs
667 196 815 234 uacuum
833 185 946 235 tte-eu.

257 330 336 402 eique
349 319 559 402 ‘subiungatur¹
583 327 653 384 aeris
673 327 840 383 excurrentis
862 334 941 399 nota,
964 325 1135 384 manifestum
1155 333 1208 400 est,

257 428 314 468 eam
329 410 468 468 sedeciens
485 411 631 467 ducendam
647 426 679 467 en
694 410 866 468 adnotatione
880 409 993 468 denarii.

320 491 370 554 64.
390 495 431 551 Ad
446 496 596 568 quinarium
610 502 639 552 et
659 495 830 553 uictoriatum
851 495 982 552 rationem
998 493 1097 551 nouae
1111 491 1210 551 confici

258 580 361 638 nescio:
383 578 607 654 quemadmodum
623 586 722 650 tamen,
745 579 767 633 si
790 579 869 653 uelis,
887 576 1021 648 coniicias,
1041 577 1145 634 facilius
1161 595 1209 653 ap·

257 662 371 737 parebit,
387 663 409 718 si
424 663 499 738 prius
514 663 675 736 inspexeris,
691 661 723 717 ad
739 678 818 736 quern
834 661 942 718 modum
959 663 1123 717 sestertiaria
1137 663 1208 718 ratio

253 745 370 819 vconliat3
387 754 452 803 tunc
470 748 540 804 enim
561 747 729 802 excurrentis
750 747 819 802 aeris
841 745 916 818 leges
938 745 1092 818 exemplum
1105 739 1210 822 '(uet)²

257 831 419 887 denariariae
438 831 559 902 rationis,
584 837 611 886 et
632 828 766 884 dimidiam
788 829 879 902 duces,
902 828 947 884 uel
970 830 1157 903 sestertiariae,
1180 837 1210 886 et

257 914 412 988 duplicabis.
1013 923 1016 928 ’

319 993 367 1059 66,
390 997 430 1054 nd
445 997 600 1054 sestertium
615 997 684 1054 ratio
700 997 722 1052 si
738 993 847 1068 confiat,
862 987 973 1054 ἐειῐιίε3
995 996 1045 1054 hac
1060 1004 1125 1053 nota
1140 997 1207 1062 scri·

256 1083 329 1140 bitur
349 1082 400 1124 ’-—
415 1074 472 1151 'l⁴;
501 1088 613 1136 uocatur
639 1079 727 1136 libella
749 1082 898 1136 teruncius.
943 1089 985 1137 est
1007 1088 1096 1136 autem
1118 1078 1209 1136 libella

256 1167 375 1224 sestertii
390 1164 490 1221 decimu
506 1181 582 1240 pars,
600 1165 738 1239 teruncius
754 1163 966 1238 quadragesima,
983 1179 1051 1236 quae
1066 1162 1134 1220 duae
1148 1165 1209 1220 iun·

256 1258 314 1306 ctae
330 1255 452 1306 octauam
467 1249 601 1318 sestertii,
622 1247 649 1303 ld
665 1254 722 1317 est,
738 1249 891 1318 semissem,
907 1245 1045 1310 cilicinum
1068 1262 1127 1304 nam
1144 1256 1207 1304 octo

256 1333 365 1405 libellis,
379 1331 406 1388 id
422 1340 464 1387 est
479 1339 541 1388 octo
556 1330 675 1401 decimis,
691 1333 804 1387 teruncii
820 1339 899 1401 octo,
915 1329 941 1386 id
957 1337 999 1386 est
1015 1339 1077 1388 octo
1093 1329 1206 1404 quadra-

257 1417 374 1490 gesimae
390 1412 468 1488 (quae
483 1412 551 1470 liunt
567 1420 696 1488 quattuor
710 1416 863 1486 uicesimae‚
879 1414 932 1470 hoc
947 1423 988 1470 est
1000 1415 1067 1470 duae
1078 1413 1206 1486 decimae)

257 1491 374 1556 adiectae
395 1497 533 1572 complent
554 1499 722 1570 sestertium;
765 1493 814 1556 66.
836 1507 902 1554 suut
928 1499 998 1553 enim
1026 1499 1053 1552 in
1079 1499 1206 1554 sestertio

257 1582 362 1639 libellas
385 1581 494 1654 decem,
519 1581 641 1656 singulae
666 1581 781 1656 uiginti,
802 1582 917 1638 teruncii
937 1581 1122 1655 quadraginta.
1159 1577 1206 1640 67.

256 1666 327 1722 lnira
346 1667 482 1725 semissem
502 1681 581 1722 tremo
603 1659 734 1722 'temere⁵
754 1666 887 1722 rationem
908 1667 1099 1722 sestertiariam
1123 1665 1205 1722 ducit.

256 1755 346 1825 potest
361 1757 464 1806 tamen:
479 1765 539 1805 uam
556 1748 698 1825 quadrans,
715 1749 760 1823 qui
776 1757 890 1823 estpars
902 1756 978 1806 senta
992 1749 1093 1805 decima
1105 1757 1207 1804 sester-

256 1837 295 1907 tii,
312 1835 413 1910 poterit
427 1835 515 1890 notari
530 1833 648 1907 singula,
663 1848 733 1906 quae
748 1841 790 1889 est
805 1834 930 1890 uicesima
942 1832 1071 1904 sestertii,
1086 1839 1114 1888 et
1128 1831 1207 1888 diuni-

256 1918 300 1974 dio
315 1918 453 1990 terunciu,
469 1919 515 1990 qui
530 1924 572 1973 est
587 1917 753 1990 octogesima
774 1919 907 1979 sestertii:
928 1933 989 1972 nam
1012 1924 1127 1989 utraque
1142 1915 1208 1972 haec

233 2019 317 2075 ¹pars
339 2003 430 2060 tuncu
452 1999 536 2058 elficit
564 2010 666 2057 sextam
692 1999 832 2059 decimam.
881 1995 931 2058 68.
958 2000 995 2056 As
1017 2001 1105 2056 notari
1127 1998 1207 2055 debet

220 2123 223 2132 λ
255 2087 306 2134 '=
316 2079 372 2159 533⁶
387 2086 454 2142 haec
468 2085 500 2141 ad
515 2086 670 2142 sestertium
686 2092 750 2141 uota
766 2093 878 2142 uocatur
889 2083 956 2140 duae
968 2083 1073 2140 libellas
1083 2082 1206 2157 singulm

256 2170 324 2227 brrnt
338 2169 406 2226 duae
420 2169 536 2226 decimae
552 2178 579 2224 et
594 2169 734 2237 uicesima,
756 2167 808 2225 noo
829 2176 870 2225 est
885 2175 980 2242 quarta
994 2183 1056 2241 pars
1072 2169 1205 2236 sestertii;
1217 2187 1285 2239 [sss]

257 2271 316 2310 nam
332 2263 428 2328 quater
442 2251 518 2307 binae
529 2251 634 2308 libellae
647 2259 709 2308 octo
721 2249 791 2308 fiunt
802 2251 930 2330 decimae,
946 2258 1075 2325 quattuor
1086 2250 1207 2324 singulae

308 2407 348 2476 .²)
364 2410 671 2472 subiniungaturMomms.
686 2411 726 2460 ed.
740 2425 775 2460 ecc
789 2410 820 2460 P.
840 2410 871 2460 V.
923 2405 1088 2476 ²)Suppteui.
1146 2405 1206 2476 8)Α

254 2483 358 2532 semisse
377 2479 531 2529 Maecianus
547 2480 590 2528 bic
609 2481 713 2544 incipit,
733 2496 783 2531 non
802 2487 830 2530 ut
848 2481 875 2530 in
889 2481 1043 2530 denariaria
1058 2481 1160 2530 ratione
1174 2477 1206 2530 ab

255 2552 384 2615 asse,quia
401 2551 437 2599 ad
448 2551 594 2600 sestertium
611 2552 720 2600 maxime
734 2552 846 2600 minutae
864 2552 980 2602 rationes
998 2553 1066 2600 uelut
1078 2551 1110 2600 de
1123 2551 1206 2614 quoti·

255 2623 344 2672 dionis
357 2622 467 2678 olerum,
482 2621 582 2678 carnis,
592 2635 727 2688 pomorum
740 2623 849 2686 aliisque
862 2623 1005 2685 simplas-iis
1018 2620 1207 2670 venditionibus

257 2688 469 2755 conficiebantur,
482 2690 509 2739 in
523 2687 615 2754 quibus
628 2692 704 2740 etiam
717 2693 830 2742 semissis
843 2693 882 2741 uel
891 2692 956 2741 adeo
970 2692 1124 2756 quadrantis
1136 2692 1206 2740 ratio

256 2761 405 2813 iubebatur.
477 2756 499 2826 ⁴)
514 2759 663 2812 inuenisse
681 2776 717 2811 sc.
736 2763 812 2812 etiam
829 2761 872 2812 bic
885 2769 946 2812 nota
960 2762 1013 2821 its,
1032 2777 1104 2826 paam
1122 2759 1205 2810 breui·

250 2834 317 2883 tatis
341 2832 427 2882 studio
451 2830 603 2882 Maecianus
629 2833 722 2882 omisit.
760 2833 798 2895 Os.
818 2834 840 2896 ξ.
857 2843 894 2884 oe.
931 2832 961 2881 ad
984 2832 1119 2882 sestertium
1141 2836 1205 2878 nota.

257 2903 371 2953 Ceterum
385 2902 572 2960 animadverte,
591 2903 691 2968 sipnum
705 2929 740 2939 —
753 2904 906 2966 praeposita
923 2903 1036 2952 sestertii
1054 2908 1114 2952 nota
1128 2902 1207 2950 aliam

254 2973 467 3038 sipnificationem
489 2971 621 3032 babuisse,
644 2988 676 3022 ac
699 2973 724 3022 si
744 2973 810 3021 nibil
831 2979 1039 3036 praeponeretur
1061 2971 1108 3038 (cf.
1129 2972 1152 3033 ξ.
1173 2969 1206 3036 2),

251 3043 362 3108 perinde
381 3048 409 3091 ut
426 3050 487 3093 nota
506 3043 536 3102 S,
558 3057 623 3108 quae
641 3042 684 3091 bic
702 3043 835 3092 dimidium
851 3045 996 3092 sestertium
1016 3045 1033 3092 i.
1053 3057 1075 3092 e.
1094 3043 1205 3106 quinque

255 3113 355 3163 libellos
368 3111 539 3178 sipniflcabat.
569 3112 607 3176 Of.
623 3113 662 3174 ἐξ.
677 3123 711 3164 eu.
727 3124 820 3165 iti-te.
894 3109 916 3179 ⁵)
930 3112 972 3162 Ita
991 3112 1102 3163 Boealrb.
1123 3119 1205 3161 tenere

254 3201 289 3234 ex
304 3184 334 3234 P.
354 3183 385 3233 V.
401 3183 513 3234 Momms.
528 3183 568 3234 ed.
620 3178 641 3247 ⁶)
655 3180 701 3232 Sic
715 3199 771 3232 eam
786 3183 898 3234 Morinis.
913 3198 948 3234 eu
963 3183 993 3232 P.
1014 3183 1044 3232 V.
1059 3183 1127 3232 dedi.
1153 3181 1206 3232 Nec

254 3263 337 3306 tamen
358 3254 482 3306 credibile
500 3259 550 3317 est,
570 3259 655 3302 notam
673 3255 792 3318 sinpulae
805 3256 887 3316 plane
905 3255 1010 3304 eandem
1025 3253 1110 3317 fuisse
1129 3258 1205 3315 atque

252 3327 406 3384 semunciae,
421 3325 453 3374 de
467 3339 517 3388 qua
532 3323 582 3372 oid.
597 3323 621 3385 ὅ.
635 3334 656 3373 t.
670 3330 721 3374 not.
731 3335 752 3374 4.
780 3323 866 3384 Imma,
881 3339 937 3374 eum
951 3331 975 3374 et
989 3325 1046 3387 ipsa
1060 3322 1093 3374 ab
1107 3323 1206 3374 initiati

254 3397 271 3446 S
286 3398 420 3460 inciperet,
434 3393 574 3444 cauendum
588 3399 654 3452 erat,
668 3409 700 3444 ne
714 3395 753 3444 uel
766 3409 822 3443 cum
835 3396 947 3444 semissis
961 3409 1022 3443 nere
1037 3409 1093 3444 cum
1106 3407 1205 3442 semun-

253 3468 311 3516 ciae
325 3473 386 3517 nata
400 3464 610 3526 confunderetur.
638 3461 764 3527 Suspicor
782 3479 843 3514 nero
861 3480 896 3514 em
909 3465 933 3526 ὃ.
949 3475 982 3516 tt.
1001 3479 1087 3514 uerum
1105 3465 1206 3528 sipnum

251 3537 335 3598 fnisse
353 3535 368 3584 ἱ
387 3535 434 3592 uel,
448 3533 517 3598 quad
529 3531 577 3598 Bp.
591 3532 674 3594 babet,
688 3534 705 3584 2
725 3535 743 3584 i.
758 3549 779 3584 e.
793 3533 897 3584 selibra.
