2692 4114
430 241 497 278 svau
513 241 608 278 aarum
626 243 698 279 susa.
717 225 764 278 ΙΙΙ.
784 231 808 280 6.
1037 223 1098 288 507

54 357 58 363 ’
148 372 198 429 dae
219 372 304 444 gratia
327 379 417 444 parata
439 371 508 442 sint,
530 368 715 438 debebantur,
738 370 786 426 sed
806 379 834 426 et
854 364 978 427 'lruaina¹
999 379 1027 428 et
1049 373 1100 428 cri·

150 455 255 512 stallina
276 463 304 510 et
318 463 445 528 argentea
461 461 488 510 et
504 455 590 509 uitrea
614 470 692 523 uasa,
717 463 769 509 tam
791 457 890 510 escaria
913 471 994 527 quam
1016 471 1099 528 pocu-

150 540 223 608 laria,
241 547 269 594 et
284 549 374 594 uestes
390 539 532 594 stratoriae
547 537 638 611 legato
650 538 759 597 cedunt.
796 533 845 595 68.
862 531 955 594 ²Villis
971 539 1015 594 uel
1028 541 1100 612 agris

151 624 292 697 separatim
306 622 403 695 legatis
418 621 533 677 alterum
547 621 623 677 alteri
639 621 718 676 cedit.
763 616 811 676 69.
836 613 946 677 ³Seruls
962 621 1007 678 ‘alo
1023 622 1099 696 lego’

151 700 279 778 legatis,⁴
294 705 406 762 ancillae
422 721 530 779 quoque
545 703 727 760 delebuntur:
750 719 804 760 non
820 706 883 760 item
899 708 988 776 serui,
1003 705 1099 779 legatis

151 789 261 846 ancillis.
299 788 346 845 setl
361 789 515 845 ancillarum
531 787 710 861 appellatione
725 795 778 842 tam
794 789 931 861 uirgines,
949 805 1028 862 quam
1043 807 1099 845 ser·

153 867 270 929 uormn⁵
285 874 361 946 pueri
382 873 569 928 continentur:
586 873 618 926 iis
633 871 736 927 scilicet
751 873 884 944 exceptis,
902 888 971 946 quae
988 870 1099 928 fiduciae

151 950 242 1012 'data⁶
264 965 336 1012 sunt.
373 951 421 1012 70.
445 955 536 1010 Seruis
559 954 763 1010 amanuensibus
785 955 898 1028 legatis,
922 971 1031 1026 amnas,
1054 957 1100 1028 qui

150 1057 183 1098 ea
197 1040 401 1096 conuersatione
418 1031 536 1096 urbana²
553 1031 613 1094 ’00⁸
629 1039 656 1094 in
672 1040 818 1094 ministerio
834 1038 950 1107 luerint,
967 1037 1100 1094 debebun-

151 1132 207 1193 tur,
222 1125 273 1179 nisi
288 1140 320 1178 en
336 1124 376 1178 lais
388 1123 468 1196 aliqui
480 1129 613 1195 perpetuo
625 1121 657 1177 ad
670 1139 739 1195 opus
752 1124 882 1178 rusticum
894 1119 1100 1178 transferantur.¹

149 1204 194 1266 71.
217 1202 384 1263 ⁹ilenatores
406 1207 478 1262 serui
500 1205 544 1262 uel
566 1221 683 1278 aucupes
705 1222 737 1260 an
753 1207 824 1262 inter
839 1205 940 1261 urbana
955 1207 1100 1262 ministeria

151 1293 349 1360 contineantur,
362 1289 471 1346 dublum
483 1291 620 1344 remansit:
637 1297 664 1344 et
679 1289 739 1344 ideo
753 1289 901 1346 uoluntatis
914 1297 956 1344 est
967 1292 1100 1362 quaestio.

152 1375 285 1428 tamensi
307 1372 523 1428 instruendorum
544 1373 760 1446 quotidianarum
782 1372 921 1446 epularum
947 1374 1032 1445 gratia
1055 1373 1102 1428 ha-

153 1456 266 1526 bentur,
295 1455 435 1515 debentur.
484 1449 531 1514 'ist
568 1450 729 1512 ¹⁰lluliones
756 1465 784 1512 et
816 1451 996 1512 'institores¹¹
1030 1458 1101 1512 inter

78 1537 140 1588 [411]
153 1539 254 1596 urbana
276 1539 422 1596 ministeria
444 1539 631 1606 continentum
654 1541 718 1595 item
742 1548 921 1614 opsonatores
937 1548 964 1595 et
980 1541 1100 1596 uestiarii

151 1633 178 1681 et
201 1623 310 1680 'cellarii
320 1615 343 1656 ¹²
369 1631 396 1679 et
417 1622 570 1680 cubicularii
599 1631 628 1679 et
649 1625 742 1678 arcarii
765 1631 793 1678 et
815 1625 911 1696 coqui,
935 1623 1100 1695 placentarii,

150 1715 286 1779 tonsores,
308 1707 435 1780 pistores,
459 1707 596 1778 lecticarii,
619 1699 807 1762 'stabularii.¹³
848 1703 895 1763 73.
922 1699 1098 1762 ¹“l'ecoribus

149 1791 450 1866 legatisquaalrupeales
462 1806 556 1848 omncs
567 1793 748 1859 continentur,
762 1805 829 1863 quae
841 1791 973 1863 gregatim
986 1805 1101 1862 pascun-

149 1883 205 1932 tur.
247 1871 294 1932 74.
325 1868 482 1932 ¹⁵lunentts
504 1874 601 1948 legatis
625 1873 709 1930 boues
731 1890 786 1928 non
809 1875 997 1929 continentur:
1025 1875 1101 1946 equis

149 1975 216 2030 uero
238 1959 333 2030 legatis
356 1975 437 2032 equas
461 1973 569 2030 quoque
592 1957 692 2030 placuit
714 1957 860 2026 contineri,
890 1954 986 2012 ouibus
1013 1965 1102 2012 autern

149 2041 247 2114 legatis
262 2043 324 2113 agni
339 2057 393 2098 non
408 2043 589 2110 continentur,
607 2043 656 2096 nisi
672 2040 798 2096 annuales
814 2041 876 2096 sint.
904 2035 958 2100 15.
977 2031 1098 2112 ¹⁶Grege

150 2165 362 2176 —nn———ua——u-

225 2231 246 2300 ²)
259 2232 304 2283 Sic
321 2249 389 2283 nuuc
408 2240 515 2284 auctare
530 2232 666 2296 liudorsfio
685 2235 720 2282 ad
738 2236 786 2298 lep.
802 2233 870 2283 Acii.
885 2249 913 2298 p.
928 2243 974 2284 485.
992 2247 1043 2296 pro
1063 2248 1101 2290 eo,
1134 2281 1137 2286 .

150 2305 220 2370 quod
235 2304 356 2354 Ouiaciua
368 2303 480 2354 uolebat:
494 2304 597 2366 myrsine
607 2306 710 2366 scripsi.
734 2305 829 2366 byssina
842 2303 903 2353 Odd.
914 2304 971 2353 edd.
1024 2299 1045 2368 ²)
1063 2303 1100 2366 Cf.

151 2376 184 2425 L.
198 2385 232 2428 99.
251 2374 284 2422 D.
299 2375 330 2423 de
344 2389 391 2424 uau
405 2381 430 2424 el
444 2375 528 2438 uausr.
543 2371 588 2438 (99,
603 2372 634 2438 a).
654 2373 685 2422 L.
700 2384 726 2425 to
736 2375 782 2436 liu.
803 2375 834 2422 D.
849 2375 881 2424 de
896 2376 971 2424 inser.
986 2389 1008 2422 o.
1025 2376 1099 2426 inser.

151 2444 196 2512 (99,
207 2445 237 2509 t).
285 2441 359 2511 ¹)Cs.
370 2443 401 2492 L.
412 2455 437 2495 et
448 2459 492 2507 pr.
506 2444 538 2498 la·
553 2455 587 2496 aa.
606 2444 639 2493 D.
649 2445 681 2493 ale
690 2446 738 2509 lep.
747 2456 768 2495 9.
815 2442 843 2509 ⁴),
851 2443 897 2494 Sic
907 2447 1026 2509 plerique
1037 2445 1101 2494 cad.

151 2515 234 2566 Seruis
253 2515 335 2576 legatis
353 2515 410 2564 edd.
447 2513 536 2564 Seruis
552 2517 710 2580 penei-aliter
724 2530 775 2577 per
797 2515 983 2564 damnationem
1009 2517 1102 2580 lepatia

151 2602 203 2636 uou
216 2586 292 2634 etiam
306 2586 418 2634 ancillae
432 2585 494 2634 dari
508 2593 623 2648 possunt.
689 2583 710 2649 5)
725 2585 857 2650 Inteliipe:
875 2587 1055 2649 appellatione.

152 2653 174 2721 ⁶)
189 2655 307 2720 Intellipe
320 2655 404 2705 omnia
418 2657 547 2718 mancipia
561 2657 679 2706 testatori
689 2656 803 2718 fiduciae
817 2655 888 2713 duta,
902 2658 956 2705 siue
969 2657 1101 2704 cervisiae

149 2728 263 2778 ancillae
276 2727 355 2790 lepori
367 2727 426 2775 aiat.
451 2726 519 2774 datae
531 2725 592 2774 cad.
603 2727 661 2775 edd.
686 2724 761 2774 Licet
774 2727 840 2774 euim
854 2733 878 2774 et
891 2726 956 2775 liaeo
970 2727 1100 2788 mancipia

151 2798 283 2848 testatoris
301 2811 335 2845 eae
353 2797 411 2846 iure
432 2795 569 2856 Quiritium
587 2799 639 2846 aiut
657 2797 764 2858 ideoque
781 2796 815 2844 do
829 2797 885 2860 iepo
900 2797 985 2861 lepori
999 2798 1101 2858 possint

149 2866 222 2933 (9.19.
232 2865 419 2932 ξ.9),9εηεναὶἰ
428 2874 510 2916 tamen
520 2869 604 2932 lepato
613 2881 648 2915 eae
659 2867 786 2916 sententia
796 2866 852 2914 eiua
865 2880 915 2915 nou
928 2868 1099 2916 eontinentur.

152 2939 190 3001 Os.
206 2937 238 2986 L,
252 2949 273 2988 9.
288 2939 311 2998 ἓ.
326 2949 346 2988 9.
371 2937 403 2986 D.
418 2938 553 3000 desupeil.
568 2940 616 3000 lap.
632 2937 676 3002 (99,
692 2934 734 3000 10).
788 2932 808 3000 7)
823 2934 971 2985 Licetruri
985 2952 1041 2986 cum
1056 2937 1100 2985 da-

150 3010 218 3058 mino
232 3014 343 3072 apentea.
396 3004 417 3072 ⁸)
432 3014 456 3056 et
471 3007 532 3056 cad.
547 3008 604 3055 edd.
619 3006 753 3070 Intellipe:
767 3007 793 3054 in
808 3007 950 3056 miniaterio
960 3006 1100 3064 scribendi,

149 3093 215 3142 quoe
234 3079 351 3128 dominae
369 3076 445 3126 iubet.
478 3077 607 3141 Viaipotlti
625 3078 684 3125 dum
702 3090 869 3126 amanuenses
888 3079 1100 3140 interpretantur,

150 3151 195 3212 qui
208 3149 244 3197 ad
257 3163 356 3197 monum
369 3149 492 3204 seruiunt,
508 3161 536 3194 eo
551 3149 577 3195 iu
592 3154 617 3195 et
629 3153 797 3196 mutaverunt.
849 3143 871 3212 ⁹)
887 3147 925 3210 Of.
941 3147 972 3196 L.
987 3159 1021 3197 99.
1041 3149 1063 3208 ξ.
1080 3159 1099 3196 t.

150 3219 182 3267 D.
197 3219 229 3268 de
243 3220 291 3282 lep.
301 3229 321 3268 a.
376 3214 408 3280 ¹⁰)
424 3216 462 3279 Cf.
474 3217 507 3265 L:
516 3228 549 3268 99.
563 3218 586 3278 ἓ.
598 3229 618 3267 a.
637 3217 669 3265 D.
682 3217 713 3266 de
724 3219 771 3281 lep.
782 3229 803 3268 9.
827 3215 879 3266 Sed
889 3223 999 3279 praeter
1013 3231 1101 3266 seruos

149 3295 175 3338 ei
188 3289 292 3338 aucillis
306 3286 413 3336 urbauia
431 3288 524 3351 lupatio
542 3289 619 3336 aliter
637 3288 701 3336 laec
719 3301 771 3336 uox
784 3288 922 3349 accipitur.
941 3286 973 3334 L.
988 3298 1022 3336 et.
1042 3288 1064 3346 ξ.
1081 3298 1100 3335 1.

149 3358 182 3407 D.
197 3359 253 3408 eod.
315 3354 348 3424 ¹¹)
364 3357 512 3406 institutores
522 3359 642 3422 plerique
658 3358 719 3406 cad.
741 3357 811 3422 Lepe
825 3364 949 3412 stratores.
1009 3350 1041 3418 l²)
1055 3353 1101 3404 Sia

149 3431 232 3492 aliqui
247 3429 308 3477 oud.
324 3427 442 3478 cellararii
456 3429 516 3488 alii,
530 3428 587 3478 edd.
654 3423 687 3490 18)
704 3428 766 3477 aad.
778 3441 861 3490 paene
875 3440 960 3475 amaea
974 3425 1099 3474 omittunt.

152 3495 185 3563 ²⁴)
202 3498 239 3560 Cf.
254 3498 286 3547 L.
301 3508 334 3549 oo.
349 3499 372 3560 §-
387 3509 408 3548 t.
428 3498 459 3546 Ι).
474 3498 506 3547 cle
520 3500 569 3562 lep.
583 3510 604 3549 9.
657 3495 689 3560 ¹⁵)
705 3497 743 3560 Cf.
759 3496 790 3545 L.
805 3508 838 3546 99.
854 3498 877 3557 §-
888 3507 908 3546 o.
929 3495 960 3543 D.
976 3495 1006 3544 de
1021 3495 1099 3543 aedil.

149 3569 189 3618 ed.
201 3565 245 3633 (aa,
256 3568 285 3633 a).
300 3568 369 3620 hoo
379 3583 422 3632 pr.
438 3568 469 3618 L.
480 3579 514 3620 aa.
530 3570 560 3616 D.
572 3569 603 3618 de
614 3571 661 3633 lep.
672 3580 692 3619 9.
742 3563 773 3631 ιθ>
790 3567 827 3629 Cf.
838 3567 982 3628 L.ut.§.5.
1000 3565 1098 3614 naua.
