2672 4112
454 261 489 296 ou
507 261 618 297 manuve
636 262 715 296 nesus
732 262 763 298 11.
1043 256 1084 313 57

184 386 227 442 M.
250 385 310 442 Non
330 387 412 456 enim,
435 384 544 460 Quinte,
564 395 637 444 recte
653 389 845 458 existimamus,
860 403 928 461 quae
943 404 1031 461 poena
1047 390 1085 446 di·

123 472 183 527 uina
205 471 253 541 sit,
276 469 323 526 sed
347 469 519 543 opinionibus
539 471 616 545 uulgi
637 473 756 544 rapimur
777 473 805 527 in
819 487 941 528 errorem
955 488 1006 528 nec
1022 490 1085 530 uera

122 554 268 612 cernimus.
297 562 385 611 morte
397 561 444 610 aut
455 553 549 611 dolore
562 557 684 628 corporis
700 563 744 611 aut
760 555 836 612 luctu
851 555 930 612 animi
946 566 991 612 aut
1003 556 1085 612 olien-

123 640 199 695 sione
215 637 308 694 iudicii
330 638 469 694 bominum
492 639 612 694 miserias
634 637 827 712 ponderamus,
849 655 918 712 quae
933 639 1022 696 iateor
1037 642 1085 696 bu·

124 739 199 778 mana
214 738 276 777 esse
291 728 319 776 et
341 721 436 777 multis
457 721 535 778 bouis
553 723 624 778 uiris
647 722 788 778 accidisse:
816 723 925 780 sceleris
941 732 984 779 est
999 740 1085 798 poena

123 807 211 862 tristis
227 813 254 860 et
265 811 432 879 praeterens
444 814 569 876 euentus,
586 807 631 880 qui
643 815 784 879 secuntur,
798 823 847 880 per
858 823 887 863 se
900 809 959 880 ipsa
971 810 1084 864 maxima

124 897 176 946 est.
205 889 322 944 uidimus
337 904 396 960 eos,
412 889 468 962 qui,
484 891 536 946 nisi
551 890 672 946 odissent
687 891 810 965 patriam,
827 907 971 964 numquam
987 892 1085 948 inimici

123 971 200 1029 nobis
222 972 351 1043 fuissent,
374 971 492 1028 ardentis
514 980 573 1029 tum
588 972 745 1048 cupiditate,
770 983 826 1028 tum
842 982 926 1042 metu,
949 981 1006 1030 tum
1021 991 1086 1032 oon·

124 1057 250 1125 scientia,
272 1052 430 1128 (quid)quid
451 1065 574 1130 agerent,
600 1057 681 1113 modo
702 1059 833 1129 timentis,
855 1058 974 1113 uicissim
993 1067 1086 1114 oonte-

124 1142 241 1196 mnentis
252 1140 413 1213 religiones,
426 1141 533 1211 iudicia,
548 1149 678 1214 perrupta
688 1141 719 1197 ab
731 1141 815 1197 isdem
832 1141 987 1214 corruptela
1001 1142 1086 1198 homi·

123 1241 200 1296 uum,
222 1240 279 1280 nou
301 1223 424 1282 deorum.
459 1220 510 1280 44.
532 1225 676 1298 reprimam
698 1226 750 1280 iam
772 1233 800 1280 et
814 1241 870 1280 nou
885 1226 1013 1298 insequar
1028 1225 1086 1280 lon·

124 1309 207 1382 gius,
229 1323 314 1381 eoque
336 1308 439 1380 miuus,
461 1324 515 1382 quo
535 1308 597 1382 plus
617 1325 765 1382 poenarum
784 1307 869 1364 habeo
889 1325 968 1381 quam
989 1309 1086 1382 petiui;

124 1399 234 1446 tantum
254 1407 348 1464 ponem
370 1390 456 1468 breui,
480 1391 613 1466 duplicem
635 1407 747 1465 poenam
770 1407 830 1448 esse
857 1391 984 1463 diuinam,
1013 1392 1086 1466 quod

128 1481 242 1532 constat
262 1469 301 1529 et¹
323 1491 351 1530 er
373 1475 503 1532 uexandis
526 1477 650 1532 uiuorum
673 1477 767 1531 animis
789 1484 816 1532 et
831 1492 862 1532 ea
878 1477 945 1531 lama
961 1483 1086 1532 mortuo·

124 1574 200 1629 rum,
214 1565 244 1612 ut
253 1573 343 1614 eorum
352 1561 463 1615 eritium
474 1565 502 1615 et
514 1560 612 1616 iudicio
620 1560 779 1616 uiuorumet
787 1559 885 1633 gaudio
893 1559 1085 1633 conprobetur.

189 1641 276 1698 thtt
299 1638 344 1700 45.
365 1643 432 1716 Agri
454 1651 543 1698 autem
565 1659 599 1698 ne
621 1651 824 1716 consecrentur,
846 1643 953 1700 Platoni
973 1660 1086 1717 prorsus

124 1726 275 1796 adsentior,
296 1727 352 1799 qui,
373 1728 397 1782 si
418 1726 499 1782 modo
520 1728 692 1800 interpretari
713 1735 839 1801 potuero,
861 1727 902 1783 bis
924 1727 981 1783 iere
997 1726 1086 1783 uerbis

124 1810 229 1866 utitur:
252 1806 336 1864 ‘terra
357 1811 456 1882 igitur,
486 1819 516 1866 ut
537 1810 614 1867 iocus
636 1811 849 1883 domiciliorum,
878 1827 952 1866 sacra
974 1811 1087 1866 deorum

124 1894 245 1949 omnium
261 1901 320 1962 est;
337 1895 461 1966 quocirca
476 1910 510 1950 ne
526 1895 586 1968 quis
600 1895 698 1950 iterum
713 1893 784 1950 idem
799 1901 969 1951 consecrato.
993 1909 1087 1948 aurum

124 1985 217 2032 autem
232 1983 259 2032 et
274 1985 418 2050 argentum
433 1979 459 2033 in
475 1978 587 2034 urbibus
603 1985 629 2033 et
644 1979 771 2051 priuatim
787 1986 814 2032 et
829 1979 856 2032 in
871 1977 939 2032 lanis
954 1975 1086 2032 inuidiosa

124 2075 172 2116 res
186 2068 236 2118 est.
267 2069 324 2116 tum
345 2059 412 2116 ebur
431 2078 464 2117 ex
484 2063 555 2118 inani
577 2077 692 2134 corpore
711 2067 859 2116 extractum
879 2059 949 2117 baud
966 2061 1030 2114 satis
1045 2075 1088 2116 ea·

125 2151 200 2200 stum
221 2143 322 2200 donum
342 2144 402 2204 deo.
436 2147 488 2202 iam
510 2162 554 2202 aes
578 2153 659 2218 atque
679 2144 781 2200 ierrum
802 2143 884 2200 duelli
898 2145 1087 2215 iustrumenta,

123 2245 181 2284 uon
197 2227 263 2284 iani.
294 2227 416 2302 ligneum
430 2237 518 2285 autem
535 2229 608 2302 quod
621 2230 666 2302 qui
679 2227 797 2284 uoluerit
809 2244 864 2284 uno
876 2244 890 2283 e
900 2227 975 2300 ligno
988 2225 1088 2298 dinato,

122 2315 245 2386 itemque
266 2311 418 2385 lapideum,
440 2315 467 2368 in
482 2313 599 2370 delubris
615 2311 812 2384 communibus,
834 2311 926 2367 textile
941 2325 976 2366 ue
991 2326 1088 2384 opero·

124 2397 184 2451 sius
200 2412 280 2470 quam
295 2395 415 2452 mulieris
431 2413 500 2470 opus
515 2406 694 2455 menstruum.
724 2394 801 2451 color
815 2403 904 2451 autem
920 2394 995 2450 albus
1010 2411 1087 2468 prae·

124 2481 208 2552 cipue
229 2479 345 2536 decorus
366 2479 418 2536 deo
439 2489 481 2537 est
501 2497 560 2537 oum
576 2482 603 2536 in
618 2487 726 2550 cetero,
749 2486 806 2535 tum
822 2480 934 2534 maxime
949 2480 976 2534 iu
991 2478 1088 2555 textili,

128 2563 215 2618 tincta
229 2579 293 2620 uero
310 2563 399 2620 absint
414 2566 466 2621 uisi
480 2581 495 2620 a
509 2563 613 2621 bellicis
627 2561 788 2637 insignibus.
819 2562 983 2618 diuinissima
999 2569 1087 2618 autem

126 2648 199 2702 dona
214 2664 276 2704 aues
298 2655 327 2704 et
348 2647 451 2703 formae
466 2647 499 2704 ab
515 2665 569 2704 uno
585 2649 689 2721 pictore
704 2663 758 2702 uno
774 2645 913 2702 absolutae
928 2645 988 2714 die;
1010 2647 1087 2702 item-

124 2747 180 2805 que
195 2741 285 2788 cetera
305 2731 386 2786 huius
408 2731 523 2806 exempli
539 2732 608 2788 dona
622 2730 727 2787 sunto?
764 2731 828 2786 haec
842 2729 880 2786 illi
894 2729 1011 2802 placent.
1042 2729 1089 2785 sed

123 2831 179 2890 ego
195 2823 287 2872 cetera
301 2831 357 2870 non
372 2821 428 2870 tam
442 2817 567 2872 restricte
581 2813 722 2890 praefinio,
742 2813 786 2869 uel
801 2815 940 2869 hominum
955 2815 1030 2868 uitiis
1044 2812 1089 2868 uel

123 2898 255 2956 subsidiis
280 2906 431 2972 temporum
450 2901 553 2956 uictus:
576 2907 664 2954 terrae
679 2897 781 2954 cultum
798 2899 951 2971 segniorem
967 2899 1090 2970 suspicor

122 2983 196 3055 iore,
220 2984 244 3038 si
266 2982 298 3038 ad
321 2999 379 3038 eam
402 2983 528 3040 utendam
549 2983 678 3056 lerroque
700 2981 874 3055 subigendam
889 2979 1089 3054 superstitionis

122 3065 229 3141 aliquid
246 3068 402 3122 accesserit.

189 3151 227 3207 Α.
251 3149 341 3206 liabeo
363 3153 428 3206 ista:
450 3167 523 3207 nuno
545 3151 578 3206 de
600 3151 682 3206 sacris
705 3150 843 3223 perpetuis
867 3156 894 3205 et
920 3147 954 3204 de
974 3147 1090 3205 Manium

122 3236 185 3291 iure
200 3241 299 3291 restat.

189 3318 233 3376 M.
257 3317 279 3373 0
300 3318 393 3394 miram
415 3320 587 3390 memoriam,
609 3317 756 3392 Pomponi,
780 3326 861 3372 tuam.
904 3324 931 3372 at
953 3316 1018 3373 milri
1039 3317 1089 3370 ista

123 3403 294 3460 exciderant.

121 3525 331 3535 ..----

200 3581 223 3650 ¹)
238 3589 360 3632 constaret
373 3581 424 3632 AB
436 3579 583 3651 const[or]et
597 3584 635 3632 ed.
647 3583 677 3634 V.
