2684 4112
390 259 517 295 vonvervs
531 257 678 295 nucumve
697 247 809 296 69-76.
1009 241 1073 306 421

124 398 257 464 quattuor
272 386 341 444 liunt
354 389 505 460 tricesimae,
522 388 574 444 lroo
589 395 630 444 est
644 387 712 444 duae
727 387 855 462 decium,
871 405 939 465 quae
954 391 1076 464 superlo-

125 473 200 531 ribus
215 475 323 529 iunctae
334 474 490 528 sestertium
504 469 648 544 complent.
686 467 735 528 te.
751 472 788 527 de
799 475 879 529 semis
892 476 981 530 uoiarl
997 474 1077 532 debet

182 585 216 597 -
230 553 289 627 t'i.
306 563 421 613 uocatur
435 563 492 612 tres
506 555 612 611 libellus
627 555 733 630 singula
748 559 884 613 teruncius
900 565 927 614 et
941 565 1005 614 sunt
1022 566 1077 615 tres

126 641 259 711 decimae,
281 653 334 696 una
349 640 491 711 uicesimo,
511 655 562 694 una
578 637 797 714 quadragesima,
818 641 870 696 hoc
884 650 926 697 est
941 649 1034 716 quarta
1049 651 1077 699 et

126 733 222 781 octaua
242 725 376 792 sestertll3
396 731 543 797 supersunt
564 729 675 779 octeuac
690 725 823 799 quinque,
843 724 869 779 ld
890 733 932 780 est
952 728 1077 782 semisses

127 809 260 883 quinque,
283 815 314 863 ut
336 806 488 881 compleant
502 809 667 864 sestertium.
702 803 752 867 tu.
775 807 929 882 liupoudius
950 809 999 866 bac
1013 818 1077 866 nota

126 891 158 966 S;
176 899 309 948 uocantur
323 891 443 963 quinque
459 889 574 962 libente,
590 904 659 965 quac
674 899 738 947 suut
749 893 869 966 quinque
880 892 1011 966 decimae3
1028 895 1077 950 bac

126 975 276 1050 duplicatae
291 975 446 1031 sestertium
466 973 588 1048 impleut.
624 970 665 1032 71.
683 975 837 1049 Dependius
853 977 934 1031 semis
949 975 998 1032 bac
1012 984 1078 1032 nota

126 1057 145 1114 S
158 1087 192 1100 -
206 1059 243 1127 l3
259 1066 375 1115 uocetur
388 1073 434 1114 sex
446 1055 551 1114 libellas
562 1059 715 1131 terunoins3
728 1067 793 1115 sunt
802 1067 890 1116 autem
903 1074 949 1115 sex
961 1059 1078 1116 decimae

127 1150 155 1199 et
177 1141 390 1216 quadragesima,
412 1141 439 1198 id
462 1149 504 1198 est
518 1139 624 1197 dimidia
645 1150 674 1198 et
695 1149 790 1199 octaua
806 1146 904 1216 totius3
928 1151 1077 1217 supersunt

126 1235 241 1283 octenae
256 1234 325 1296 tres,
347 1226 376 1298 id¹
389 1234 431 1282 est
447 1227 571 1282 semisses
594 1235 665 1297 tres,
687 1235 717 1282 ut
738 1227 892 1283 sestertium
914 1227 1076 1301 compleant.

124 1305 170 1366 ⁷2.
186 1310 289 1366 'lressis
305 1310 354 1365 bac
368 1317 433 1365 nota
448 1309 519 1365 S==
530 1305 569 1381 Ως
586 1318 701 1365 uocatur
714 1319 817 1384 septem
833 1307 937 1368 libellee
952 1311 1075 1385 singulm

126 1399 191 1448 suut
206 1401 295 1448 eutem
310 1409 370 1466 pers
385 1393 492 1448 dimidia
508 1400 536 1448 et
550 1393 618 1450 dnae
633 1393 749 1450 decimae
764 1402 792 1450 et
806 1396 946 1463 uicesima,
967 1395 1019 1452 boo
1034 1401 1077 1452 est

125 1493 190 1550 pars
204 1474 311 1532 dimidia
326 1485 353 1532 et
373 1485 483 1549 quarta3
506 1477 605 1532 desunt
625 1477 692 1532 duae
714 1486 836 1551 octenae,
858 1478 885 1534 id
907 1488 949 1535 est
971 1487 1076 1552 quarta,

125 1576 195 1633 quac
214 1561 304 1615 iuucta
322 1560 430 1634 impleat
450 1561 614 1616 sestertium.
657 1556 702 1619 78.
724 1562 827 1618 Tressis
842 1563 923 1618 semis
944 1563 992 1619 bac
1013 1571 1077 1620 nota

124 1643 143 1699 S
155 1667 197 1690 =
209 1672 249 1684 -
260 1639 327 1716 IJ'l3
361 1652 474 1700 uocatur
495 1652 558 1700 octo
580 1643 684 1700 libellas
706 1646 812 1718 singula
834 1647 988 1710 teruncius:
1012 1654 1077 1702 suut

123 1744 186 1801 pars
198 1726 305 1782 dimidia
321 1734 349 1782 et
364 1735 419 1783 tres
434 1727 551 1784 decimae
566 1735 593 1784 et
608 1729 734 1784 uicesima
748 1737 776 1784 et
791 1728 1008 1803 quadragesima,
1024 1730 1077 1786 boe

124 1819 243 1885 estpars
259 1809 364 1866 dimidia
385 1819 413 1866 et
434 1819 528 1884 quarta
550 1819 577 1866 et
598 1820 711 1880 octaua3
733 1821 858 1886 superest
880 1821 983 1883 octaua,
1007 1828 1076 1886 quae

124 1895 227 1952 adiecta
243 1895 398 1950 sestertium
414 1894 559 1968 compleat.

186 1973 233 2036 74.
256 1977 358 2033 Libella
379 1977 449 2034 diota
469 1977 589 2034 creditur
604 1979 679 2051 quasi
694 1977 801 2052 ’pusilla
815 1971 907 2034 libra.¹
940 1994 999 2034 nam
1015 1994 1075 2036 cuns

125 2061 190 2118 olim
205 2077 277 2117 asses
292 2060 392 2117 libriles
408 2069 517 2132 essent,
538 2069 565 2118 et
580 2061 704 2118 denarius
720 2061 812 2119 decem
827 2077 900 2118 asses
916 2061 1033 2135 ualeret,
1049 2071 1076 2120 et

123 2145 225 2202 decima
239 2162 302 2220 pars
318 2144 419 2202 denarii
434 2143 546 2216 libram,
561 2161 629 2219 quae
645 2145 736 2202 eadem
752 2163 780 2202 as
796 2155 869 2215 erat,
884 2139 1020 2219 'singula²
1034 2162 1075 2202 se·

123 2229 227 2298 libram,
244 2243 311 2302 quae
326 2227 418 2284 eadem
432 2230 513 2286 semis
528 2237 594 2301 crat,
610 2231 748 2286 teruncius
763 2229 939 2303 quadrantem
954 2227 1075 2303 haberet,

123 2315 182 2370 siue
195 2313 343 2368 denarlarla
358 2311 419 2369 siue
428 2313 592 2370 sestertiarla
602 2315 671 2369 ratio
684 2311 875 2383 conficeretur,
886 2313 980 2368 iisdem
992 2313 1074 2384 notis,

122 2395 149 2452 id
171 2405 214 2454 est
235 2395 386 2453 libellarum
409 2404 437 2452 ct
458 2397 623 2471 singularum
646 2405 673 2453 ct
702 2397 897 2468 terunciorum‚
923 2399 1076 2471 praeposita

123 2488 188 2536 nota
203 2480 306 2538 denarii
325 2479 370 2537 uel
390 2481 517 2544 sestertii.
541 2489 570 2538 ut
591 2491 649 2538 erat
668 2482 746 2551 ratio,
763 2497 823 2536 aera
846 2480 1074 2555 exprimebantur.

123 2560 171 2621 75.
199 2561 379 2636 Posteaquam
405 2565 432 2620 in
454 2564 568 2622 sedecim
596 2579 668 2620 asses
696 2565 820 2622 denarius
842 2563 1001 2622 distributus
1023 2573 1075 2636 est,

125 2646 274 2704 denariaria
288 2648 357 2704 ratio
372 2647 522 2722 expeditius
536 2647 632 2706 coelici
647 2651 748 2721 eoepit,
764 2657 793 2704 ut
808 2645 890 2722 supra
905 2648 1005 2706 dictum
1016 2658 1075 2722 est3

126 2731 291 2786 sestertiarla
313 2733 409 2787 mansit
430 2731 480 2787 sub
501 2731 594 2787 iisdem
617 2733 706 2803 notis,
728 2732 815 2788 'aucta
836 2741 923 2788 umen
939 2740 1076 2807 computa-

125 2806 227 2870 tione.³
267 2809 314 2873 76.
338 2814 408 2872 llaec
428 2831 536 2890 quoquc
556 2815 644 2871 libella
666 2813 788 2888 exemplo
808 2818 937 2872 maiorum
957 2819 985 2872 ln
1007 2815 1076 2873 duos

200 2951 220 3022 ¹)
235 2954 280 3005 Ee
289 2956 407 3020 pondere
417 2955 560 3016 dicebatur,
573 2963 602 3006 ut
610 2971 703 3006 aerem
712 2971 833 3016 nummus,
847 2957 933 3008 libella
942 2973 1012 3017 uero,
1025 2974 1076 3009 non

124 3025 205 3079 libra.
225 3028 285 3090 quia
301 3029 352 3076 iem
366 3041 422 3076 cunt
436 3028 554 3076 denariis
571 3034 596 3076 et
609 3030 735 3078 sestertiis
749 3029 881 3092 urqenteie
893 3043 964 3078 usses
977 3029 1077 3078 libriles

125 3098 255 3146 imminuto
265 3097 383 3160 pondere
394 3097 566 3160 feriebantur.
615 3093 636 3162 ¹)
647 3098 723 3148 Dicte
731 3098 853 3160 fortusse,
864 3099 966 3162 quodie
977 3099 1078 3149 duobus

123 3166 227 3216 selibris
237 3169 350 3230 mutum
364 3169 468 3233 sinpula
482 3183 648 3232 unaquaeque
662 3176 726 3217 erat.
792 3165 813 3234 ⁸)
827 3168 886 3219 Hoc
899 3171 938 3220 sic
952 3172 1075 3236 intellipe.

125 3237 185 3286 Cum
200 3237 325 3287 denarius
337 3237 460 3295 sedecim,
478 3240 611 3288 sestertius
624 3246 745 3303 quattuor
759 3251 830 3290 esses
844 3241 930 3289 ualere
944 3243 1076 3303 coepisset,

124 3306 238 3365 libellos,
261 3309 380 3373 simpulue
398 3315 424 3358 ct
442 3309 555 3358 teruncii
572 3311 675 3359 nomino
697 3325 774 3358 sensu
790 3311 910 3374 qeneruli
932 3311 1019 3372 accipi
1037 3312 1076 3358 iu-

125 3383 256 3441 ceperunt,
271 3385 300 3427 ut
312 3380 493 3444 significarent
506 3381 628 3443 cuiusque
646 3382 764 3446 orpcntei
778 3381 883 3438 nummi,
903 3380 946 3428 cui
959 3381 1076 3441 applica·

123 3454 224 3511 rentur,
234 3449 365 3508 decimam,
375 3451 526 3511 vicesimum,
536 3450 757 3515 quadragesimum
763 3455 872 3514 partem.
895 3447 965 3498 Unde
975 3463 1076 3498 necesse

123 3526 188 3577 erut,
203 3525 232 3568 ut
245 3519 271 3568 si
282 3519 319 3568 od
330 3521 474 3569 sestertium
488 3521 557 3570 ratio
572 3519 752 3584 conficeretur,
767 3521 793 3569 iu
804 3520 992 3585 significatione
1006 3521 1077 3569 aeris

123 3590 291 3638 excurrentis
301 3591 454 3654 computatio
462 3597 608 3655 superetur.
629 3591 913 3652 Ponamuseccemplum.
932 3588 1076 3654 Iuontiquo
