2694 4110
265 185 323 221 ven.
340 184 442 221 ovxvsn.
456 183 542 222 resec.
557 183 739 222 cousvxrnrro.
754 167 787 222 II.
802 166 902 221 4-111.
919 174 941 221 1.
1012 163 1071 231 8'41

127 323 178 384 est,
195 313 364 387 quodetiam
381 315 404 370 si
427 313 551 369 mandato
580 315 673 369 uxoris
696 315 837 386 niteretur,
860 323 887 371 et
908 313 1077 371 fraudulenta

55 405 116 456 [ηδ]
127 399 225 454 diuisio
243 397 286 454 uel
300 399 389 453 minus
404 396 522 471 aequalis
542 404 636 469 posset
649 395 765 467 ostendi,
777 413 860 454 uacua
873 406 900 454 et
911 399 995 454 irionis
1006 396 1076 472 'spe-

127 474 248 539 cialiter¹
270 489 431 538 remaneret.
471 477 502 536 4.
521 479 605 549 Adde,
627 479 699 552 quoti
722 481 779 536 siue
802 481 892 536 uxoris
914 483 1078 538 conscientia
1148 527 1152 534 .

126 567 238 622 maritus
261 564 359 621 dicitur
380 563 523 637 delinisse3
551 563 656 637 qualern
679 565 779 637 poterit
801 562 848 636 (id)
872 564 969 621 hahere
991 567 1080 622 uinta·-

125 649 197 706 temi
213 657 259 704 ant
274 648 338 721 quid
356 648 466 720 ualebit,
486 664 547 704 cum
563 649 677 720 primum
692 641 787 704 'hoec²
801 647 930 720 refragari
942 648 1077 706 uoluerit?

125 729 153 789 5.
170 731 222 787 Sed
244 747 278 786 ne
293 731 364 787 lorte
385 727 530 806 dicat(ur):
553 729 692 804 ‘Amplexa
708 747 736 786 es
756 730 915 787 diuisionem
931 739 958 786 et
973 733 1077 804 acquie·
1136 773 1138 776 -

73 811 77 820 '
126 817 191 871 nisti
212 815 293 872 rebus
314 814 432 886 diuisis’,
453 815 672 888 respondendnm
692 823 734 870 est
749 815 881 889 legaliter,
897 823 924 870 et
939 830 989 888 pro
1005 817 1078 872 omni

126 900 243 954 ueritate
263 898 316 955 hoc
336 899 488 973 specialiter
512 898 674 967 habendum,
696 900 758 971 quia
780 901 859 955 etiam
880 901 950 954 inter
964 900 1078 956 maiores

126 997 256 1055 personas
273 989 301 1038 et
311 977 449 1055 'legales,³
458 984 480 1036 si
492 981 662 1038 fraudulenta
675 982 771 1036 diuisis
783 981 852 1038 iacta
863 981 1003 1055 probetur,
1011 981 1078 1057 legi·

127 1066 176 1122 bus
191 1065 365 1137 rescinditur,
381 1073 408 1122 et
429 1081 442 1120 a
458 1064 545 1121 iudice
561 1065 659 1121 diuisio
675 1066 742 1138 ipsa,
758 1065 959 1122 aestimantibus
974 1068 1078 1140 magnis

127 1151 202 1222 uiris,
223 1150 255 1206 ad
271 1150 382 1204 meliora
396 1148 546 1218 reducitur,
562 1157 589 1204 et
605 1148 674 1204 lacta
690 1150 909 1222 compensatione
926 1147 1028 1205 firmior
1039 1150 1078 1205 dl·

126 1234 196 1288 uisio
212 1233 397 1301 constituitur,
421 1233 491 1287 sicut
505 1230 549 1286 lex
570 1232 752 1304 infrascripta
768 1231 886 1288 euidenti
902 1231 1018 1289 lectione
1033 1231 1079 1288 de·

126 1316 217 1372 clarat.
247 1309 277 1372 θ.
294 1314 331 1369 lix
347 1329 462 1388 corpore
476 1313 591 1388 Gregor.
607 1314 675 1371 libro
691 1315 730 1370 lll.
740 1308 769 1370 :⁴

168 1399 253 1472 lmpp.
265 1397 444 1454 Diocletianus
460 1406 487 1454 et
506 1398 674 1454 Maximianus
686 1399 740 1453 ΛΑ.
754 1399 878 1456 Aurellae
890 1399 1016 1457 Senecae.
1037 1401 1079 1456 An

169 1483 278 1554 diuisio,
302 1497 380 1555 quam
396 1484 447 1537 ium
463 1482 560 1539 iactam
588 1497 647 1538 esse
669 1485 816 1557 proponis,
839 1483 957 1540 conuelli
972 1482 1077 1556 debeat,

167 1573 258 1622 rector
272 1567 429 1641 prouinciae
444 1573 586 1640 praesente
608 1575 684 1640 parte
699 1567 807 1623 diuersa
822 1567 967 1640 diligenter
981 1569 1078 1624 exami-

168 1650 257 1708 nabit:
274 1652 337 1706 etsi
351 1649 491 1706 fraudibus
509 1665 566 1707 eam
583 1666 637 1706 non
649 1652 767 1706 carnisse
782 1652 959 1723 perspexerit,
971 1651 1078 1722 quando

168 1735 247 1790 etiam
263 1734 408 1790 maioribus
430 1735 457 1788 ln
472 1749 613 1808 perperam
628 1733 706 1789 lactis
721 1732 898 1788 diuisionlbus
912 1732 999 1788 soleat
1014 1733 1077 1788 sub·

168 1819 265 1888 ueniri,
278 1817 351 1891 quod
365 1816 517 1889 improbum
532 1824 614 1888 atque
628 1816 805 1889 inaequaliter
824 1815 924 1871 iactum
940 1831 999 1872 esse
1014 1832 1078 1873 con·

167 1903 278 1970 stiterit,
299 1902 326 1954 in
349 1899 444 1955 melius
466 1898 630 1954 reformabit.
667 1897 805 1956 l'P.llVll.
822 1898 874 1957 lral.
893 1898 1076 1973 lul.'ipslsVl.

168 1990 195 2038 et
209 1981 366 2038 Constantio
382 1981 423 2036 lll.
440 1976 527 2038 coss.⁵

209 2061 235 2121 7.
259 2065 325 2121 ltem
341 2064 391 2120 alia
406 2064 501 2121 eodem
516 2065 585 2122 libro
601 2072 628 2121 et
644 2080 772 2138 corpore:

167 2148 252 2222 lmpp.
269 2148 449 2205 Diocletianus
472 2157 499 2205 et
515 2149 686 2204 Maximianus
702 2150 757 2208 ln.
786 2150 920 2223 Aproniae
940 2149 1077 2210 Mammas.

168 2231 195 2286 Si
212 2232 309 2288 diuisio
325 2234 397 2288 inter
412 2241 439 2288 te
454 2243 482 2288 et
496 2247 617 2289 sororem
630 2240 703 2289 tuam
718 2247 773 2288 uon
789 2232 859 2290 bona
874 2231 926 2289 ote
941 2233 1010 2290 iacta
1025 2244 1077 2308 est,

170 2317 250 2371 etiam
272 2317 338 2372 citra
360 2316 514 2389 principalis
536 2317 716 2373 restitutionis
739 2317 882 2388 auxilium,
903 2318 976 2390 quoti
998 2319 1077 2376 etiem

169 2397 313 2455 maioribus
330 2399 410 2455 tribui
424 2399 506 2470 solet,
525 2399 558 2456 ad
574 2401 715 2472 aequitatis
738 2410 975 2474 temperamentum
990 2402 1077 2458 reior-

168 2484 234 2538 mari
254 2491 355 2556 potest,
377 2491 438 2539 etc.
469 2482 568 2541 sevi.
584 2483 637 2541 lxal.
653 2484 702 2544 lul.
719 2483 873 2541 Maximiano
888 2484 918 2540 ll.
942 2493 970 2542 et
986 2485 1077 2560 'Aqui-

168 2558 330 2623 lino⁶coss.
1032 2635 1035 2644 ,

209 2649 250 2704 lll.
266 2647 292 2706 1.
309 2650 402 2707 'lertio
414 2650 475 2706 loco
488 2651 532 2706 uel
544 2652 631 2724 capite
648 2651 869 2726 interrogandum
880 2667 922 2707 me
934 2652 1078 2725 specialius

126 2735 271 2805 censuisti,
296 2742 384 2789 utrum
407 2742 500 2790 contra
523 2734 648 2790 iudicium
670 2736 702 2789 iri
730 2737 831 2808 possit,
851 2735 924 2808 quod
946 2734 1076 2792 aduersus

126 2819 249 2874 maritum
272 2819 299 2873 in
322 2835 400 2874 causa
422 2817 542 2874 mulieris
563 2817 639 2891 prius
661 2817 752 2873 datum
775 2825 825 2884 est,
849 2833 891 2883 eo,
908 2817 981 2891 quod
1003 2835 1076 2876 man·

126 2903 189 2957 dato
213 2918 277 2957 usus
300 2901 382 2958 luerit
405 2903 496 2959 uxoris
525 2917 605 2972 suae,
628 2901 710 2957 et’in
733 2917 812 2957 causa
834 2902 890 2974 ipsa
914 2901 1001 2958 nictus
1017 2903 1076 2972 ahs-

126 2977 268 3053 cesserit,⁷
297 2994 324 3041 et
353 2995 446 3042 contra
474 3001 534 3041 eum
562 2985 689 3041 iudicium
711 2985 845 3059 prolatum
867 2985 957 3042 luerit.
995 2987 1076 3043 llddi·

127 3097 337 3108 ----..

199 3148 219 3215 1)
234 3153 251 3200 i.
266 3167 288 3200 e.
303 3155 443 3202 certissime
462 3157 501 3203 uel
515 3169 550 3204 em
567 3154 617 3204 lrac
634 3155 743 3217 speciali
761 3168 849 3202 consa.
923 3149 1003 3218 ¹)hoc
1017 3156 1076 3204 edd.

127 3218 180 3287 θ)ἰ,
195 3237 216 3271 ε,
232 3237 297 3286 qnae
312 3225 366 3288 tepe
380 3223 412 3272 de
431 3223 507 3272 rebus
524 3226 579 3274 aeis
598 3224 770 3275 constituendi
789 3225 829 3272 ius
842 3222 942 3272 labent.
999 3221 1021 3289 ⁴)
1037 3225 1075 3288 Cf.

124 3291 156 3340 L.
171 3304 191 3344 o.
209 3292 234 3342 0.
250 3306 335 3342 comm.
351 3300 401 3341 retr.
417 3293 469 3342 iud.
480 3293 511 3358 (s,
522 3294 558 3359 oe)
568 3303 592 3344 et
602 3295 703 3344 Haenel
716 3295 752 3342 nd
764 3292 808 3343 Gr.
821 3292 846 3342 0.
857 3307 885 3356 p.
897 3303 930 3344 eit.
977 3290 998 3358 ὅ)
1015 3293 1076 3344 Cor·

124 3369 234 3426 ruptum.
263 3363 307 3411 Em
326 3363 348 3412 I.
369 3363 394 3412 0.
410 3366 479 3427 ispe:
497 3365 556 3427 ipsis
571 3366 615 3414 ll.
631 3365 666 3414 lV.
682 3373 706 3413 et
720 3365 837 3414 lll..coss.
852 3362 921 3428 (too).
996 3360 1078 3429 ⁶)Ee

123 3431 221 3482 Sonuit.
241 3436 274 3496 ej.
293 3433 376 3497 Aquila
395 3433 452 3482 edd.
486 3433 534 3484 Est
552 3451 576 3486 α.
595 3447 642 3487 2⁸6.
717 3431 737 3499 π)
755 3435 780 3483 ll.
800 3449 821 3484 e.
841 3441 900 3483 ante
918 3436 1077 3495 senteutiam,

122 3518 199 3566 quum
212 3519 239 3552 se
254 3505 347 3552 victum
360 3506 475 3561 sentiret,
489 3505 645 3555 discesserit.
