2672 4112
460 241 496 274 ns
514 239 626 276 suemus
644 239 722 276 murs
739 241 758 277 1.
1049 236 1089 294 27

124 363 315 440 aquationibus
335 363 493 421 familiarum
515 364 720 438 distinguuntur
735 373 832 436 status,
849 367 881 438 ‚id
896 369 925 425 in
939 383 1030 424 rerum
1043 385 1090 426 na·

126 458 183 505 tura
197 456 277 505 tanto
293 457 336 504 cst
351 446 566 522 magnificentius
582 456 715 521 tantoque
729 450 902 523 praeclarius,
922 459 953 508 ut
967 451 1090 508 homines

124 533 239 588 deorum
261 533 406 606 agnatione
426 539 456 588 et
470 540 552 606 gente
567 540 719 588 tencantur.
752 532 814 590 Vlll.
836 528 884 592 24.
904 551 966 590 nam
980 551 1041 591 oum
1056 535 1090 590 de

125 624 220 672 natura
235 616 353 672 hominis
368 618 526 688 quaeritur,
541 615 674 688 disputari
690 616 776 687 solet,
793 612 839 691 (et)
856 619 982 674 nimirum
996 620 1034 674 ita
1049 628 1090 675 est

125 705 156 754 ut
170 699 343 772 disputatur,
358 701 497 772 perpetuis
512 698 636 756 cursibus
651 697 951 776 conuersionibns(que)
968 702 1090 759 caelesti·

125 783 177 840 hus
197 784 324 838 extitisse
352 783 485 855 quandam
507 783 687 840 maturitatem
708 783 817 840 serendi
839 787 946 858 generis
969 784 1088 857 humani,

126 865 201 940 quod
220 882 345 938 sparsum
365 867 393 921 in
407 873 495 922 terras
509 874 591 939 atque
602 875 691 924 satum
706 866 799 924 diuino
814 875 921 924 anctum
937 870 972 924 sit
986 871 1089 926 animo·

126 966 187 1006 rum
198 965 322 1020 munere,
334 966 471 1024 quomque
483 950 543 1018 alia,
556 948 651 1023 quihus
663 949 841 1006 cohaererent
851 952 983 1023 homines,
995 968 1088 1010 emor·

125 1033 173 1090 tali
187 1049 289 1107 genere
303 1035 479 1106 sumpserint,
495 1048 563 1107 quac
578 1033 683 1106 fragilia
697 1041 789 1090 essent
803 1043 832 1090 et
846 1034 952 1106 caduca,
973 1037 1090 1092 animum

126 1133 188 1174 esse
208 1118 397 1189 ingeneratum
417 1133 433 1172 a
453 1117 515 1174 deo.
545 1133 578 1171 ex
597 1133 652 1189 quo
674 1133 739 1174 uere
754 1116 799 1172 uel
813 1119 922 1190 agnatio
937 1117 1014 1173 nobis
1029 1135 1090 1175 cum

126 1199 288 1256 caelestibus
303 1200 348 1256 uel
363 1216 449 1272 genus
464 1200 510 1256 uel
524 1201 608 1273 stirps
622 1200 751 1272 appellari
766 1209 867 1274 potest.
896 1203 986 1274 itaque
1001 1217 1034 1256 ex
1048 1209 1091 1258 tot

127 1282 276 1357 generibus
298 1283 402 1340 nullum
424 1292 468 1340 est
488 1283 586 1339 animal
608 1291 717 1356 praeter
737 1284 881 1354 hominem,
905 1285 979 1358 quod
994 1284 1091 1342 lrabeat

126 1368 254 1422 notitiam
268 1365 380 1439 aliquam
394 1367 448 1438 dei,
468 1368 589 1440 ipsisque
599 1367 627 1422 in
642 1365 795 1424 hominibus
810 1367 885 1424 nulle
899 1380 967 1441 gens
983 1375 1088 1426 estne·

129 1465 188 1523 que
202 1457 256 1504 tam
270 1458 405 1506 mansueta
419 1467 508 1523 neque
522 1459 575 1506 tam
590 1449 655 1520 iera,
671 1467 739 1523 quae
754 1467 820 1521 non,
841 1453 920 1508 etiam
936 1453 958 1507 si
970 1454 1088 1525 ignoret,

126 1533 239 1606 qualem
259 1531 354 1589 labere
372 1534 452 1590 deum
474 1533 583 1609 deceat,
606 1541 695 1590 tamen
716 1532 866 1590 habendum
880 1538 957 1595 sciat.
985 1532 1033 1594 25.
1057 1552 1090 1592 ex

126 1632 183 1691 quo
204 1613 322 1672 efficitur
342 1617 419 1688 illud,
438 1624 469 1673 ut
488 1619 511 1674 is
533 1625 662 1690 agnoscat
677 1616 767 1690 deum,
788 1620 845 1691 qui,
867 1619 938 1675 unde
954 1627 1031 1675 ortus
1043 1621 1089 1690 sit,

19 1703 20 1746 3
127 1701 204 1773 quasi
218 1699 380 1756 recordetur
394 1717 424 1756 ac
438 1696 557 1756 noscat.¹
585 1702 637 1756 iam
651 1717 719 1756 nero
734 1703 822 1758 uirtus
834 1702 927 1759 eadem
940 1704 970 1760 in
980 1703 1088 1759 homine

126 1802 159 1840 ac
173 1782 224 1839 deo
240 1792 283 1840 est
298 1800 387 1856 neque
401 1785 453 1840 alio
470 1784 525 1840 ullo
540 1785 568 1839 in
584 1801 683 1858 genere
698 1793 854 1857 praeterea3
870 1794 913 1842 cst
927 1794 1017 1842 autem
1033 1788 1088 1842 nir·

124 1877 170 1924 tus
190 1867 259 1922 nihil
280 1867 351 1922 aliud
373 1869 424 1922 nisi
445 1867 565 1941 perlecta
585 1877 613 1924 et
627 1868 660 1923 ad
674 1884 808 1924 summurn
829 1869 960 1942 perducta
980 1877 1087 1924 natura:

19 1969 21 2028 ξ
127 1960 171 2008 est
183 1953 269 2024 igitur
283 1951 385 2006 homini
400 1967 460 2006 cum
476 1951 526 2006 deo
541 1950 698 2010 similitudo.
729 1950 802 2024 quod
823 1966 883 2006 cum
899 1953 935 2006 ita
950 1954 1000 2022 sit,
1022 1967 1089 2024 queo

20 2065 22 2124 ζ
126 2033 234 2090 tandem
255 2051 316 2090 esse
337 2043 429 2108 potest
448 2036 560 2108 propior
574 2035 710 2090 certiorne
724 2034 868 2105 cognatio?
888 2037 978 2107 itaque
993 2034 1026 2089 ad
1041 2035 1089 2090 ho·

128 2120 231 2173 minum
249 2118 455 2174 commoditates
475 2127 502 2174 et
524 2134 590 2174 usus
610 2124 712 2174 tantam
726 2132 817 2173 rerum
833 2116 981 2172 ubertatem
996 2127 1090 2173 natura

125 2201 227 2274 largita
240 2209 292 2273 est,
307 2211 339 2257 ut
354 2218 395 2272 ea,
410 2217 478 2275 quae
493 2203 654 2276 gignuntur,
670 2201 768 2256 donata
782 2200 908 2257 consulto
924 2201 1013 2271 nohis,
1035 2217 1089 2256 non

21 2339 22 2342 ,
124 2285 244 2341 fortuito
266 2294 327 2342 nata
349 2286 501 2353 uideantur,
525 2300 575 2342 nec
597 2284 686 2340 solum
708 2300 748 2355 ea,
771 2301 839 2357 quae
861 2283 985 2357 frugibus
1007 2292 1088 2357 atque

124 2368 200 2424 bacis
210 2375 297 2424 terrae
308 2368 367 2426 ictu
378 2369 590 2442 profunduntur,
603 2367 742 2424 sedetiam
754 2367 871 2440 pecudes
885 2361 1016 2440 ’quoque²
1029 2384 1088 2441 per·
1162 2367 1165 2373 '

21 2449 22 2460 *
126 2453 251 2524 spicuum
270 2454 306 2508 sit
327 2454 423 2526 partim
439 2468 499 2510 esse
514 2452 547 2508 ad
557 2468 636 2508 usum
648 2453 797 2521 hominum,
812 2451 949 2524 partimad
960 2451 1088 2522 fructum,

125 2535 227 2609 partim
247 2535 280 2591 ad
302 2535 465 2592 uescendum
487 2543 651 2609 procreatas.
688 2530 736 2592 26.
758 2543 829 2590 artes
850 2550 916 2592 uero
938 2536 1088 2590 innumera·

125 2617 195 2674 biles
210 2627 334 2693 repertae
348 2627 414 2675 sunt
429 2618 544 2676 docente
558 2628 668 2689 natura,
691 2634 771 2691 quam
791 2619 891 2674 imitata
912 2619 981 2674 ratio
997 2633 1041 2674 ros
1056 2617 1089 2674 ad

123 2704 211 2758 uitam
235 2705 401 2759 necessarias
422 2702 549 2758 sollerter
568 2709 712 2758 consecuta
735 2709 786 2757 est.
821 2701 863 2758 lll.
891 2702 979 2773 ipsum
999 2709 1089 2758 autem

21 2811 23 2820 ν
121 2787 263 2842 hominem
285 2785 379 2842 eadem
401 2795 495 2842 natura
516 2801 571 2842 non
592 2785 681 2842 solnm
703 2784 841 2842 celeritate
860 2785 957 2840 mentis
972 2786 1088 2857 ornauit,

121 2869 172 2925 sed
188 2877 218 2925 et
231 2884 328 2925 sensus
341 2878 475 2942 tamquam
489 2869 618 2926 satellites
634 2868 761 2924 adtribuit
775 2884 806 2924 ac
819 2869 939 2937 nuntios,
956 2875 984 2922 et
997 2883 1089 2926 rerum

59 2971 63 2982 ’
121 2953 302 3027 plurimarum
317 2952 444 3010 obscuras
460 2950 522 3026 (set)
539 2944 718 3009 necessaries³
737 2951 937 3025 intellegentias
953 2944 993 3007 ei3
1007 2952 1088 3007 dona·

120 3038 165 3092 uit
180 3037 260 3109 quasi
274 3035 447 3094 fundamenta
463 3035 593 3110 quaedam
612 3037 757 3106 scientiae,
780 3033 949 3109 figuramque
965 3036 1088 3108 corporis

120 3119 242 3176 habilem
257 3129 286 3178 et
300 3127 390 3193 aptum
404 3121 513 3194 ingenio
529 3120 645 3176 humano
660 3117 747 3176 dedit:
763 3135 823 3174 nam
839 3135 899 3175 cum
914 3126 1017 3174 ceteras
1032 3119 1088 3174 ani·

120 3211 230 3260 mantes
252 3201 394 3260 abiecisset
412 3205 445 3262 ad
464 3212 581 3277 pastum,
602 3202 691 3258 solum
712 3203 847 3259 hominem
861 3204 946 3258 erexit
962 3202 995 3258 od
1010 3202 1088 3258 caeli·

199 3403 220 3472 ¹)
235 3415 349 3469 agnoscat
366 3405 422 3457 AB.
441 3414 467 3457 et
484 3414 597 3469 agnoscat
614 3409 653 3458 ed.
664 3407 695 3456 V.
730 3402 751 3473 ²)
770 3407 832 3471 qood
842 3405 898 3455 AB.
932 3403 954 3470 ⁸)
973 3406 1088 3454 obscuras

120 3491 167 3527 nec
187 3478 248 3526 satis
267 3477 444 3540 intellegencias
460 3475 595 3542 (mutatum
614 3480 641 3526 in
660 3478 759 3543 gendes)
780 3484 803 3526 et
821 3477 877 3526 AB.
909 3477 1024 3524 obscures
1043 3488 1087 3522 nec

120 3549 183 3596 satis
198 3559 235 3599 *aa
248 3548 421 3610 intellegentias
436 3555 460 3597 ct
473 3548 512 3597 ed.
533 3548 563 3598 V.
580 3548 618 3610 Of.
634 3561 654 3610 1,
669 3559 703 3610 ss,
718 3559 751 3600 oe.
767 3548 799 3596 de
809 3549 855 3609 fin.
870 3555 891 3606 o,
906 3556 940 3606 21,
955 3555 988 3596 ue.
