2680 4118
271 134 331 198 740
499 151 597 188 nucu.
617 153 671 189 ινα.
690 151 751 188 non.
771 151 858 189 vanno.
877 141 988 188 te-to.

270 297 380 354 quoque
391 283 594 354 castigationem
610 281 766 340 fructuario
779 289 948 354 competere,
966 281 1091 338 Sabinus
1103 297 1232 354 respou-

268 366 309 421 dit
324 372 351 420 et
364 362 482 422 Caesius
495 367 544 422 tib.
569 364 651 423 VIII.
663 367 731 422 turis
745 365 832 421 ciuilis
847 365 952 437 scribit,
967 367 1005 421 ita
1015 374 1046 421 ut
1061 381 1150 439 neque
1166 372 1231 422 tor-

269 455 367 519 queat,
388 463 480 522 oeque
493 451 618 522 ftapettr's
633 451 753 518 caedat,
774 448 875 522 'neque
893 464 995 520 operae
1011 448 1185 522 gladiatoriae
1203 451 1233 506 ei

270 547 336 588 assus
351 534 401 596 sit;
423 536 481 589 uisi
500 535 577 606 quod
593 535 632 590 ad
651 533 824 590 intuentium
839 537 866 590 ei
880 527 1055 589 eaistiment'·
1077 540 1231 606 conpetere

269 631 360 688 posse.
397 614 431 672 Ut
447 631 513 672 uero
535 615 657 690 'pugnat
678 617 890 674 concedendum
905 617 933 672 ei
946 631 1019 687 esse,
1043 616 1159 674 Cassius
1173 633 1231 674 ue·

267 693 342 772 put¹
384 698 463 756 Idem
482 707 510 756 et
531 698 662 769 Scitam,
685 699 808 772 quamuis
829 693 920 755 nauis²
942 700 1099 772 usufructu
1120 703 1229 772 tapeto,

268 786 435 856 naur'potum
451 799 514 840 eam
528 785 692 840 mittendam
709 791 809 855 putot,
833 783 897 839 iicet
918 783 1052 858 naufragii
1071 785 1230 857 periculum

268 869 427 931 immineam
448 863 549 940 'aeque
564 869 595 924 id
615 870 794 924 contrarium
817 861 893 930 est,·¹
917 883 1002 924 naues
1025 867 1094 924 enim
1117 865 1229 937 adhoc

251 1015 252 1020 η
271 956 409 1024 parantur,
425 956 456 1007 ut
470 953 616 1023 rumpent,
631 948 697 1007 'nou
711 954 778 1008 item
792 953 881 1020 serui,
897 957 928 1007 ut
938 945 1094 1024 pupueut.¹
1108 1005 1113 1013 ,

163 1022 270 1101 *issffl‘
333 1029 379 1092 73.
404 1027 431 1090 ³.
450 1075 457 1092 .
475 1075 482 1090 .
499 1033 532 1090 Si
547 1032 637 1105 Titia,
660 1051 724 1091 cum
746 1035 797 1090 tihi
814 1033 920 1105 fundos
942 1043 969 1090 et
991 1035 1119 1108 manpria
1141 1033 1228 1091 dona·

162 1107 259 1144 “⁴7⁰³
270 1124 324 1189 ret,
341 1118 553 1190 usumfructum
569 1133 667 1175 eorum
682 1117 736 1174 sibi
749 1125 776 1174 et
789 1119 888 1174 literis
901 1119 1106 1174 interueniente
1122 1120 1228 1190 recepit

268 1203 450 1275 stIpotatioue
465 1205 598 1274 eiusque,
620 1217 695 1275 quae
711 1203 750 1257 ad
763 1217 795 1257 se
809 1207 969 1273 spectaret,
993 1201 1089 1258 utendi
1104 1199 1226 1258 fruendi·

268 1300 321 1356 que
336 1285 420 1357 partis
432 1287 626 1342 condicionem
640 1287 740 1342 tiberis
754 1288 896 1342 concessit
909 1288 960 1356 ita,
976 1291 1008 1340 ut
1022 1287 1136 1340 incitem
1152 1285 1227 1341 uitae

267 1382 331 1422 snae
347 1383 379 1422 ox
395 1370 541 1424 uoluntate
556 1373 657 1426 matris
672 1376 728 1426 toto
747 1369 937 1440 fruerentur,
959 1369 1025 1425 iude
1039 1370 1117 1441 quod
1127 1375 1224 1440 parte,

267 1467 353 1524 quum
368 1454 428 1523 ipsa
443 1450 575 1523 habuerit,
598 1467 685 1526 usque
708 1454 734 1507 in
758 1453 862 1508 otricum
884 1455 946 1510 eius
963 1450 1052 1522 fruiti
1069 1459 1142 1522 suut,
1165 1469 1226 1508 uou

268 1537 352 1590 etiam
367 1541 470 1592 uoctos
485 1550 547 1592 esse
560 1539 603 1592 ius
618 1537 702 1610 partis
715 1535 837 1606 alterius,
853 1535 1026 1608 adprobatur
1040 1539 1112 1592 iuris
1124 1541 1225 1592 aucto·

268 1621 355 1676 ritate
372 1659 378 1673 .
396 1659 403 1674 .
421 1659 427 1674 .
444 1627 472 1676 et
486 1617 602 1675 Paterno
618 1613 723 1678 conss.4

161 1690 263 1771 fflfffls'
329 1697 377 1758 ⁷4.
401 1743 409 1759 .
426 1743 433 1760 .
450 1743 458 1759 .
473 1702 530 1760 Aui
543 1709 710 1760 testamento
726 1703 883 1775 usufructu
897 1703 994 1759 tiberis
1010 1707 1066 1759 tuis
1086 1701 1131 1759 ‘cio
1145 1702 1223 1776 tepo’

266 1789 373 1861 leporio,
396 1789 423 1842 si
435 1802 467 1842 ex
482 1787 524 1842 his
539 1785 621 1860 aliqui
641 1793 836 1858 montensem,
859 1789 920 1842 eius
938 1802 1013 1858 pars
1034 1790 1098 1844 iure
1120 1801 1224 1844 accre-
1236 1799 1293 1847 [aas]

265 1871 369 1928 scendi
382 1871 422 1927 oei
435 1877 547 1928 ceteros
559 1873 686 1942 pertinet
691 1895 700 1934 ,·
717 1871 826 1943 quodsi
838 1885 887 1944 per
898 1869 1093 1926 damnationem
1108 1870 1225 1928 heredis

266 1959 387 2012 testator
400 1955 525 2028 tepotum
539 1957 670 2027 reliquit,
694 1957 815 2024 ceteris,
837 1955 939 2027 quibus
960 1954 1107 2026 tepauerit‚
1131 1953 1224 2011 tiberis

266 2041 367 2094 mortui
379 2053 454 2110 pars
467 2053 641 2094 accrescere
659 2054 716 2095 uon
736 2044 830 2108 potest
832 2077 938 2094 .....
1153 2033 1155 2038 ’

154 2115 252 2194 Lykia
332 2116 390 2178 ⁵⁷5.
412 2121 490 2193 ’Uip
501 2123 549 2178 tib.
561 2121 664 2178 XVII.
679 2123 719 2178 cd
729 2121 797 2178 Sao.
815 2117 864 2196 (1.)
886 2121 1046 2192 Usufructu
1060 2123 1162 2194 leuato,
1178 2131 1225 2178 est

152 2197 190 2236 ΑΒ
202 2198 254 2235 W·
267 2207 343 2263 iuter
354 2197 544 2277 fructuarios⁶
555 2206 596 2261 ius
609 2205 789 2274 accrescendi,
803 2205 850 2261 sed
862 2205 927 2262 ’nou
940 2206 1104 2274 omnimodo,
1120 2219 1225 2261 uerum

265 2290 295 2344 iu
315 2305 371 2360 per
389 2292 627 2360 praeceptionem
644 2281 685 2344 et6
706 2291 733 2343 in
757 2288 803 2344 ‘do
826 2287 901 2362 lego’
924 2288 1024 2361 legato,
1048 2287 1137 2344 ’modo
1154 2305 1224 2346 cou-

266 2375 384 2428 iunctim
397 2375 509 2444 lepatus
524 2376 569 2430 sit.
607 2379 733 2447 ceterum
749 2377 775 2428 si
788 2365 958 2443 separatim⁷
982 2372 1170 2444 ususfructus
1186 2375 1223 2428 sit

266 2453 388 2524 relictus,
399 2455 457 2510 sine
469 2455 550 2510 dubio
563 2459 608 2511 ius
619 2456 809 2512 adcresceueii
818 2464 922 2513 cessat.
940 2453 992 2526 (2.)
1003 2455 1134 2528 Denique
1143 2458 1225 2526 apud

266 2537 411 2594 Iulianum
426 2535 471 2596 lib.
488 2537 586 2595 XXXV.
602 2537 661 2611 Dig.
677 2541 825 2612 quaeritur,
845 2541 868 2595 si
883 2543 1023 2596 communi
1037 2553 1123 2596 seruo
1139 2555 1222 2596 usus·

340 2710 360 2779 1)
378 2713 452 2763 Haec
473 2715 500 2764 iu
522 2715 582 2780 nep.
604 2717 697 2766 omissa
718 2717 753 2765 cd
770 2717 920 2766 seutentiam
938 2717 1049 2765 restitui.
1085 2714 1222 2781 (Similiter

268 2783 393 2849 Mortuos.)
449 2781 469 2850 Ἰ)
483 2783 622 2850 Sequentia
637 2793 732 2836 ucutata
747 2793 851 2836 exstent
864 2786 896 2836 L.
912 2796 944 2836 12.
965 2789 987 2848 §-
1003 2799 1022 2837 1.
1043 2787 1074 2835 D.
1090 2788 1122 2836 de
1136 2787 1221 2849 usufr.

227 2875 233 2888 ·
268 2854 299 2919 (t,
314 2854 345 2920 1).
376 2854 414 2917 Of.
430 2854 461 2905 L.
477 2867 510 2907 16.
525 2857 549 2918 ἓ.
565 2869 584 2907 1.
609 2856 640 2904 D.
656 2857 687 2906 dc
701 2859 742 2905 rei
756 2857 824 2906 vind.
840 2856 870 2920 (a,
886 2855 917 2920 1).
982 2853 1003 2921 ³)
1019 2856 1062 2905 Act
1076 2859 1117 2906 ius
1130 2873 1220 2907 accre-

266 2925 356 2975 scendi
370 2926 409 2986 ἐς.
425 2937 458 2976 ts.
474 2933 499 2974 et
513 2937 545 2976 tt.
557 2928 715 2989 pertinuisse
730 2933 754 2976 et
768 2934 899 2990 utramque
918 2929 1049 2990 rescripto
1064 2929 1222 2978 continuisse

262 3002 339 3060 puto,
354 3003 382 3044 ut
395 2995 459 3045 Icaec
473 2999 582 3046 materia
596 2996 628 3046 ab
647 2998 828 3060 imperatorum
847 2999 984 3060 rescre'ptis
1002 3005 1092 3060 coepte
1110 3012 1165 3046 esse
1184 3001 1221 3048 oi·

267 3065 367 3116 deutur.
395 3065 502 3116 Tantum
516 3073 544 3116 ut
557 3067 605 3117 Iroc
616 3074 763 3130 appareret,
773 3069 906 3131 utriusque
915 3069 1071 3117 restituendi
1082 3067 1137 3131 feci
1147 3071 1222 3130 peri-

267 3138 358 3186 culum.
422 3134 444 3202 ⁴)
459 3153 483 3187 a.
498 3147 544 3189 tet.
560 3144 664 3189 autent.
730 3131 805 3203 ⁶)§§.
820 3148 915 3189 'ts-ss.
930 3153 965 3186 eac
983 3137 1038 3200 Utp.
1053 3137 1161 3187 adSab.
1176 3139 1220 3188 tib.

270 3207 362 3257 XVII.
378 3210 526 3271 exscriptae
540 3209 675 3257 niaximum
690 3216 794 3272 partem
808 3210 903 3272 paucis
916 3211 1019 3257 mutatas
1033 3215 1137 3258 eacstaut
1152 3208 1182 3256 l..
1200 3223 1220 3260 1.

266 3291 287 3330 e.
302 3290 323 3330 a.
342 3279 374 3328 Ι).
390 3279 421 3327 de
441 3279 524 3341 osofr.
544 3293 615 3330 ocor.
634 3277 665 3341 (a,
680 3279 711 3343 a).
740 3279 784 3328 Ad
797 3281 820 3341 ξ.
836 3290 869 3332 aa.
885 3277 917 3344 (1)
932 3279 967 3342 of.
984 3278 1059 3330 Paul.
1074 3277 1101 3330 S.
1117 3277 1147 3328 It.
1163 3291 1184 3337 s,
1200 3291 1221 3331 a.

266 3351 289 3410 ὅ.
306 3360 339 3400 eo.
404 3345 425 3412 θ)
441 3348 552 3397 Restitui
566 3351 656 3412 poutto
671 3352 748 3398 aliter
767 3365 798 3400 ac
812 3348 909 3398 BucIrIa.
925 3356 950 3398 et
964 3349 1077 3398 Momms.
1144 3347 1166 3412 ⁷)
1181 3350 1222 3400 De

267 3419 360 3468 Holtur.
376 3420 409 3481 ej.
420 3420 530 3467 restitui.
554 3415 714 3482 ‘seperatim'
736 3420 870 3484 Ulpianum
884 3420 985 3469 discisso
999 3420 1031 3470 de
1045 3420 1181 3486 legatariis
1197 3429 1224 3470 et

267 3488 351 3536 uerbis
365 3495 390 3536 et
399 3489 521 3550 partr'bus
534 3491 671 3553 separatis,
683 3498 756 3554 potet
769 3507 803 3540 em
816 3493 839 3554 ἓ.
854 3501 887 3542 ti.
902 3548 904 3552 ,
