2680 4118
264 906 561 980 FRAGMENTA
586 904 711 977 cvnis
745 867 930 978 nonani
961 904 1220 979 VATIOANA.
1321 909 1323 988 l

332 1073 468 1126 Locorum
486 1087 521 1125 ex
537 1072 598 1124 iure
617 1070 693 1124 civili
705 1071 922 1126 anteiustiniano
936 1071 971 1123 ab
983 1069 1090 1124 incerto
1104 1072 1220 1125 auctore
1233 1083 1291 1132 [oro]

264 1141 428 1208 incertoque
447 1140 498 1192 snb
516 1138 599 1191 titulo
617 1137 798 1192 collectorum
814 1137 955 1204 reliquias,
974 1153 1047 1204 quae
1059 1137 1221 1200 fracmenta

265 1207 333 1260 iuris
343 1205 462 1259 Romani
472 1205 609 1258 Vaticana
620 1203 705 1273 vulgo
717 1205 905 1281 appellantur,
917 1203 1050 1257 debemus
1063 1181 1219 1258 industriae
1321 1203 1323 1258 l

266 1273 369 1340 Angeli
386 1273 461 1336 Maii,
500 1271 529 1324 ui
548 1287 595 1326 ear
614 1287 648 1324 ex
687 1271 843 1338 ahmpsesti
860 1271 1049 1324 bibliothecae
1063 1269 1218 1325 Vaticanae

265 1339 376 1403 codicis,
395 1354 469 1390 nnnc
481 1289 606 1392 dassiani
624 1354 656 1391 co
680 1338 803 1390 ationem
821 1337 990 1392 continentis
1007 1337 1139 1390 inferiore
1153 1339 1219 1392 scri·

265 1407 350 1472 ptura
367 1404 441 1458 eruit
459 1420 587 1472 annoque
607 1410 672 1458 1823
690 1404 809 1471 Romae,
828 1405 940 1458 Parisiis
964 1408 992 1457 et
1011 1409 1077 1458 1824
1094 1403 1220 1458 Bcrolini

265 1474 372 1541 primus
390 1469 497 1539 publici
518 1472 586 1524 iuris
608 1471 683 1528 fecit.
719 1471 843 1526 Cassiani
865 1471 953 1524 codex
975 1487 1039 1524 cnm
1061 1471 1091 1523 in
1109 1489 1221 1525 summa

267 1541 378 1591 centum
396 1537 573 1603 membranis,
592 1537 682 1590 forma
694 1539 823 1607 oblonga,
842 1539 971 1602 constet‚¹
989 1553 1086 1591 aarum
1098 1539 1218 1604 quadra-

287 1605 293 1614 '
315 1605 345 1658 ta
366 1605 425 1658 tres
446 1604 546 1669 semel,
575 1605 910 1681 quinquagintaseptem
932 1605 975 1658 bis
1001 1605 1122 1658 soritae
1145 1607 1217 1661 sunt

311 1671 439 1739 tiquioris
457 1687 523 1728 vero
541 1673 696 1740 scnpturae
714 1671 782 1724 folia
800 1673 855 1724 duo
874 1674 903 1724 et
920 1670 1022 1740 viginti
1040 1622 1077 1724 ad
1090 1671 1217 1725 Tbeodo-

265 1739 374 1792 sianum
392 1738 536 1801 Codicem,
561 1737 616 1791 duo
641 1737 677 1792 ad
693 1739 787 1808 legem
804 1739 1035 1806 Burgundionum
1053 1737 1216 1804 Romanam,

265 1807 382 1875 triginta
398 1806 454 1860 tria
471 1805 507 1858 ad
524 1806 649 1858 nostrum
662 1821 732 1874 opus
750 1807 886 1874 spectant.
922 1803 1002 1869 Quod
1020 1805 1134 1872 quidem
1152 1805 1218 1858 olim

265 1874 295 1926 in
312 1873 407 1926 codice
426 1873 563 1941 quadrato
580 1871 736 1940 grandioris
757 1872 835 1925 modi
857 1871 990 1940 scriptum
1012 1871 1080 1937 fuit,
1101 1871 1216 1939 singulis

265 1940 409 2004 versibus,
434 1939 483 2007 qui
504 1939 604 1992 triceni
626 1938 686 1990 bini
707 1939 736 1990 in
754 1955 865 2007 quaque
886 1941 991 2016 pagina
1013 1939 1120 1992 exarati
1140 1939 1215 2002 sunt,

268 2007 378 2062 litteras
395 2007 442 2060 vel
459 2007 538 2060 notas
557 2005 809 2073 complectentibus
828 2006 938 2058 circiter
950 2005 1155 2074 quinquaginta
1166 2004 1218 2058 sed

266 2077 296 2128 et
313 2074 349 2127 ad
366 2074 513 2142 sexaginta
528 2089 645 2126 numero
663 2073 779 2140 eiusque
797 2073 914 2138 formae,
936 2075 969 2126 ut
985 2072 1089 2141 partim
1113 2087 1147 2124 ex
1163 2071 1217 2124 hac

265 2141 368 2209 partim
390 2157 425 2194 ex
441 2140 583 2208 frequenti
604 2141 734 2192 notarum
756 2157 807 2192 usu
830 2139 954 2192 codicem
979 2140 1053 2192 certe
1075 2153 1130 2191 non
1153 2141 1218 2206 post

267 2208 391 2262 seculum
409 2209 527 2271 sextum,
545 2206 661 2260 fortasse
679 2222 746 2260 vero
766 2209 794 2260 et
812 2206 901 2258 multo
920 2207 985 2259 ante
1004 2206 1139 2273 scriptum
1158 2221 1217 2258 esse

265 2275 350 2343 periti
366 2274 559 2328 iudicaverint.
583 2273 673 2328 Huius
685 2289 750 2326 vero
763 2273 865 2326 codicis
877 2273 946 2326 folia
958 2271 1081 2327 Cassiani
1099 2271 1218 2340 scriptor

266 2342 357 2409 operis
374 2341 403 2393 in
420 2358 486 2394 usus
503 2356 566 2393 suos
577 2339 619 2393 ita
630 2341 776 2406 convertit,
789 2341 821 2394 ut
839 2356 872 2393 ex
886 2339 1002 2408 singulis
1013 2339 1132 2408 geminis
1143 2339 1216 2392 foliis

266 2407 478 2460 cohaerentibus
490 2409 572 2460 terna
584 2409 614 2460 et
630 2407 745 2474 quidem
762 2408 829 2460 bina
846 2405 1027 2460 cohaerentia
1039 2407 1068 2459 et
1086 2405 1216 2460 deorsum

265 2473 428 2526 dissecando
446 2491 534 2525 unum
552 2473 706 2526 solitarium
719 2473 839 2527 faceret:
858 2489 914 2541 qua
926 2473 1033 2526 ratione
1045 2473 1151 2526 factum
1164 2473 1215 2538 est,

264 2540 297 2592 ut
314 2539 439 2591 medinm
476 2539 588 2606 uodque
606 2540 704 2594 folium
722 2542 831 2608 partem
848 2541 958 2593 tantum
977 2541 1006 2593 et
1022 2541 1123 2608 prioris
1137 2542 1174 2607 (a)
1188 2541 1217 2592 et

264 2605 427 2682 posterioris
438 2556 500 2682 filii
512 2606 551 2669 (b)
565 2607 729 2683 antiquioris
742 2607 895 2675 scripturae
915 2607 1078 2665 contineret,
1097 2607 1127 2660 ct
1143 2623 1216 2659 nunc

265 2673 376 2740 quoties
393 2671 516 2726 medium
534 2671 632 2726 fchnm
645 2674 735 2726 solum
747 2674 828 2728 nobis
840 2675 979 2727 servatum
993 2675 1043 2738 est,
1056 2673 1086 2725 id
1098 2673 1127 2726 in
1140 2673 1215 2726 ntra·

265 2755 319 2806 quc
342 2739 446 2808 pagina
467 2740 579 2794 tantum
601 2741 734 2794 trientem
758 2740 803 2794 vel
828 2741 1000 2809 postremum
1026 2740 1073 2793 vel
1095 2740 1215 2808 primum

264 2805 397 2925 abab
407 2823 515 2924 itit
527 2808 597 2927 lca
612 2807 1216 2928 &attalaiaablactabat

264 2891 506 3008 utraqiieppagina
522 2941 625 3016 partim
642 2941 814 3008 postremum
832 2892 1070 3018 partimlprimum
1082 2942 1215 3008 praestet.

267 3005 397 3060 Ceterum
415 3005 510 3059 frustis
528 3008 603 3058 inter
619 3007 761 3060 seiunctis
774 3007 891 3076 triginta
903 3023 951 3060 sex
962 3008 1080 3076 paginas
1091 3007 1216 3075 integras

266 3072 432 3140 antiquioris
444 3072 546 3125 codicis
564 3073 711 3126 restituere
729 3073 822 3136 licuit3
841 3075 942 3142 quibus
961 3074 1097 3127 accedunt
1115 3073 1216 3154 viginti

263 3141 388 3206 mutilae,
408 3140 542 3205 quattuor
558 3139 707 3204 hasteriae,
727 3139 850 3194 sedecim
868 3141 1039 3194 trientariae.

332 3208 476 3262 Vetustior
502 3206 589 3260 codex
614 3208 843 3275 quaternionibus
865 3209 1002 3270 constitit,
1024 3223 1141 3276 quorum
1164 3223 1215 3258 nu-

264 3292 357 3330 merus
378 3277 408 3330 in
426 3275 489 3328 fine·
503 3275 636 3342 cuiusque
659 3291 677 3328 a
697 3275 811 3328 librario
834 3277 946 3328 notatus
969 3276 1040 3339 erat;
1064 3274 1164 3342 quibus
1183 3289 1216 3326 ex

338 3432 358 3501 1)
373 3435 435 3492 Quas
450 3441 473 3482 et
487 3431 618 3482 anteriores
634 3435 737 3483 editores
753 3441 776 3482 el
789 3449 833 3482 nos
848 3435 952 3482 numeris
968 3433 1069 3482 arabicis
1085 3433 1115 3482 ad
1128 3433 1216 3494 margi-

264 3520 318 3554 nem
332 3506 417 3568 posilis
431 3505 626 3566 significavimus:
642 3505 748 3554 adiectus
763 3519 875 3553 numerus
890 3505 1014 3553 uncinatus
1024 3505 1121 3567 paginas
1132 3517 1217 3566 super-

263 3575 332 3622 stites
346 3582 461 3638 perpetua
475 3575 537 3623 serie
552 3575 704 3624 demonstrat.
