2694 4110
313 201 420 238 varanis
440 201 542 237 cvrvsu.
562 201 698 237 trasceas.
718 199 902 236 cousvnrnrro.
1021 181 1081 246 837

57 331 118 380 [⁷24]
130 331 241 392 tiflcatus
257 339 309 392 pro
327 323 502 391 episcopatu,
521 331 626 390 tepctum
644 327 769 379 dimissam
786 327 809 386 6,
831 328 869 379 12,
893 321 922 374 et
939 317 1029 373 multa
1046 319 1081 374 si·

129 391 214 445 milia.
249 392 382 444 Attamen
393 405 445 442 nec
457 391 523 457 post
533 389 571 454 id,
584 387 659 456 quod
672 388 799 452 diximus,
812 389 924 455 tempus
937 388 1079 440 auctorem

94 475 96 480 ’
130 458 286 526 scripsisse,
304 457 376 510 illud
394 457 559 525 argumento
578 457 632 520 est,
651 454 726 522 quod
744 453 826 530 ¹Legis
843 455 921 506 Rom.
940 471 992 531 nee
1010 453 1079 506 Bur·

129 525 310 594 gtmdionum
328 539 393 588 nec,
410 538 494 590 quam
534 522 608 576 aullo
625 525 691 589 post
708 521 813 574 editam
825 522 902 588 puto,
922 520 1079 590 Vrsigctho-

129 610 191 645 rum
209 591 381 644 mentionem
399 589 474 654 fecit,
494 540 531 642 a?
540 605 573 642 ex
590 589 706 656 integris
723 587 814 663 Paulli
831 588 1033 663 sententiarum
1052 591 1081 640 et

128 661 215 712 trium
233 657 367 712 Codicum
384 656 462 709 libris
480 656 661 710 auctoritates
679 655 781 715 citavit,
800 653 876 721 quod
893 655 969 706 certe
986 671 1014 704 1n
1032 653 1080 706 Vi·

129 725 302 794 sigothorum
320 739 407 792 regno
428 725 493 791 post
515 724 643 776 emissam
660 723 690 775 L.
711 722 877 786 Romanam,
900 721 932 772 ut
950 736 984 772 ex
1002 719 1080 772 Com·

129 791 226 845 mouit
244 792 332 857 patet,
351 805 406 843 non
423 790 536 844 licebat.
565 791 611 853 At,
630 789 732 854 inquis,
751 788 866 840 fortasse
878 803 934 841 non
946 787 975 838 in
988 785 1081 838 Gallia

89 869 91 874 “
129 858 175 912 vel
187 857 363 925 Burgundio,
381 858 478 911 sedin
496 857 578 910 Italia
595 857 674 909 vixit.
710 855 770 908 Hoc
787 857 882 907 tamen
900 870 933 908 co
951 853 1080 921 prohibe·

129 941 192 978 mur
205 924 328 990 credere,
343 925 419 991 qnod
431 941 453 977 c.
467 929 492 989 t,
506 929 530 981 8.
545 925 609 978 acte
621 921 720 984 confici
731 921 864 974 iubentur
875 925 920 973 sut
933 927 1081 983 praesentia

130 999 266 1046 electarum
283 1011 459 1058 personarum,
479 995 614 1055 defensore
633 1009 729 1057 quoque
747 992 868 1053 adhibito,
887 987 964 1040 nulla
982 987 1080 1056 ‘magi-

131 1060 245 1113 stratus’
264 1057 405 1111 mentione
423 1057 531 1122 habita,
556 1057 605 1123 qni
621 1057 650 1109 in
669 1055 751 1108 ltalia
773 1055 864 1108 omitti
886 1070 943 1106 non
960 1055 1081 1122 poterat.

132 1125 195 1180 vid.
215 1125 338 1192 Savigny
355 1123 374 1175 l.
387 1140 409 1176 c.
421 1123 442 1176 Ι.
461 1141 488 1192 p.
502 1129 543 1176 91.
557 1129 602 1174 111
617 1139 674 1189 seq.
705 1121 760 1176 sed
778 1123 814 1174 ob
833 1121 953 1174 cundem
971 1121 1079 1176 locum¹

129 1208 222 1258 neque
239 1192 269 1243 in
281 1190 491 1257 visigothorum
508 1204 595 1257 regno
614 1189 852 1242 consultationem
870 1189 1003 1256 scriptam
1022 1203 1080 1240 esse

150 1262 213 1322 uto,
240 1273 359 1328 quorum
383 1256 595 1324 Interpretatio‚
618 1257 651 1308 ut
672 1255 796 1323 Savigny
818 1254 836 1307 l.
860 1271 882 1312 c.
904 1271 932 1322 p.
955 1260 1004 1308 306
1022 1269 1079 1322 seq.

130 1277 238 1386 Socuit,
263 1324 291 1375 in
314 1324 400 1393 gestis
422 1323 601 1376 conficiendis
622 1322 726 1389 ubique
755 1323 871 1374 ‘curiam
893 1323 922 1375 et
947 1321 1080 1376 iudicem’

132 1391 290 1444 desiderare
309 1390 387 1453 solet,
406 1390 455 1443 sed
473 1390 566 1458 potius
583 1389 613 1441 in
631 1388 872 1456 Burgundionum
891 1404 987 1442 eorum
1006 1391 1081 1442 euim

130 1459 176 1511 lex
194 1459 332 1521 Romana,
356 1473 475 1526 quacum
498 1456 686 1522 Consultatio,
709 1456 819 1510 utiam
842 1471 875 1508 ex
892 1457 1082 1524 superioribus

131 1526 262 1643 apparit·
286 1523 370 1578 etiam
392 1526 421 1577 in
444 1524 506 1602 aliis
519 1523 623 1625 mm?
644 1523 770 1600 partibus
788 1523 909 1622 ‚mirifice
933 1525 1080 1601 consentit,

130 1590 1081 1736 'dt',duotLtittlt‘t'iatldtlt‚difidit,titillisiltltit

132 1725 256 1802 rud1care
269 1725 466 1790 d1fferent1um,
480 1726 563 1792 plane
576 1723 728 1791 respondet
737 1722 764 1799 Su
786 1723 907 1775 rsmund1
916 1737 989 1789 regis
1000 1737 1081 1812 pfas-

131 1791 691 1934 plantarii.diditi,¹3:
716 1789 1082 1933 attatiltelttlffettll

132 1926 214 1978 rebus
232 1926 362 1976 rudicatm
380 1925 477 1975 contra
493 1923 600 1975 rudrces
618 1921 741 1974 1udrcare
759 1922 857 1984 lrcere;
875 1921 928 1974 hoc
947 1937 1083 1974 ammius

132 1989 162 2043 L.
179 1991 259 2044 ltom.
277 1995 361 2058 Burg.
379 1990 422 2046 tit,
439 1989 566 2041 XXXIII.
586 1988 646 2041 coll.
667 1987 741 2057 Lege
759 1987 842 2056 Burg.
859 1987 945 2055 praef.
959 1994 982 2053 2,
995 1995 1020 2042 5.
1032 1994 1082 2043 8-

135 2063 173 2110 10.
198 2058 228 2110 et
250 2056 427 2123 aliquatenus
449 2057 509 2108 iure
531 2055 702 2108 Iustinianeo
728 2054 757 2107 L.
780 2061 822 2108 45.
847 2059 870 2118 ξ.
895 2061 916 2107 1,
941 2054 974 2107 D.
998 2055 1033 2108 de
1052 2071 1082 2109 re

132 2123 216 2176 iudic.
236 2127 288 2188 (ta,
304 2125 327 2188 t)
346 2121 376 2174 L.
392 2129 434 2176 27.
459 2123 491 2175 D.
510 2121 544 2174 de
562 2121 659 2190 poenis
677 2123 734 2188 (48,
754 2122 809 2188 19),
830 2137 881 2174 nec
904 2137 984 2184 vero,
1007 2121 1083 2190 quod

133 2190 231 2308 scilaim,
249 2205 267 2243 a
285 2189 438 2307 Ἦὲίςοὴὴίε
460 2190 605 2309 τροερξυιὲι
627 2189 700 2308 (ἔμε
718 2187 899 2308 ltalquet'iamt
918 2188 1083 2308 §todill'or'tm
1125 2193 1130 2204 '

133 2273 162 2402 l?
175 2272 415 2400 dilatati:
434 2272 526 2402 {flet
544 2271 903 2399 a.u...⁰¹tt,tttt,
916 2271 1084 2389 litai

133 2407 162 2442 m
180 2405 279 2457 quavrs
296 2389 527 2458 Burgundionum
545 2390 659 2442 crv1tate
681 2388 736 2442 duo
754 2389 860 2442 rudrccs
878 2404 895 2441 a
911 2404 977 2455 rege
996 2389 1083 2458 depu-

134 2457 187 2509 tati
205 2460 312 2523 essent,
332 2471 424 2509 comes
441 2456 603 2522 Burgundio
622 2457 651 2508 et
669 2456 741 2508 alter
754 2457 905 2516 Romanus.
930 2454 1083 2525 Sigismun·

135 2523 186 2577 dus
203 2539 253 2577 rex
270 2524 289 2577 l.
308 2539 331 2578 c.
350 2523 468 2576 ‘nullam
486 2538 596 2575 eausam
615 2523 731 2576 absente
750 2523 838 2576 altero
856 2522 948 2576 iudice
966 2523 1012 2576 rel
1029 2523 1083 2576 Ro·

133 2606 248 2644 manum
266 2589 397 2644 comitem
415 2589 460 2643 vel
471 2589 700 2658 Burgundionem
717 2589 852 2643 iudicare’
866 2590 936 2644 vult.
968 2589 1085 2642 Accedit

134 2671 190 2710 non
207 2657 317 2710 minimi
334 2656 466 2724 ponderis
484 2658 688 2723 argumentum,
706 2657 781 2733 qnod
794 2655 967 2710 Consultatio
978 2656 1084 2722 pariter

135 2726 220 2792 atque
238 2723 295 2778 Lex
312 2723 392 2780 Rom.
410 2722 494 2791 Burg.
513 2737 602 2789 eaque
614 2723 674 2774 sola
692 2737 725 2775 ex
737 2724 817 2776 istius
829 2722 963 2789 temporis
974 2722 1084 2790 legibus

134 2791 329 2844 tantummodo
340 2789 433 2844 Paulli
450 2789 652 2842 sententiarum
671 2790 700 2840 ct
716 2790 801 2841 trium
813 2787 946 2842 Codicum
965 2789 1084 2842 auctori·

134 2859 241 2912 tatibus
259 2859 370 2911 utitur.²
393 2857 520 2924 Denique
538 2857 595 2910 iam
613 2855 712 2907 mirum
729 2871 785 2908 non
803 2855 853 2918 est,
871 2854 946 2920 quod
958 2855 1007 2908 lvo
1026 2855 1084 2924 epi-

134 2963 344 2972 ——-—--—

146 3094 149 3098 ¹
208 3029 228 3098 1)
246 3033 356 3094 Accedit,
376 3033 439 3096 quod
457 3034 544 3097 ubique
563 3033 671 3096 quidem,
691 3038 787 3093 excepta
807 3038 896 3080 tantum
909 3031 1026 3092 farragine
1046 3031 1084 3078 illa

134 3103 263 3151 lectionum
278 3104 301 3150 in
321 3117 372 3164 cap.
387 3117 434 3167 rx,
453 3103 629 3164 distinguuntur
648 3117 675 3150 cr
694 3102 764 3150 Paulo
784 3102 819 3149 vel
838 3101 978 3164 corporibus
994 3101 1085 3161 Grego-

135 3173 232 3234 goriano
251 3179 276 3220 et
294 3172 482 3234 Hermogeniana
505 3181 529 3222 et
551 3188 578 3222 er
597 3173 763 3222 theodosiano
786 3171 899 3232 allegatae
923 3170 1085 3226 auctoritates,

136 3250 248 3306 utraeque
263 3248 340 3291 tamen
356 3243 414 3304 legis
428 3244 531 3304 nornine,
546 3259 592 3292 nou
606 3249 632 3292 ut
646 3244 669 3292 in
680 3241 854 3302 visigothorum
868 3255 939 3301 reguo
950 3255 994 3288 usu
1005 3240 1085 3288 venie·

134 3314 184 3374 bat,
198 3313 292 3376 priores
307 3312 336 3360 ad
351 3313 396 3374 ius,
411 3314 557 3374 posteriores
572 3314 602 3362 ad
616 3315 680 3374 leges
690 3313 831 3362 referuntur.
879 3307 900 3374 2)
917 3310 971 3358 Scio
981 3309 1085 3373 quidem,

135 3385 206 3431 etiam
221 3383 304 3432 Gaium
319 3383 343 3430 in
357 3381 383 3434 t.
394 3383 460 3431 Rom.
472 3383 540 3445 Burg.
556 3383 679 3447 aliquoties
693 3381 797 3442 laudari3
813 3381 855 3430 sed
870 3381 894 3429 id
904 3387 951 3428 tam
962 3381 1041 3441 inepte
1052 3379 1085 3436 lit,

135 3459 160 3500 ut
174 3467 202 3500 ex
217 3467 244 3501 eo
259 3453 347 3516 aliquid
362 3459 481 3515 sumptum
496 3468 548 3501 esse
564 3455 612 3502 dici
626 3461 727 3518 nequeat
741 3460 765 3500 et
779 3452 924 3500 laudationes
935 3449 988 3498 illae
999 3449 1085 3511 glossis

135 3521 217 3570 deberi
232 3523 363 3584 rideantur,
378 3537 438 3586 quae
452 3530 506 3586 post
521 3523 596 3571 alieno
611 3524 663 3572 loco
678 3525 703 3572 in
716 3529 804 3570 textum
819 3520 966 3585 irrepserint.
