<?xml version="1.0" encoding="UTF-8"?>
<!DOCTYPE html PUBLIC "-//W3C//DTD XHTML 1.0 Transitional//EN"
    "http://www.w3.org/TR/xhtml1/DTD/xhtml1-transitional.dtd">
<html xmlns="http://www.w3.org/1999/xhtml" xml:lang="en" lang="en">
 <head>
  <title>
</title>
<meta http-equiv="Content-Type" content="text/html;charset=utf-8" />
  <meta name='ocr-system' content='tesseract 3.04.00' />
  <meta name='ocr-capabilities' content='ocr_page ocr_carea ocr_par ocr_line ocrx_word'/>
</head>
<body>
  <div class='ocr_page' id='page_1' title='image "./ivrisprvdentiae00huscgoog_0512.png"; bbox 0 0 2692 4114; ppageno 0'>
   <div class='ocr_carea' id='block_1_1' title="bbox 235 237 936 302">
    <p class='ocr_par' dir='ltr' id='par_1_1' title="bbox 235 237 936 302">
     <span class='ocr_line' id='line_1_1' title="bbox 235 237 936 302; baseline -0.007 -8"><span class='ocrx_word' id='word_1_1' title='bbox 235 237 299 302; x_wconf 84' lang='lat'><strong>488</strong></span> <span class='ocrx_word' id='word_1_2' title='bbox 485 255 550 290; x_wconf 74' lang='lat' dir='ltr'><strong>iven</strong></span> <span class='ocrx_word' id='word_1_3' title='bbox 568 255 663 292; x_wconf 75' lang='lat' dir='ltr'><strong>namn</strong></span> <span class='ocrx_word' id='word_1_4' title='bbox 681 255 752 292; x_wconf 79' lang='lat' dir='ltr'><strong>nnnr.</strong></span> <span class='ocrx_word' id='word_1_5' title='bbox 771 237 805 291; x_wconf 93' lang='lat' dir='ltr'><strong>II.</strong></span> <span class='ocrx_word' id='word_1_6' title='bbox 824 243 936 292; x_wconf 77' lang='lat'><strong>27-31.</strong></span> 
     </span>
    </p>
   </div>
   <div class='ocr_carea' id='block_1_2' title="bbox 357 400 1065 444">
    <p class='ocr_par' dir='ltr' id='par_1_2' title="bbox 357 400 1065 444">
     <span class='ocr_line' id='line_1_2' title="bbox 357 400 1065 444; baseline -0.003 -2"><span class='ocrx_word' id='word_1_7' title='bbox 357 401 421 442; x_wconf 74' lang='lat' dir='ltr'>TIT.</span> <span class='ocrx_word' id='word_1_8' title='bbox 438 401 536 441; x_wconf 80' lang='lat' dir='ltr'>XXVII·</span> <span class='ocrx_word' id='word_1_9' title='bbox 566 401 608 442; x_wconf 79' lang='lat' dir='ltr'><strong>DE</strong></span> <span class='ocrx_word' id='word_1_10' title='bbox 623 400 892 444; x_wconf 71' lang='lat' dir='ltr'>EXGVSA‘IIONIBVS</span> <span class='ocrx_word' id='word_1_11' title='bbox 907 401 1065 444; x_wconf 73' lang='lat' dir='ltr'>&#39;I&#39;V&#39;I&#39;ORVII-</span> 
     </span>
    </p>
   </div>
   <div class='ocr_carea' id='block_1_3' title="bbox 299 487 1186 570">
    <p class='ocr_par' dir='ltr' id='par_1_3' title="bbox 299 487 1186 570">
     <span class='ocr_line' id='line_1_3' title="bbox 299 487 1186 570; baseline 0.001 -18"><span class='ocrx_word' id='word_1_12' title='bbox 299 493 324 555; x_wconf 91' lang='lat'><strong>1.</strong></span> <span class='ocrx_word' id='word_1_13' title='bbox 352 487 521 550; x_wconf 77' lang='lat' dir='ltr'><strong>¹lnlmi0itiae</strong></span> <span class='ocrx_word' id='word_1_14' title='bbox 536 493 673 567; x_wconf 81' lang='lat' dir='ltr'><strong>capitales,</strong></span> <span class='ocrx_word' id='word_1_15' title='bbox 697 513 762 568; x_wconf 89' lang='lat' dir='ltr'><strong>quas</strong></span> <span class='ocrx_word' id='word_1_16' title='bbox 778 497 837 570; x_wconf 87' lang='lat' dir='ltr'><strong>quis</strong></span> <span class='ocrx_word' id='word_1_17' title='bbox 854 513 914 551; x_wconf 87' lang='lat' dir='ltr'><strong>eum</strong></span> <span class='ocrx_word' id='word_1_18' title='bbox 929 503 1006 569; x_wconf 89' lang='lat' dir='ltr'><strong>patre</strong></span> <span class='ocrx_word' id='word_1_19' title='bbox 1021 495 1186 570; x_wconf 88' lang='lat' dir='ltr'><strong>pupillorum</strong></span> 
     </span>
    </p>
   </div>
   <div class='ocr_carea' id='block_1_4' title="bbox 234 577 1187 818">
    <p class='ocr_par' dir='ltr' id='par_1_4' title="bbox 234 577 1187 818">
     <span class='ocr_line' id='line_1_4' title="bbox 235 577 1187 653; baseline 0.002 -19"><span class='ocrx_word' id='word_1_20' title='bbox 235 577 338 649; x_wconf 84' lang='lat' dir='ltr'><strong>habuit,</strong></span> <span class='ocrx_word' id='word_1_21' title='bbox 355 593 369 634; x_wconf 87' lang='lat' dir='ltr'><strong>a</strong></span> <span class='ocrx_word' id='word_1_22' title='bbox 385 577 477 634; x_wconf 86' lang='lat' dir='ltr'><strong>tutelis</strong></span> <span class='ocrx_word' id='word_1_23' title='bbox 493 587 636 648; x_wconf 85' lang='lat' dir='ltr'><strong>excusant,</strong></span> <span class='ocrx_word' id='word_1_24' title='bbox 653 596 686 636; x_wconf 86' lang='lat' dir='ltr'><strong>ne</strong></span> <span class='ocrx_word' id='word_1_25' title='bbox 701 588 813 652; x_wconf 90' lang='lat' dir='ltr'><strong>paterno</strong></span> <span class='ocrx_word' id='word_1_26' title='bbox 829 579 938 635; x_wconf 86' lang='lat' dir='ltr'><strong>inimico</strong></span> <span class='ocrx_word' id='word_1_27' title='bbox 953 579 1047 653; x_wconf 85' lang='lat' dir='ltr'><strong>pupilli</strong></span> <span class='ocrx_word' id='word_1_28' title='bbox 1064 582 1187 636; x_wconf 85' lang='lat' dir='ltr'><strong>commit·</strong></span> 
     </span>
     <span class='ocr_line' id='line_1_5' title="bbox 235 653 1184 736; baseline 0 -18"><span class='ocrx_word' id='word_1_29' title='bbox 235 671 335 718; x_wconf 85' lang='lat' dir='ltr'><strong>tantur.</strong></span> <span class='ocrx_word' id='word_1_30' title='bbox 373 659 403 719; x_wconf 74' lang='lat'><strong>2.</strong></span> <span class='ocrx_word' id='word_1_31' title='bbox 420 653 478 715; x_wconf 83' lang='lat' dir='ltr'><strong>²Ad</strong></span> <span class='ocrx_word' id='word_1_32' title='bbox 495 677 585 736; x_wconf 86' lang='lat' dir='ltr'><strong>euram</strong></span> <span class='ocrx_word' id='word_1_33' title='bbox 601 664 668 733; x_wconf 77' lang='lat' dir='ltr'><strong>eine,</strong></span> <span class='ocrx_word' id='word_1_34' title='bbox 685 664 760 719; x_wconf 89' lang='lat' dir='ltr'><strong>cuius</strong></span> <span class='ocrx_word' id='word_1_35' title='bbox 776 664 836 736; x_wconf 86' lang='lat' dir='ltr'><strong>quis</strong></span> <span class='ocrx_word' id='word_1_36' title='bbox 853 663 963 718; x_wconf 88' lang='lat' dir='ltr'><strong>tutelam</strong></span> <span class='ocrx_word' id='word_1_37' title='bbox 979 663 1184 734; x_wconf 86' lang='lat' dir='ltr'><strong>administrauit,</strong></span> 
     </span>
     <span class='ocr_line' id='line_1_6' title="bbox 234 746 632 818; baseline 0 -17"><span class='ocrx_word' id='word_1_38' title='bbox 234 747 336 802; x_wconf 89' lang='lat' dir='ltr'><strong>inultus</strong></span> <span class='ocrx_word' id='word_1_39' title='bbox 351 746 443 802; x_wconf 85' lang='lat' dir='ltr'><strong>uocari</strong></span> <span class='ocrx_word' id='word_1_40' title='bbox 458 761 512 800; x_wconf 91' lang='lat' dir='ltr'><strong>non</strong></span> <span class='ocrx_word' id='word_1_41' title='bbox 532 753 632 818; x_wconf 89' lang='lat' dir='ltr'><strong>potest.</strong></span> 
     </span>
    </p>
   </div>
   <div class='ocr_carea' id='block_1_5' title="bbox 317 821 1100 909">
    <p class='ocr_par' dir='ltr' id='par_1_5' title="bbox 317 821 1100 909">
     <span class='ocr_line' id='line_1_7' title="bbox 317 821 1100 909; baseline 0 -24"><span class='ocrx_word' id='word_1_42' title='bbox 317 823 359 907; x_wconf 85' lang='lat' dir='ltr'><strong>[L.</strong></span> <span class='ocrx_word' id='word_1_43' title='bbox 378 827 425 886; x_wconf 80' lang='lat'><strong>38.</strong></span> <span class='ocrx_word' id='word_1_44' title='bbox 448 828 481 884; x_wconf 85' lang='lat' dir='ltr'><strong>L.</strong></span> <span class='ocrx_word' id='word_1_45' title='bbox 498 827 540 884; x_wconf 90' lang='grc'><strong>40</strong></span> <span class='ocrx_word' id='word_1_46' title='bbox 553 847 601 900; x_wconf 86' lang='lat' dir='ltr'><strong>pr.</strong></span> <span class='ocrx_word' id='word_1_47' title='bbox 620 829 649 886; x_wconf 88' lang='lat'><strong>1.</strong></span> <span class='ocrx_word' id='word_1_48' title='bbox 672 827 706 884; x_wconf 90' lang='lat' dir='ltr'><strong>D.</strong></span> <span class='ocrx_word' id='word_1_49' title='bbox 722 831 757 886; x_wconf 82' lang='lat' dir='ltr'><strong>de</strong></span> <span class='ocrx_word' id='word_1_50' title='bbox 772 845 872 886; x_wconf 79' lang='lat' dir='ltr'><strong>exona.</strong></span> <span class='ocrx_word' id='word_1_51' title='bbox 890 837 942 886; x_wconf 85' lang='lat' dir='ltr'><strong>tut.</strong></span> <span class='ocrx_word' id='word_1_52' title='bbox 960 821 1025 906; x_wconf 81' lang='lat'>(27,</span> <span class='ocrx_word' id='word_1_53' title='bbox 1043 823 1100 909; x_wconf 90' lang='lat'><strong>1)]</strong></span> 
     </span>
    </p>
   </div>
   <div class='ocr_carea' id='block_1_6' title="bbox 371 979 1047 1024">
    <p class='ocr_par' dir='ltr' id='par_1_6' title="bbox 371 979 1047 1024">
     <span class='ocr_line' id='line_1_8' title="bbox 371 979 1047 1024; baseline 0.001 -1"><span class='ocrx_word' id='word_1_54' title='bbox 371 983 433 1023; x_wconf 74' lang='lat' dir='ltr'>TIT.</span> <span class='ocrx_word' id='word_1_55' title='bbox 449 980 559 1022; x_wconf 85' lang='lat' dir='ltr'>XXVIII.</span> <span class='ocrx_word' id='word_1_56' title='bbox 588 979 630 1020; x_wconf 74' lang='lat' dir='ltr'><strong>DI}</strong></span> <span class='ocrx_word' id='word_1_57' title='bbox 645 979 831 1024; x_wconf 74' lang='lat' dir='ltr'><strong>Pontossuavs</strong></span> <span class='ocrx_word' id='word_1_58' title='bbox 846 981 1047 1024; x_wconf 66' lang='lat' dir='ltr'><strong>eommunia.</strong></span> 
     </span>
    </p>
   </div>
   <div class='ocr_carea' id='block_1_7' title="bbox 233 1039 1186 1316">
    <p class='ocr_par' dir='ltr' id='par_1_7' title="bbox 233 1039 1186 1316">
     <span class='ocr_line' id='line_1_9' title="bbox 296 1039 1186 1150; baseline 0 -16"><span class='ocrx_word' id='word_1_59' title='bbox 296 1075 321 1134; x_wconf 90' lang='lat' dir='ltr'><strong>l.</strong></span> <span class='ocrx_word' id='word_1_60' title='bbox 350 1039 428 1132; x_wconf 69' lang='lat' dir='ltr'><strong>leon</strong></span> <span class='ocrx_word' id='word_1_61' title='bbox 451 1083 523 1131; x_wconf 87' lang='lat' dir='ltr'><strong>recte</strong></span> <span class='ocrx_word' id='word_1_62' title='bbox 545 1075 680 1148; x_wconf 86' lang='lat' dir='ltr'><strong>potiorem</strong></span> <span class='ocrx_word' id='word_1_63' title='bbox 702 1075 811 1130; x_wconf 89' lang='lat' dir='ltr'><strong>uidetur</strong></span> <span class='ocrx_word' id='word_1_64' title='bbox 833 1075 986 1148; x_wconf 82' lang='lat' dir='ltr'><strong>nominare,</strong></span> <span class='ocrx_word' id='word_1_65' title='bbox 1010 1077 1056 1150; x_wconf 87' lang='lat' dir='ltr'><strong>qui</strong></span> <span class='ocrx_word' id='word_1_66' title='bbox 1078 1093 1186 1134; x_wconf 87' lang='lat' dir='ltr'><strong>eausam</strong></span> 
     </span>
     <span class='ocr_line' id='line_1_10' title="bbox 236 1151 1186 1233; baseline 0 -17"><span class='ocrx_word' id='word_1_67' title='bbox 236 1161 367 1216; x_wconf 86' lang='lat' dir='ltr'><strong>nominati</strong></span> <span class='ocrx_word' id='word_1_68' title='bbox 381 1160 496 1233; x_wconf 90' lang='lat' dir='ltr'><strong>potioris</strong></span> <span class='ocrx_word' id='word_1_69' title='bbox 511 1175 566 1212; x_wconf 89' lang='lat' dir='ltr'><strong>non</strong></span> <span class='ocrx_word' id='word_1_70' title='bbox 582 1159 753 1231; x_wconf 82' lang='lat' dir='ltr'><strong>expresserit.</strong></span> <span class='ocrx_word' id='word_1_71' title='bbox 784 1156 813 1214; x_wconf 80' lang='lat'><strong>2.</strong></span> <span class='ocrx_word' id='word_1_72' title='bbox 833 1151 939 1214; x_wconf 70' lang='grc' dir='ltr'><strong>4Ροιίον</strong></span> <span class='ocrx_word' id='word_1_73' title='bbox 954 1163 1014 1232; x_wconf 87' lang='lat' dir='ltr'><strong>quis</strong></span> <span class='ocrx_word' id='word_1_74' title='bbox 1031 1175 1090 1216; x_wconf 86' lang='lat' dir='ltr'><strong>esse</strong></span> <span class='ocrx_word' id='word_1_75' title='bbox 1104 1159 1186 1217; x_wconf 87' lang='lat' dir='ltr'><strong>debet</strong></span> 
     </span>
     <span class='ocr_line' id='line_1_11' title="bbox 233 1240 1112 1316; baseline 0 -16"><span class='ocrx_word' id='word_1_76' title='bbox 233 1261 289 1300; x_wconf 92' lang='lat' dir='ltr'><strong>non</strong></span> <span class='ocrx_word' id='word_1_77' title='bbox 304 1244 392 1300; x_wconf 87' lang='lat' dir='ltr'><strong>solum</strong></span> <span class='ocrx_word' id='word_1_78' title='bbox 408 1242 494 1316; x_wconf 80' lang='lat' dir='ltr'><strong>gradu</strong></span> <span class='ocrx_word' id='word_1_79' title='bbox 509 1243 627 1314; x_wconf 84' lang='lat' dir='ltr'><strong>generis,</strong></span> <span class='ocrx_word' id='word_1_80' title='bbox 643 1241 690 1298; x_wconf 89' lang='lat' dir='ltr'><strong>sed</strong></span> <span class='ocrx_word' id='word_1_81' title='bbox 706 1249 733 1298; x_wconf 89' lang='lat' dir='ltr'><strong>et</strong></span> <span class='ocrx_word' id='word_1_82' title='bbox 749 1240 896 1298; x_wconf 86' lang='lat' dir='ltr'><strong>substantia</strong></span> <span class='ocrx_word' id='word_1_83' title='bbox 912 1245 950 1298; x_wconf 90' lang='lat' dir='ltr'><strong>rei</strong></span> <span class='ocrx_word' id='word_1_84' title='bbox 965 1243 1112 1301; x_wconf 83' lang='lat' dir='ltr'><strong>Inmitiaris.</strong></span> 
     </span>
    </p>
   </div>
   <div class='ocr_carea' id='block_1_8' title="bbox 370 1317 1047 1486">
    <p class='ocr_par' dir='ltr' id='par_1_8' title="bbox 370 1317 1047 1486">
     <span class='ocr_line' id='line_1_12' title="bbox 372 1317 1047 1406; baseline 0.006 -25"><span class='ocrx_word' id='word_1_85' title='bbox 372 1319 415 1404; x_wconf 77' lang='lat' dir='ltr'><strong>[L.</strong></span> <span class='ocrx_word' id='word_1_86' title='bbox 433 1323 503 1382; x_wconf 79' lang='lat'><strong>223.</strong></span> <span class='ocrx_word' id='word_1_87' title='bbox 519 1323 547 1396; x_wconf 69' lang='grc'><strong>3.</strong></span> <span class='ocrx_word' id='word_1_88' title='bbox 566 1325 593 1380; x_wconf 92' lang='grc'><strong>1.</strong></span> <span class='ocrx_word' id='word_1_89' title='bbox 617 1324 652 1381; x_wconf 80' lang='grc' dir='ltr'><strong>Ι).</strong></span> <span class='ocrx_word' id='word_1_90' title='bbox 669 1327 704 1382; x_wconf 85' lang='lat' dir='ltr'><strong>de</strong></span> <span class='ocrx_word' id='word_1_91' title='bbox 719 1325 796 1383; x_wconf 79' lang='lat' dir='ltr'><strong>verb.</strong></span> <span class='ocrx_word' id='word_1_92' title='bbox 812 1331 883 1400; x_wconf 79' lang='lat' dir='ltr'><strong>aipn.</strong></span> <span class='ocrx_word' id='word_1_93' title='bbox 900 1317 966 1406; x_wconf 85' lang='lat'>(50,</span> <span class='ocrx_word' id='word_1_94' title='bbox 984 1321 1047 1404; x_wconf 88' lang='grc'>16).</span> 
     </span>
     <span class='ocr_line' id='line_1_13' title="bbox 370 1403 610 1486; baseline -0.008 -21"><span class='ocrx_word' id='word_1_95' title='bbox 370 1411 423 1465; x_wconf 81' lang='lat' dir='ltr'><strong>Fr.</strong></span> <span class='ocrx_word' id='word_1_96' title='bbox 447 1409 509 1465; x_wconf 84' lang='lat' dir='ltr'><strong>Vnt.</strong></span> <span class='ocrx_word' id='word_1_97' title='bbox 528 1403 610 1486; x_wconf 60' lang='lat'><strong>172]</strong></span> 
     </span>
    </p>
   </div>
   <div class='ocr_carea' id='block_1_9' title="bbox 297 1559 1116 1610">
    <p class='ocr_par' dir='ltr' id='par_1_9' title="bbox 297 1559 1116 1610">
     <span class='ocr_line' id='line_1_14' title="bbox 297 1559 1116 1610; baseline 0.004 -7"><span class='ocrx_word' id='word_1_98' title='bbox 297 1561 359 1603; x_wconf 73' lang='lat' dir='ltr'>TI‘I&#39;·</span> <span class='ocrx_word' id='word_1_99' title='bbox 374 1560 459 1602; x_wconf 82' lang='lat' dir='ltr'>XXIX.</span> <span class='ocrx_word' id='word_1_100' title='bbox 489 1559 543 1609; x_wconf 78' lang='lat' dir='ltr'><strong>Qvi</strong></span> <span class='ocrx_word' id='word_1_101' title='bbox 556 1559 710 1603; x_wconf 77' lang='lat' dir='ltr'><strong>Porionns</strong></span> <span class='ocrx_word' id='word_1_102' title='bbox 725 1559 884 1610; x_wconf 67' lang='lat' dir='ltr'>NOMINARB</span> <span class='ocrx_word' id='word_1_103' title='bbox 899 1563 961 1605; x_wconf 71' lang='lat' dir='ltr'><strong>NON</strong></span> <span class='ocrx_word' id='word_1_104' title='bbox 975 1562 1116 1606; x_wconf 74' lang='lat' dir='ltr'><strong>Possm.</strong></span> 
     </span>
    </p>
   </div>
   <div class='ocr_carea' id='block_1_10' title="bbox 234 1657 1187 1908">
    <p class='ocr_par' dir='ltr' id='par_1_10' title="bbox 234 1657 1187 1908">
     <span class='ocr_line' id='line_1_15' title="bbox 297 1657 1186 1737; baseline 0.001 -15"><span class='ocrx_word' id='word_1_105' title='bbox 297 1659 321 1722; x_wconf 87' lang='lat'><strong>1.</strong></span> <span class='ocrx_word' id='word_1_106' title='bbox 346 1657 499 1733; x_wconf 79' lang='lat' dir='ltr'><strong>⁵Lilnertus,</strong></span> <span class='ocrx_word' id='word_1_107' title='bbox 515 1681 594 1737; x_wconf 87' lang='lat' dir='ltr'><strong>quern</strong></span> <span class='ocrx_word' id='word_1_108' title='bbox 606 1671 684 1737; x_wconf 88' lang='lat' dir='ltr'><strong>pater</strong></span> <span class='ocrx_word' id='word_1_109' title='bbox 699 1671 816 1720; x_wconf 87' lang='lat' dir='ltr'><strong>tutorem</strong></span> <span class='ocrx_word' id='word_1_110' title='bbox 833 1665 915 1736; x_wconf 84' lang='lat' dir='ltr'><strong>dedit,</strong></span> <span class='ocrx_word' id='word_1_111' title='bbox 931 1668 952 1721; x_wconf 92' lang='lat' dir='ltr'><strong>si</strong></span> <span class='ocrx_word' id='word_1_112' title='bbox 969 1668 1056 1722; x_wconf 85' lang='lat' dir='ltr'><strong>minus</strong></span> <span class='ocrx_word' id='word_1_113' title='bbox 1071 1667 1186 1724; x_wconf 89' lang='lat' dir='ltr'><strong>idoneus</strong></span> 
     </span>
     <span class='ocr_line' id='line_1_16' title="bbox 234 1748 1187 1824; baseline 0.001 -18"><span class='ocrx_word' id='word_1_114' title='bbox 234 1749 349 1820; x_wconf 81' lang='lat' dir='ltr'><strong>dloatur,</strong></span> <span class='ocrx_word' id='word_1_115' title='bbox 372 1749 497 1804; x_wconf 85' lang='lat' dir='ltr'><strong>excusari</strong></span> <span class='ocrx_word' id='word_1_116' title='bbox 520 1748 627 1822; x_wconf 91' lang='lat' dir='ltr'><strong>quidem</strong></span> <span class='ocrx_word' id='word_1_117' title='bbox 642 1765 697 1804; x_wconf 91' lang='lat' dir='ltr'><strong>non</strong></span> <span class='ocrx_word' id='word_1_118' title='bbox 711 1755 819 1822; x_wconf 84' lang='lat' dir='ltr'><strong>potest,</strong></span> <span class='ocrx_word' id='word_1_119' title='bbox 834 1748 881 1804; x_wconf 88' lang='lat' dir='ltr'><strong>sed</strong></span> <span class='ocrx_word' id='word_1_120' title='bbox 897 1749 1007 1824; x_wconf 79' lang='lat' dir='ltr'><strong>adiungi</strong></span> <span class='ocrx_word' id='word_1_121' title='bbox 1021 1749 1060 1806; x_wconf 92' lang='lat' dir='ltr'><strong>illi</strong></span> <span class='ocrx_word' id='word_1_122' title='bbox 1075 1761 1187 1808; x_wconf 83' lang='lat' dir='ltr'><strong>curator</strong></span> 
     </span>
     <span class='ocr_line' id='line_1_17' title="bbox 234 1841 335 1908; baseline -0.02 -18"><span class='ocrx_word' id='word_1_123' title='bbox 234 1841 335 1908; x_wconf 86' lang='lat' dir='ltr'><strong>potest.</strong></span> 
     </span>
    </p>
   </div>
   <div class='ocr_carea' id='block_1_11' title="bbox 382 1954 1033 2020">
    <p class='ocr_par' dir='ltr' id='par_1_11' title="bbox 382 1954 1033 2020">
     <span class='ocr_line' id='line_1_18' title="bbox 382 1954 1033 2020; baseline -0.003 -2"><span class='ocrx_word' id='word_1_124' title='bbox 382 1975 443 2020; x_wconf 64' lang='grc' dir='ltr'><strong>Ἦν.</strong></span> <span class='ocrx_word' id='word_1_125' title='bbox 458 1977 530 2017; x_wconf 82' lang='lat' dir='ltr'>xxx.</span> <span class='ocrx_word' id='word_1_126' title='bbox 561 1975 604 2016; x_wconf 76' lang='lat' dir='ltr'><strong>nn</strong></span> <span class='ocrx_word' id='word_1_127' title='bbox 620 1973 800 2016; x_wconf 79' lang='lat' dir='ltr'><strong>onnnronnn</strong></span> <span class='ocrx_word' id='word_1_128' title='bbox 813 1975 881 2018; x_wconf 81' lang='lat' dir='ltr'><strong>mvi</strong></span> <span class='ocrx_word' id='word_1_129' title='bbox 897 1954 1033 2018; x_wconf 75' lang='lat' dir='ltr'><strong>onvnen⁶</strong></span> 
     </span>
    </p>
   </div>
   <div class='ocr_carea' id='block_1_12' title="bbox 234 2063 1186 2226">
    <p class='ocr_par' dir='ltr' id='par_1_12' title="bbox 234 2063 1186 2226">
     <span class='ocr_line' id='line_1_19' title="bbox 296 2063 1186 2146; baseline 0.001 -18"><span class='ocrx_word' id='word_1_130' title='bbox 296 2067 320 2128; x_wconf 90' lang='lat'><strong>1.</strong></span> <span class='ocrx_word' id='word_1_131' title='bbox 344 2063 427 2128; x_wconf 75' lang='lat' dir='ltr'><strong>⁷tiolo</strong></span> <span class='ocrx_word' id='word_1_132' title='bbox 445 2072 544 2126; x_wconf 89' lang='lat' dir='ltr'><strong>tutoris</strong></span> <span class='ocrx_word' id='word_1_133' title='bbox 560 2069 728 2126; x_wconf 84' lang='lat' dir='ltr'><strong>curatorisue</strong></span> <span class='ocrx_word' id='word_1_134' title='bbox 743 2069 850 2125; x_wconf 81' lang='lat' dir='ltr'><strong>detento</strong></span> <span class='ocrx_word' id='word_1_135' title='bbox 866 2071 893 2125; x_wconf 92' lang='lat' dir='ltr'><strong>in</strong></span> <span class='ocrx_word' id='word_1_136' title='bbox 908 2069 1019 2144; x_wconf 82' lang='lat' dir='ltr'><strong>doptnrn</strong></span> <span class='ocrx_word' id='word_1_137' title='bbox 1035 2071 1091 2126; x_wconf 86' lang='lat' dir='ltr'><strong>eins</strong></span> <span class='ocrx_word' id='word_1_138' title='bbox 1104 2089 1186 2146; x_wconf 87' lang='lat' dir='ltr'><strong>pecu·</strong></span> 
     </span>
     <span class='ocr_line' id='line_1_20' title="bbox 234 2154 1186 2226; baseline 0.004 -16"><span class='ocrx_word' id='word_1_139' title='bbox 234 2155 293 2210; x_wconf 88' lang='lat' dir='ltr'><strong>niae</strong></span> <span class='ocrx_word' id='word_1_140' title='bbox 322 2154 546 2212; x_wconf 80' lang='lat' dir='ltr'><strong>condemnatione</strong></span> <span class='ocrx_word' id='word_1_141' title='bbox 575 2155 788 2224; x_wconf 87' lang='lat' dir='ltr'><strong>conueniuntnr,</strong></span> <span class='ocrx_word' id='word_1_142' title='bbox 823 2169 875 2226; x_wconf 86' lang='lat' dir='ltr'><strong>qua</strong></span> <span class='ocrx_word' id='word_1_143' title='bbox 904 2155 1033 2210; x_wconf 87' lang='lat' dir='ltr'><strong>minonem</strong></span> <span class='ocrx_word' id='word_1_144' title='bbox 1061 2155 1186 2214; x_wconf 84' lang='lat' dir='ltr'><strong>fraudare</strong></span> 
     </span>
    </p>
   </div>
   <div class='ocr_carea' id='block_1_13' title="bbox 235 2238 1011 2400">
    <p class='ocr_par' dir='ltr' id='par_1_13' title="bbox 235 2238 1011 2400">
     <span class='ocr_line' id='line_1_21' title="bbox 235 2238 390 2296; baseline 0.013 -2"><span class='ocrx_word' id='word_1_145' title='bbox 235 2238 390 2296; x_wconf 87' lang='lat' dir='ltr'><strong>uoluerunt.</strong></span> 
     </span>
     <span class='ocr_line' id='line_1_22' title="bbox 399 2312 1011 2400; baseline 0.003 -24"><span class='ocrx_word' id='word_1_146' title='bbox 399 2312 443 2400; x_wconf 75' lang='lat'><strong>[13.</strong></span> <span class='ocrx_word' id='word_1_147' title='bbox 461 2319 510 2376; x_wconf 81' lang='lat'><strong>24.</strong></span> <span class='ocrx_word' id='word_1_148' title='bbox 534 2321 571 2376; x_wconf 80' lang='lat' dir='ltr'>I).</span> <span class='ocrx_word' id='word_1_149' title='bbox 587 2323 621 2376; x_wconf 84' lang='lat' dir='ltr'><strong>de</strong></span> <span class='ocrx_word' id='word_1_150' title='bbox 637 2328 688 2377; x_wconf 84' lang='lat' dir='ltr'><strong>tut.</strong></span> <span class='ocrx_word' id='word_1_151' title='bbox 704 2327 760 2376; x_wconf 87' lang='lat' dir='ltr'><strong>rot.</strong></span> <span class='ocrx_word' id='word_1_152' title='bbox 777 2322 857 2377; x_wconf 81' lang='lat' dir='ltr'><strong>distr.</strong></span> <span class='ocrx_word' id='word_1_153' title='bbox 874 2312 940 2397; x_wconf 77' lang='lat'><strong>(27,</strong></span> <span class='ocrx_word' id='word_1_154' title='bbox 955 2313 1011 2400; x_wconf 87' lang='lat'><strong>3)]</strong></span> 
     </span>
    </p>
   </div>
   <div class='ocr_carea' id='block_1_14' title="bbox 294 2471 1260 2640">
    <p class='ocr_par' dir='ltr' id='par_1_14' title="bbox 294 2471 1260 2640">
     <span class='ocr_line' id='line_1_23' title="bbox 526 2471 899 2516; baseline 0.005 -4"><span class='ocrx_word' id='word_1_155' title='bbox 526 2471 590 2513; x_wconf 83' lang='lat' dir='ltr'><strong>nrn.</strong></span> <span class='ocrx_word' id='word_1_156' title='bbox 606 2473 691 2513; x_wconf 79' lang='lat' dir='ltr'><strong>xxxi.</strong></span> <span class='ocrx_word' id='word_1_157' title='bbox 720 2473 899 2516; x_wconf 73' lang='lat' dir='ltr'><strong>ornaveris.</strong></span> 
     </span>
     <span class='ocr_line' id='line_1_24' title="bbox 294 2560 1260 2640; baseline 0.008 -18"><span class='ocrx_word' id='word_1_158' title='bbox 294 2563 318 2624; x_wconf 91' lang='lat'><strong>1.</strong></span> <span class='ocrx_word' id='word_1_159' title='bbox 352 2560 426 2621; x_wconf 71' lang='lat' dir='ltr'><strong>⁸l&#39;ur</strong></span> <span class='ocrx_word' id='word_1_160' title='bbox 453 2573 509 2636; x_wconf 87' lang='lat' dir='ltr'><strong>est,</strong></span> <span class='ocrx_word' id='word_1_161' title='bbox 538 2567 583 2640; x_wconf 89' lang='lat' dir='ltr'><strong>qui</strong></span> <span class='ocrx_word' id='word_1_162' title='bbox 611 2565 674 2622; x_wconf 87' lang='lat' dir='ltr'><strong>dolo</strong></span> <span class='ocrx_word' id='word_1_163' title='bbox 702 2567 771 2622; x_wconf 86' lang='lat' dir='ltr'><strong>malo</strong></span> <span class='ocrx_word' id='word_1_164' title='bbox 798 2583 854 2622; x_wconf 87' lang='lat' dir='ltr'><strong>rem</strong></span> <span class='ocrx_word' id='word_1_165' title='bbox 883 2567 994 2624; x_wconf 83' lang='lat' dir='ltr'><strong>alienam</strong></span> <span class='ocrx_word' id='word_1_166' title='bbox 1020 2577 1260 2638; x_wconf 62' lang='lat' dir='ltr'><strong>contrectandae]</strong></span> 
     </span>
    </p>
   </div>
   <div class='ocr_carea' id='block_1_15' title="bbox 231 2729 1186 3362">
    <p class='ocr_par' dir='ltr' id='par_1_15' title="bbox 237 2729 1183 2854">
     <span class='ocr_line' id='line_1_25' title="bbox 306 2729 1183 2804; baseline 0.009 -23"><span class='ocrx_word' id='word_1_167' title='bbox 306 2732 354 2782; x_wconf 74' lang='lat' dir='ltr'><strong>att.</strong></span> <span class='ocrx_word' id='word_1_168' title='bbox 373 2730 495 2781; x_wconf 90' lang='lat' dir='ltr'><strong>XXVII.</strong></span> <span class='ocrx_word' id='word_1_169' title='bbox 532 2729 552 2798; x_wconf 88' lang='lat'><strong>¹)</strong></span> <span class='ocrx_word' id='word_1_170' title='bbox 568 2731 606 2796; x_wconf 79' lang='lat' dir='ltr'><strong>Of.</strong></span> <span class='ocrx_word' id='word_1_171' title='bbox 621 2735 643 2796; x_wconf 65' lang='grc' dir='ltr'><strong>ᾖ.</strong></span> <span class='ocrx_word' id='word_1_172' title='bbox 660 2745 692 2784; x_wconf 85' lang='lat'><strong>11.</strong></span> <span class='ocrx_word' id='word_1_173' title='bbox 712 2733 781 2784; x_wconf 83' lang='lat' dir='ltr'><strong>Ide</strong></span> <span class='ocrx_word' id='word_1_174' title='bbox 795 2749 883 2785; x_wconf 76' lang='lat' dir='ltr'><strong>exone.</strong></span> <span class='ocrx_word' id='word_1_175' title='bbox 898 2733 929 2801; x_wconf 87' lang='lat'><strong>(1,</strong></span> <span class='ocrx_word' id='word_1_176' title='bbox 944 2735 989 2803; x_wconf 75' lang='lat' dir='ltr'><strong>ro).</strong></span> <span class='ocrx_word' id='word_1_177' title='bbox 1047 2733 1068 2804; x_wconf 84' lang='lat'><strong>¹)</strong></span> <span class='ocrx_word' id='word_1_178' title='bbox 1083 2738 1121 2802; x_wconf 79' lang='lat' dir='ltr'><strong>Os.</strong></span> <span class='ocrx_word' id='word_1_179' title='bbox 1138 2739 1183 2789; x_wconf 68' lang='lat' dir='ltr'><strong>Ii.</strong></span> 
     </span>
     <span class='ocr_line' id='line_1_26' title="bbox 237 2803 357 2854; baseline 0 -2"><span class='ocrx_word' id='word_1_180' title='bbox 237 2803 295 2852; x_wconf 82' lang='lat' dir='ltr'><strong>Vnt.</strong></span> <span class='ocrx_word' id='word_1_181' title='bbox 310 2813 357 2854; x_wconf 75' lang='lat' dir='ltr'><strong>atto·</strong></span> 
     </span>
    </p>

    <p class='ocr_par' dir='ltr' id='par_1_16' title="bbox 306 2869 1183 2942">
     <span class='ocr_line' id='line_1_27' title="bbox 306 2869 1183 2942; baseline 0.01 -21"><span class='ocrx_word' id='word_1_182' title='bbox 306 2872 354 2925; x_wconf 77' lang='lat' dir='ltr'><strong>Iit,</strong></span> <span class='ocrx_word' id='word_1_183' title='bbox 373 2871 511 2922; x_wconf 84' lang='lat' dir='ltr'>XXVIII.</span> <span class='ocrx_word' id='word_1_184' title='bbox 541 2869 562 2940; x_wconf 66' lang='grc' dir='ltr'><strong>ε)</strong></span> <span class='ocrx_word' id='word_1_185' title='bbox 578 2873 617 2938; x_wconf 76' lang='lat' dir='ltr'><strong>Of.</strong></span> <span class='ocrx_word' id='word_1_186' title='bbox 633 2873 678 2923; x_wconf 65' lang='lat' dir='ltr'><strong>ir.</strong></span> <span class='ocrx_word' id='word_1_187' title='bbox 697 2875 755 2927; x_wconf 80' lang='lat' dir='ltr'><strong>Vnt.</strong></span> <span class='ocrx_word' id='word_1_188' title='bbox 766 2887 812 2927; x_wconf 80' lang='lat' dir='ltr'><strong>nno.</strong></span> <span class='ocrx_word' id='word_1_189' title='bbox 860 2873 881 2942; x_wconf 81' lang='lat'><strong>⁴)</strong></span> <span class='ocrx_word' id='word_1_190' title='bbox 898 2875 937 2939; x_wconf 77' lang='lat' dir='ltr'><strong>Os.</strong></span> <span class='ocrx_word' id='word_1_191' title='bbox 948 2876 992 2929; x_wconf 71' lang='lat' dir='ltr'><strong>ii.</strong></span> <span class='ocrx_word' id='word_1_192' title='bbox 1009 2877 1068 2928; x_wconf 84' lang='lat' dir='ltr'><strong>Vnt.</strong></span> <span class='ocrx_word' id='word_1_193' title='bbox 1078 2887 1125 2932; x_wconf 80' lang='lat' dir='ltr'><strong>nst.</strong></span> <span class='ocrx_word' id='word_1_194' title='bbox 1135 2891 1183 2932; x_wconf 80' lang='lat' dir='ltr'><strong>aro.</strong></span> 
     </span>
    </p>

    <p class='ocr_par' dir='ltr' id='par_1_17' title="bbox 307 2939 796 3007">
     <span class='ocr_line' id='line_1_28' title="bbox 307 2939 796 3007; baseline 0.006 -16"><span class='ocrx_word' id='word_1_195' title='bbox 307 2943 354 2994; x_wconf 78' lang='lat' dir='ltr'><strong>Iit.</strong></span> <span class='ocrx_word' id='word_1_196' title='bbox 373 2943 482 2992; x_wconf 83' lang='lat' dir='ltr'>XXIX.</span> <span class='ocrx_word' id='word_1_197' title='bbox 522 2939 542 3007; x_wconf 77' lang='lat'><strong>⁵)</strong></span> <span class='ocrx_word' id='word_1_198' title='bbox 559 2943 596 3007; x_wconf 69' lang='lat' dir='ltr'><strong>dr.</strong></span> <span class='ocrx_word' id='word_1_199' title='bbox 613 2944 657 2993; x_wconf 59' lang='grc' dir='ltr'><strong>ἢ.</strong></span> <span class='ocrx_word' id='word_1_200' title='bbox 677 2945 734 2994; x_wconf 85' lang='lat' dir='ltr'><strong>Vnt.</strong></span> <span class='ocrx_word' id='word_1_201' title='bbox 750 2957 796 2997; x_wconf 80' lang='lat' dir='ltr'><strong>noa.</strong></span> 
     </span>
    </p>

    <p class='ocr_par' dir='ltr' id='par_1_18' title="bbox 231 3005 1186 3362">
     <span class='ocr_line' id='line_1_29' title="bbox 306 3005 1185 3080; baseline 0.013 -20"><span class='ocrx_word' id='word_1_202' title='bbox 306 3012 353 3061; x_wconf 82' lang='lat' dir='ltr'><strong>Iit.</strong></span> <span class='ocrx_word' id='word_1_203' title='bbox 364 3005 430 3061; x_wconf 81' lang='lat' dir='ltr'><strong>‘XX</strong></span> <span class='ocrx_word' id='word_1_204' title='bbox 436 3013 466 3062; x_wconf 89' lang='lat' dir='ltr'><strong>X.</strong></span> <span class='ocrx_word' id='word_1_205' title='bbox 506 3010 526 3078; x_wconf 78' lang='lat'><strong>⁶)</strong></span> <span class='ocrx_word' id='word_1_206' title='bbox 542 3013 657 3064; x_wconf 81' lang='lat' dir='ltr'><strong>liudrico</strong></span> <span class='ocrx_word' id='word_1_207' title='bbox 671 3015 695 3064; x_wconf 74' lang='lat' dir='ltr'><strong>It.</strong></span> <span class='ocrx_word' id='word_1_208' title='bbox 711 3018 727 3064; x_wconf 88' lang='lat' dir='ltr'><strong>l.</strong></span> <span class='ocrx_word' id='word_1_209' title='bbox 742 3016 878 3079; x_wconf 77' lang='lat' dir='ltr'><strong>manifesto</strong></span> <span class='ocrx_word' id='word_1_210' title='bbox 893 3018 988 3080; x_wconf 82' lang='lat' dir='ltr'><strong>inepta.</strong></span> <span class='ocrx_word' id='word_1_211' title='bbox 1011 3019 1046 3068; x_wconf 80' lang='lat' dir='ltr'><strong>Ad</strong></span> <span class='ocrx_word' id='word_1_212' title='bbox 1060 3019 1185 3072; x_wconf 84' lang='lat' dir='ltr'><strong>Rationem</strong></span> 
     </span>
     <span class='ocr_line' id='line_1_30' title="bbox 231 3083 1185 3150; baseline 0.009 -18"><span class='ocrx_word' id='word_1_213' title='bbox 231 3083 259 3133; x_wconf 79' lang='lat' dir='ltr'>I).</span> <span class='ocrx_word' id='word_1_214' title='bbox 279 3083 303 3132; x_wconf 90' lang='lat' dir='ltr'><strong>S.</strong></span> <span class='ocrx_word' id='word_1_215' title='bbox 323 3084 434 3147; x_wconf 82' lang='lat' dir='ltr'><strong>quinque</strong></span> <span class='ocrx_word' id='word_1_216' title='bbox 455 3083 530 3143; x_wconf 69' lang='lat' dir='ltr'><strong>ond„</strong></span> <span class='ocrx_word' id='word_1_217' title='bbox 550 3086 617 3134; x_wconf 82' lang='lat' dir='ltr'><strong>ande</strong></span> <span class='ocrx_word' id='word_1_218' title='bbox 639 3085 725 3135; x_wconf 81' lang='lat' dir='ltr'><strong>Ouiae.</strong></span> <span class='ocrx_word' id='word_1_219' title='bbox 745 3088 793 3150; x_wconf 81' lang='lat' dir='ltr'><strong>oj.:</strong></span> <span class='ocrx_word' id='word_1_220' title='bbox 812 3087 841 3134; x_wconf 88' lang='lat' dir='ltr'><strong>de</strong></span> <span class='ocrx_word' id='word_1_221' title='bbox 860 3087 991 3136; x_wconf 85' lang='lat' dir='ltr'><strong>rationibus</strong></span> <span class='ocrx_word' id='word_1_222' title='bbox 1015 3089 1185 3142; x_wconf 83' lang='lat' dir='ltr'><strong>distrahendis.</strong></span> 
     </span>
     <span class='ocr_line' id='line_1_31' title="bbox 231 3152 1184 3218; baseline 0.009 -16"><span class='ocrx_word' id='word_1_223' title='bbox 231 3152 285 3202; x_wconf 87' lang='lat' dir='ltr'><strong>Sed</strong></span> <span class='ocrx_word' id='word_1_224' title='bbox 296 3153 428 3218; x_wconf 78' lang='lat' dir='ltr'><strong>spectabat</strong></span> <span class='ocrx_word' id='word_1_225' title='bbox 442 3153 550 3204; x_wconf 82' lang='lat' dir='ltr'><strong>rubrica</strong></span> <span class='ocrx_word' id='word_1_226' title='bbox 564 3157 705 3206; x_wconf 83' lang='lat' dir='ltr'><strong>orationem</strong></span> <span class='ocrx_word' id='word_1_227' title='bbox 719 3155 853 3206; x_wconf 72' lang='lat' dir='ltr'><strong>Meneni</strong></span> <span class='ocrx_word' id='word_1_228' title='bbox 865 3157 897 3206; x_wconf 85' lang='lat' dir='ltr'><strong>de</strong></span> <span class='ocrx_word' id='word_1_229' title='bbox 911 3157 987 3206; x_wconf 82' lang='lat' dir='ltr'><strong>rebus</strong></span> <span class='ocrx_word' id='word_1_230' title='bbox 997 3161 1122 3210; x_wconf 79' lang='lat' dir='ltr'><strong>minorum</strong></span> <span class='ocrx_word' id='word_1_231' title='bbox 1133 3177 1184 3211; x_wconf 83' lang='lat' dir='ltr'><strong>non</strong></span> 
     </span>
     <span class='ocr_line' id='line_1_32' title="bbox 232 3223 1186 3294; baseline 0.009 -21"><span class='ocrx_word' id='word_1_232' title='bbox 232 3223 379 3274; x_wconf 66' lang='lat' dir='ltr'><strong>alienandos</strong></span> <span class='ocrx_word' id='word_1_233' title='bbox 393 3230 417 3273; x_wconf 84' lang='lat' dir='ltr'><strong>et</strong></span> <span class='ocrx_word' id='word_1_234' title='bbox 431 3225 458 3273; x_wconf 83' lang='lat' dir='ltr'><strong>in</strong></span> <span class='ocrx_word' id='word_1_235' title='bbox 473 3239 502 3274; x_wconf 86' lang='lat' dir='ltr'><strong>eo</strong></span> <span class='ocrx_word' id='word_1_236' title='bbox 516 3233 614 3275; x_wconf 81' lang='lat' dir='ltr'><strong>tantum</strong></span> <span class='ocrx_word' id='word_1_237' title='bbox 624 3233 759 3290; x_wconf 80' lang='lat' dir='ltr'><strong>peecatum</strong></span> <span class='ocrx_word' id='word_1_238' title='bbox 769 3233 814 3284; x_wconf 81' lang='lat' dir='ltr'><strong>eat,</strong></span> <span class='ocrx_word' id='word_1_239' title='bbox 825 3227 893 3290; x_wconf 81' lang='lat' dir='ltr'><strong>qnod</strong></span> <span class='ocrx_word' id='word_1_240' title='bbox 907 3227 1036 3292; x_wconf 73' lang='lat' dir='ltr'><strong>Vtatpotlti</strong></span> <span class='ocrx_word' id='word_1_241' title='bbox 1045 3232 1085 3279; x_wconf 85' lang='lat' dir='ltr'><strong>nel</strong></span> <span class='ocrx_word' id='word_1_242' title='bbox 1095 3233 1186 3294; x_wconf 76' lang='lat' dir='ltr'><strong>potios</strong></span> 
     </span>
     <span class='ocr_line' id='line_1_33' title="bbox 232 3293 1185 3362; baseline 0.009 -19"><span class='ocrx_word' id='word_1_243' title='bbox 232 3293 338 3344; x_wconf 81' lang='lat' dir='ltr'><strong>librarii</strong></span> <span class='ocrx_word' id='word_1_244' title='bbox 355 3295 421 3343; x_wconf 77' lang='lat' dir='ltr'><strong>nidr&#39;t</strong></span> <span class='ocrx_word' id='word_1_245' title='bbox 440 3310 475 3344; x_wconf 76' lang='lat' dir='ltr'><strong>ern</strong></span> <span class='ocrx_word' id='word_1_246' title='bbox 492 3295 542 3346; x_wconf 81' lang='lat' dir='ltr'><strong>dno</strong></span> <span class='ocrx_word' id='word_1_247' title='bbox 559 3299 681 3355; x_wconf 83' lang='lat' dir='ltr'><strong>materia,</strong></span> <span class='ocrx_word' id='word_1_248' title='bbox 700 3298 746 3346; x_wconf 83' lang='lat' dir='ltr'><strong>aed</strong></span> <span class='ocrx_word' id='word_1_249' title='bbox 761 3298 901 3360; x_wconf 82' lang='lat' dir='ltr'><strong>frustulum</strong></span> <span class='ocrx_word' id='word_1_250' title='bbox 919 3313 954 3346; x_wconf 73' lang='lat' dir='ltr'><strong>een</strong></span> <span class='ocrx_word' id='word_1_251' title='bbox 970 3303 1088 3362; x_wconf 77' lang='lat' dir='ltr'><strong>sequenti</strong></span> <span class='ocrx_word' id='word_1_252' title='bbox 1099 3303 1185 3362; x_wconf 81' lang='lat' dir='ltr'><strong>tituto,</strong></span> 
     </span>
    </p>
   </div>
   <div class='ocr_carea' id='block_1_16' title="bbox 141 3363 1184 3438">
    <p class='ocr_par' dir='ltr' id='par_1_19' title="bbox 141 3363 1184 3438">
     <span class='ocr_line' id='line_1_34' title="bbox 141 3363 1184 3438; baseline 0.011 -26"><span class='ocrx_word' id='word_1_253' title='bbox 141 3377 145 3384; x_wconf 84' lang='grc'><strong>’</strong></span> <span class='ocrx_word' id='word_1_254' title='bbox 233 3367 277 3428; x_wconf 83' lang='lat' dir='ltr'><strong>qni</strong></span> <span class='ocrx_word' id='word_1_255' title='bbox 287 3367 378 3428; x_wconf 81' lang='lat' dir='ltr'><strong>periit,</strong></span> <span class='ocrx_word' id='word_1_256' title='bbox 393 3367 564 3416; x_wconf 83' lang='lat' dir='ltr'><strong>retinuerunt.</strong></span> <span class='ocrx_word' id='word_1_257' title='bbox 617 3363 691 3434; x_wconf 60' lang='grc' dir='ltr'><strong>ΜΓ.</strong></span> <span class='ocrx_word' id='word_1_258' title='bbox 706 3368 738 3416; x_wconf 84' lang='lat' dir='ltr'><strong>L.</strong></span> <span class='ocrx_word' id='word_1_259' title='bbox 749 3377 782 3418; x_wconf 77' lang='lat'><strong>55.</strong></span> <span class='ocrx_word' id='word_1_260' title='bbox 797 3369 820 3428; x_wconf 70' lang='lat'><strong>5.</strong></span> <span class='ocrx_word' id='word_1_261' title='bbox 831 3379 850 3417; x_wconf 94' lang='lat'><strong>1.</strong></span> <span class='ocrx_word' id='word_1_262' title='bbox 870 3367 902 3416; x_wconf 88' lang='lat' dir='ltr'><strong>D.</strong></span> <span class='ocrx_word' id='word_1_263' title='bbox 914 3367 945 3416; x_wconf 87' lang='lat' dir='ltr'><strong>de</strong></span> <span class='ocrx_word' id='word_1_264' title='bbox 959 3369 1025 3418; x_wconf 87' lang='lat' dir='ltr'><strong>adm.</strong></span> <span class='ocrx_word' id='word_1_265' title='bbox 1040 3376 1085 3423; x_wconf 78' lang='lat' dir='ltr'><strong>tut.</strong></span> <span class='ocrx_word' id='word_1_266' title='bbox 1098 3369 1142 3437; x_wconf 74' lang='lat' dir='ltr'><strong>(aa,</strong></span> <span class='ocrx_word' id='word_1_267' title='bbox 1153 3371 1184 3438; x_wconf 80' lang='lat' dir='ltr'><strong>t).</strong></span> 
     </span>
    </p>
   </div>
   <div class='ocr_carea' id='block_1_17' title="bbox 191 3435 1184 3646">
    <p class='ocr_par' dir='ltr' id='par_1_20' title="bbox 191 3435 1184 3646">
     <span class='ocr_line' id='line_1_35' title="bbox 231 3435 1005 3504; baseline 0.008 -22"><span class='ocrx_word' id='word_1_268' title='bbox 231 3435 263 3484; x_wconf 83' lang='lat' dir='ltr'><strong>L.</strong></span> <span class='ocrx_word' id='word_1_269' title='bbox 278 3447 298 3486; x_wconf 92' lang='lat'><strong>1.</strong></span> <span class='ocrx_word' id='word_1_270' title='bbox 318 3436 357 3497; x_wconf 67' lang='lat'><strong>§5-</strong></span> <span class='ocrx_word' id='word_1_271' title='bbox 373 3445 398 3486; x_wconf 80' lang='lat' dir='ltr'><strong>te</strong></span> <span class='ocrx_word' id='word_1_272' title='bbox 412 3451 463 3500; x_wconf 83' lang='lat' dir='ltr'><strong>seq.</strong></span> <span class='ocrx_word' id='word_1_273' title='bbox 482 3437 514 3486; x_wconf 83' lang='lat' dir='ltr'><strong>L.</strong></span> <span class='ocrx_word' id='word_1_274' title='bbox 529 3447 550 3487; x_wconf 84' lang='lat' dir='ltr'><strong>s.</strong></span> <span class='ocrx_word' id='word_1_275' title='bbox 569 3438 602 3486; x_wconf 89' lang='lat' dir='ltr'><strong>D.</strong></span> <span class='ocrx_word' id='word_1_276' title='bbox 617 3437 648 3487; x_wconf 81' lang='lat' dir='ltr'><strong>de</strong></span> <span class='ocrx_word' id='word_1_277' title='bbox 663 3445 707 3489; x_wconf 82' lang='lat' dir='ltr'><strong>tut.</strong></span> <span class='ocrx_word' id='word_1_278' title='bbox 723 3445 748 3486; x_wconf 84' lang='lat' dir='ltr'><strong>et</strong></span> <span class='ocrx_word' id='word_1_279' title='bbox 761 3445 810 3486; x_wconf 86' lang='lat' dir='ltr'><strong>rat.</strong></span> <span class='ocrx_word' id='word_1_280' title='bbox 826 3437 899 3486; x_wconf 76' lang='lat' dir='ltr'><strong>distr.</strong></span> <span class='ocrx_word' id='word_1_281' title='bbox 915 3436 960 3504; x_wconf 76' lang='lat'><strong>(2⁷,</strong></span> <span class='ocrx_word' id='word_1_282' title='bbox 974 3437 1005 3504; x_wconf 74' lang='lat' dir='ltr'><strong>a).</strong></span> 
     </span>
     <span class='ocr_line' id='line_1_36' title="bbox 306 3503 1184 3573; baseline 0.01 -20"><span class='ocrx_word' id='word_1_283' title='bbox 306 3504 353 3553; x_wconf 80' lang='lat' dir='ltr'><strong>Iit.</strong></span> <span class='ocrx_word' id='word_1_284' title='bbox 373 3503 482 3554; x_wconf 88' lang='lat' dir='ltr'>XXXI.</span> <span class='ocrx_word' id='word_1_285' title='bbox 525 3505 546 3572; x_wconf 82' lang='lat'><strong>⁸)</strong></span> <span class='ocrx_word' id='word_1_286' title='bbox 564 3510 603 3570; x_wconf 58' lang='grc' dir='ltr'><strong>ἐξ.</strong></span> <span class='ocrx_word' id='word_1_287' title='bbox 624 3519 691 3559; x_wconf 78' lang='lat'>1-5.</span> <span class='ocrx_word' id='word_1_288' title='bbox 717 3508 792 3557; x_wconf 84' lang='lat' dir='ltr'><strong>etiam</strong></span> <span class='ocrx_word' id='word_1_289' title='bbox 810 3509 836 3556; x_wconf 83' lang='lat' dir='ltr'><strong>io</strong></span> <span class='ocrx_word' id='word_1_290' title='bbox 857 3506 945 3558; x_wconf 78' lang='lat' dir='ltr'><strong>Cotini.</strong></span> <span class='ocrx_word' id='word_1_291' title='bbox 966 3520 991 3572; x_wconf 83' lang='lat' dir='ltr'><strong>t,</strong></span> <span class='ocrx_word' id='word_1_292' title='bbox 1009 3519 1030 3561; x_wconf 81' lang='lat'><strong>5.</strong></span> <span class='ocrx_word' id='word_1_293' title='bbox 1054 3512 1094 3573; x_wconf 65' lang='grc' dir='ltr'><strong>ἕξ.</strong></span> <span class='ocrx_word' id='word_1_294' title='bbox 1113 3521 1184 3564; x_wconf 76' lang='lat' dir='ltr'><strong>l-n.</strong></span> 
     </span>
     <span class='ocr_line' id='line_1_37' title="bbox 191 3574 562 3646; baseline 0.019 -26"><span class='ocrx_word' id='word_1_295' title='bbox 191 3638 193 3646; x_wconf 20' lang='lat' dir='ltr'>y</span> <span class='ocrx_word' id='word_1_296' title='bbox 231 3581 330 3633; x_wconf 78' lang='lat' dir='ltr'><strong>extant,</strong></span> <span class='ocrx_word' id='word_1_297' title='bbox 344 3574 387 3623; x_wconf 84' lang='lat' dir='ltr'><strong>ubi</strong></span> <span class='ocrx_word' id='word_1_298' title='bbox 401 3577 451 3624; x_wconf 86' lang='lat' dir='ltr'><strong>oid.</strong></span> <span class='ocrx_word' id='word_1_299' title='bbox 467 3584 562 3628; x_wconf 78' lang='lat' dir='ltr'><strong>notata,</strong></span> 
     </span>
    </p>
   </div>
   <div class='ocr_carea' id='block_1_18' title="bbox 0 0 1350 4114">
    <p class='ocr_par' dir='ltr' id='par_1_21' title="bbox 0 0 1350 4114">
     <span class='ocr_line' id='line_1_38' title="bbox 0 0 1350 4114; baseline 0 0"><span class='ocrx_word' id='word_1_300' title='bbox 0 0 1350 4114; x_wconf 95' lang='lat' dir='ltr'><strong> </strong></span> 
     </span>
    </p>
   </div>
  </div>
 </body>
</html>
