2692 4114
270 194 333 260 516
557 214 825 252 murmuriosus.
845 198 889 252 [V.
911 205 934 252 7.

270 344 331 415 lege
351 345 529 417 praecipitur,
553 352 742 400 testamentum
764 347 898 418 aperuerit
913 345 1116 416 recitaueritue,
1132 361 1300 420 poenalem]

268 429 458 484 sestertiorum
481 430 600 501 quinque
622 427 723 484 milium
745 437 862 485 tenetur.
907 425 936 485 3.
960 429 1158 486 Testamentum
1178 431 1220 486 lex

269 514 358 566 statim
374 519 566 584 postmortem
582 514 720 568 testatoris
735 514 832 586 aperiri
845 511 941 568 uoluit.
972 521 999 568 et
1014 513 1086 582 ideo,
1097 516 1219 586 quamuis

269 597 306 650 sit
321 597 459 669 rescriptis
474 597 615 665 uariatum,
632 602 719 651 tamen
734 613 748 650 a
763 595 950 670 praesentibus
964 597 1034 652 intra
1046 597 1162 652 triduum
1174 597 1220 654 uel

269 677 398 752 ’quinque
413 672 486 734 dies¹
504 678 664 753 aperiendae
679 687 743 736 sunt
758 679 881 746 tabulae;
897 679 930 734 ab
944 679 1099 736 absentibus
1110 697 1220 754 quoque

270 763 339 817 intra
357 756 496 818 'eosdem²
518 762 586 832 dies,
611 779 672 819 eum
688 755 929 836 superuenerintz³
952 779 1002 821 neo
1017 765 1087 821 euim
1110 772 1221 839 oportet

269 839 355 901 iam*
376 846 520 902 heredibus
542 855 588 902 aut
610 845 746 920 legatariis
768 855 815 902 ant
829 846 1012 920 libertatibus,
1035 863 1112 921 quam
1128 864 1221 905 neees-

267 931 339 986 sario
355 930 482 1004 uectigali
499 945 601 986 moram
617 928 685 986 fieri.

501 1083 564 1124 'rm
579 1082 635 1126 vn.
665 1083 707 1124 DE
721 1083 804 1124 LEGE
820 1082 983 1125 CORNELIA.

269 1237 271 1244 ,
331 1174 357 1235 1.
381 1171 450 1244 ⁵Qui
465 1179 657 1234 testamentum
673 1175 769 1233 laisum
784 1178 932 1250 scripserit,
948 1169 1140 1250 'reciteuerlt,⁰
1155 1177 1220 1234 sub·

269 1263 371 1332 iecerit,
388 1262 538 1334 signauerit
549 1256 667 1334 '(ser'ens
677 1261 740 1317 dole
752 1263 836 1326 mulo,
848 1254 1014 1337 iterumue)⁷
1027 1263 1220 1334 suppresserit,

269 1345 418 1414 imbuerit,
441 1345 637 1417 resignanerit,
660 1343 809 1416 deleuerit,
831 1359 917 1418 poena
938 1343 1006 1417 legis
1027 1344 1164 1401 Corneliae
1186 1345 1220 1402 de

270 1427 342 1483 salsis
366 1425 511 1498 tenebitur,
532 1425 560 1482 id
575 1433 617 1482 est
631 1428 659 1482 in
673 1424 789 1484 insulam
805 1427 972 1501 deportatur.
1017 1424 1043 1484 2.
1068 1421 1146 1484 ⁸Non
1161 1437 1220 1484 tan·

270 1518 326 1566 tum
341 1511 380 1581 is,
395 1511 441 1582 qui
457 1517 645 1566 testamentum
661 1509 790 1582 subiecit,
807 1513 973 1585 suppressit,
996 1511 1111 1582 deleuit,
1132 1527 1220 1586 poena

269 1594 337 1668 legis
353 1593 491 1650 Corneliae
506 1603 662 1663 coercetur,
683 1593 731 1650 sed
746 1603 774 1650 et
788 1597 827 1665 is,
848 1596 894 1667 qui
916 1596 1002 1650 sciens
1022 1595 1086 1650 dolo
1107 1595 1177 1652 malo
1193 1594 1220 1650 id

270 1676 327 1734 fieri
343 1679 422 1734 iussit
437 1677 623 1734 faciendumne
637 1677 753 1734 curauit.
789 1675 818 1734 3.
836 1673 1054 1738 ⁹'l'estamentum
1065 1680 1220 1752 supprimit,

269 1764 315 1835 qui
330 1763 417 1820 sciens
431 1761 604 1835 prudensque
620 1761 723 1818 tabulas
740 1763 891 1818 testamenti
912 1763 940 1817 in
955 1761 1074 1819 fraudem
1089 1762 1220 1818 heredum

269 1846 313 1902 uel
327 1847 517 1920 legatoriorum
532 1843 885 1902 ’fideiueeommissariorum
894 1838 920 1878 ¹⁰
935 1853 982 1901 aut
996 1845 1148 1901 libertatum
1163 1862 1220 1902 non

268 1931 382 2004 profert.
425 1927 454 1986 4.
478 1929 651 2004 Supprimere
667 1928 770 1984 tabulas
784 1929 908 2000 uidetur,
924 1931 985 2002 qul,
1004 1945 1065 1986 eum
1080 1927 1177 1985 habeat
1192 1937 1221 1986 et

268 2011 391 2088 prolerre
406 2015 502 2088 possit,
518 2029 562 2069 ers
574 2012 695 2088 prolerre
707 2029 761 2069 nen
773 2020 859 2070 murat.
892 2010 922 2068 5.
939 2006 1086 2068 ¹¹Codieilli
1099 2029 1219 2086 quoque,

269 2101 292 2155 si
313 2099 414 2155 lateant
435 2114 484 2154 nee
505 2097 692 2172 proferentur,
714 2097 844 2171 supprimi
866 2094 1030 2152 uidebuntur
1072 2091 1102 2153 6.
1124 2095 1219 2154 Edicto

268 2191 400 2256 perpetuo
417 2189 543 2248 cauetur,
567 2189 597 2236 ut
611 2181 635 2236 si
650 2179 755 2236 tabulae
771 2180 924 2236 testamenti
940 2195 994 2236 non
1009 2188 1169 2253 appareant,
1185 2180 1220 2236 de

266 2283 358 2322 earum
375 2265 536 2322 exhibitione
551 2263 694 2348 interdicto
710 2263 815 2320 reddito
831 2265 900 2320 intra
916 2257 1047 2318 annum¹²
1062 2264 1106 2337 egi
1121 2265 1218 2336 possit,
1233 2286 1299 2336 [421]

268 2431 303 2465 ex
321 2414 419 2465 duobus
437 2416 502 2480 lepis
522 2413 592 2464 Rom.
617 2414 743 2478 Visipotlr.
763 2415 836 2464 codd.
857 2415 956 2464 nouiter
975 2413 1099 2476 reperhs,
1118 2412 1220 2476 Epore-

268 2486 353 2535 diensr'
366 2492 391 2533 et
405 2483 568 2540 Rosondono‚
587 2485 647 2534 olim
663 2484 814 2543 Pithoeano,
833 2499 940 2547 quorum
953 2485 1084 2534 variantes
1097 2485 1220 2533 lectiones

267 2555 380 2605 subicio:
405 2554 506 2617 qualiter
524 2553 573 2618 Ep.
596 2552 657 2604 Ros.
679 2556 798 2604 correxit
818 2554 901 2603 Haeo.
923 2579 957 2590 -
976 2554 1016 2602 ubi
1035 2553 1083 2616 Ep.
1104 2553 1164 2602 Ros.
1184 2580 1219 2591 -

268 2627 344 2687 legem
358 2625 490 2687 percipitur
505 2622 565 2673 llos.
580 2651 614 2662 -
628 2625 765 2674 reciteuerit
780 2623 840 2675 lios.
852 2651 885 2662 -
894 2630 1002 2672 teneatur
1013 2623 1073 2672 llos.
1126 2619 1146 2687 ¹)
1161 2621 1220 2674 Hoc

266 2697 390 2760 fortasse,
403 2696 428 2743 si
441 2695 526 2744 alieno
540 2695 640 2743 nomine
650 2695 788 2758 petendum
801 2701 866 2743 erat.
936 2690 957 2759 ¹)
972 2708 1013 2742 eos
1030 2693 1091 2742 Gdd.
1106 2694 1164 2742 edd.

270 2762 291 2830 ³)
305 2763 347 2816 Se.
362 2765 532 2815 dinumeratis
544 2765 642 2814 oieenis
655 2764 756 2814 milibus
766 2764 889 2828 passibus
902 2766 928 2812 in
938 2765 993 2814 dies
1004 2765 1106 2812 itineris
1115 2762 1160 2828 (ef.
1173 2763 1218 2812 Fr.

274 2832 592 2900 Vot.1ti)‚quaeoerba
616 2835 746 2899 Visipotlri
764 2835 883 2884 videntur
903 2835 1036 2884 recidisse.
1071 2833 1108 2896 Of.
1124 2833 1155 2882 L.
1171 2843 1218 2886 itt.
1248 2831 1250 2835 ’

269 2906 301 2954 Ι).
316 2906 347 2954 de
361 2903 429 2954 verb.
444 2906 510 2969 ripn.
525 2903 571 2971 (to,
585 2903 629 2972 re).
681 2901 703 2969 ⁴)
717 2911 883 2954 testamentum
899 2904 960 2954 odd.
971 2905 1028 2953 edd.
1054 2903 1092 2966 Cs-
1107 2915 1128 2962 a,
1137 2906 1173 2962 ι’,
1184 2915 1218 2955 ιο.

270 2982 320 3027 nol.
334 2987 355 3027 8.

343 3045 391 3094 Tit.
411 3045 472 3095 VII.
511 3043 532 3112 ⁶)
549 3046 586 3108 Cf.
602 3056 670 3105 ωδ.
691 3047 713 3107 ξ.
730 3057 749 3096 1.
769 3045 800 3097 L.
815 3057 835 3094 r.
860 3046 892 3094 D.
907 3045 1004 3110 odlep.
1021 3044 1095 3093 Corn.
1111 3043 1220 3105 desole.

269 3113 313 3182 (et,
328 3115 372 3181 10).
438 3114 612 3182 ⁶)Dietundo,
627 3124 655 3165 ut
668 3118 736 3165 alius
749 3115 882 3165 scriberet.
910 3115 942 3164 L.
957 3127 990 3166 21.
1014 3115 1039 3164 0.
1054 3114 1078 3163 lt.
1093 3118 1110 3162 l.
1125 3110 1157 3177 (e,
1172 3111 1219 3179 er).

271 3187 334 3236 Noni
348 3189 392 3252 qui
408 3188 504 3250 falsum
523 3201 610 3237 eoram
624 3186 710 3234 iudice
723 3187 808 3236 sciens
822 3187 927 3244 recitet,
942 3201 992 3236 non
1007 3184 1098 3233 incidit
1112 3184 1139 3230 in
1156 3181 1220 3232 Gor·

269 3259 369 3307 reliam.
389 3258 421 3306 L.
436 3269 469 3309 rs.
485 3259 508 3319 §-
525 3268 544 3307 1.
564 3256 596 3304 D.
610 3256 635 3305 lr.
650 3262 667 3304 t.
689 3255 727 3319 Cf.
742 3256 774 3304 L.
789 3269 809 3306 s.
829 3256 861 3305 D.
876 3256 912 3304 ad
925 3257 972 3320 lep.
988 3255 1037 3304 Iul.
1052 3253 1109 3301 moi.
1125 3248 1170 3316 (ss,
1184 3251 1218 3317 t).

271 3325 372 3394 'lFere
389 3326 543 3392 pertinendo
562 3327 678 3389 supplevi
697 3327 829 3390 (seriptum
844 3333 911 3390 puta
925 3340 959 3374 se.
975 3324 997 3374 d.
1013 3339 1044 3376 m.
1059 3329 1140 3372 ueruu.

266 3398 290 3462 8“)
303 3398 341 3461 Cf.
352 3398 383 3447 L.
395 3410 415 3448 i.
426 3400 470 3447 eit.
520 3394 542 3461 ⁹)
554 3395 592 3458 Cf.
603 3395 635 3443 l..
645 3396 722 3456 telin.
739 3396 771 3445 D.
781 3397 812 3446 de
822 3411 877 3460 aeq.
886 3411 938 3444 rer.
949 3395 1013 3444 dom.
1023 3392 1106 3458 (41,1).
1121 3391 1219 3442 Isidori

271 3467 314 3528 Or.
329 3479 350 3524 o,
366 3479 399 3518 24.
418 3469 441 3528 ξ.
457 3479 490 3516 11.
544 3462 576 3530 ¹⁰)
592 3465 866 3516 fideicommissariorum
877 3467 995 3529 plerique
1012 3464 1073 3514 odd.
1088 3463 1145 3512 edd.

272 3533 305 3600 ¹¹)
321 3537 359 3586 Cf.
375 3537 406 3586 1..
422 3550 441 3586 1.
457 3538 480 3598 5.
495 3547 514 3586 2.
534 3535 567 3584 Ι).
582 3536 613 3585 de
627 3535 678 3584 tab.
693 3535 779 3586 exlib.
794 3535 839 3602 (se,
853 3535 886 3600 o).
939 3533 971 3599 ¹²)
988 3534 1187 3596 Computandum
1202 3550 1220 3583 a
