2678 4116
252 163 312 235 192
555 178 734 215 os11mou1r.
753 160 775 214 Ι.
795 165 904 214 ‘to-78.

249 339 319 394 mus,
339 330 461 394 apparet,
478 321 546 376 ’siue
563 321 630 376 ciuis
643 319 780 376 Romanus
796 321 968 394 peregrinam
981 320 1041 374 siue
1053 321 1219 392 peregrinus

250 408 337 463 ciuem
352 405 499 462 Romanam
515 421 629 460 uxorem
644 404 762 476 duxerit,
778 421 840 460 eum
850 406 896 478 qui
907 404 1029 460 nescitur
1043 405 1219 477 peregrinum

250 505 314 547 esse
321 515 330 554 ,·
346 492 397 546 sed
408 492 431 545 si
447 489 555 563 quidem
567 505 620 563 per
633 505 755 544 errorem
768 489 822 544 tale
835 489 1036 544 matrimonium
1046 496 1220 545 contractem

238 575 342 640 luerit,
359 574 495 630 emendari
511 573 616 646 (potest
631 571 704 645 aias)
722 575 817 629 uitium
837 565 1007 630 secundam¹
1024 589 1065 644 ea,
1089 589 1159 644 quae
1174 589 1219 628 su·

250 661 342 733 peries
357 658 487 724 diximust
504 658 528 713 si
544 674 610 714 uero
626 657 719 714 nuilus
735 674 813 714 error
824 659 1009 733 intervenerit,
1025 655 1090 728 (set)
1101 659 1218 713 scientes

250 760 326 800 suam
341 743 528 799 condicionem
549 744 586 798 ita
605 743 737 815 coierint,
759 741 836 798 nullo
857 758 922 798 casa
942 741 1102 798 emendatur
1122 743 1218 797 uitium

251 828 497 884 mmmmm

314 907 360 970 ⁷6.
375 911 524 985 loquimur
535 918 625 968 autem
641 909 676 966 de
691 911 732 966 his
748 910 861 980 seilicet,
878 908 975 982 (inter)
990 926 1061 984 quos
1072 908 1219 966 conubium

251 1013 307 1052 non
322 998 372 1069 sit3
390 1012 451 1052 nam
467 995 586 1069 alioquin
601 997 624 1050 si
639 995 706 1050 ciuis
722 995 858 1051 Romanus
879 996 1061 1069 peregrinam,
1083 1010 1144 1050 cum
1167 1011 1220 1068 qua

253 1083 277 1137 ei
293 1079 438 1138 conubium
454 1088 507 1152 est,
525 1096 635 1135 uxorem
650 1080 766 1150 duxerit,
784 1081 857 1136 sicut
869 1096 952 1152 supra
967 1095 1077 1153 quoque
1092 1078 1220 1151 diximus,

252 1167 354 1221 iustum
380 1165 582 1221 matrimonium
607 1163 744 1220 contrahit
765 1173 793 1220 et
812 1173 878 1220 tunc
899 1181 933 1219 ex
948 1165 991 1238 *iis
1014 1165 1058 1236 qui
1085 1164 1218 1227 nuscitur,

253 1251 320 1306 ciuis
339 1249 476 1304 Romanus
497 1258 539 1305 est
560 1257 587 1304 et
609 1251 636 1303 in
657 1255 795 1322 potestate
814 1249 898 1321 patris
919 1250 981 1304 erit.
1010 1243 1055 1304 'lt
1070 1239 1221 1321 'itemque²

253 1335 276 1389 si
288 1335 355 1389 ciuis
367 1333 487 1388 Romana
498 1334 655 1406 peregrino,
671 1350 732 1390 cum
744 1349 798 1406 quo
810 1333 835 1388 ei
846 1331 991 1388 conubium
1003 1341 1056 1403 est,
1071 1323 1221 1404 nupseriti,

254 1419 418 1492 peregrinos
429 1433 494 1472 sane
501 1425 661 1490 procreatur
671 1425 699 1474 et
711 1418 735 1472 is
746 1419 835 1473 iustus
845 1418 928 1490 patris
941 1415 1072 1488 filiusest‚
1085 1423 1222 1490 tamquam

194 1501 236 1551 21·
256 1504 278 1558 si
290 1518 322 1558 ex
333 1503 546 1575 peregrinaeurn
558 1509 739 1574 procreasset.
753 1494 757 1578 Ι
771 1502 826 1557 hoc
837 1511 924 1557 mmeo
935 1508 1057 1575 tempore
1070 1517 1085 1556 e
1096 1510 1221 1556 senatus·
1236 1507 1293 1562 [¹⁹0]

253 1585 391 1654 consulto,
407 1585 481 1658 quod
496 1595 607 1642 auctore
622 1585 687 1642 diuo
703 1587 873 1642 sanctissimo
884 1578 1035 1641 Hadrianoi
1049 1586 1151 1642 iactum
1166 1594 1219 1656 est,
1326 1573 1327 1590 ³

255 1672 334 1728 etiam
356 1671 380 1724 si
394 1686 449 1725 non
469 1669 552 1726 luerit
572 1669 716 1726 conubium
737 1672 809 1726 inter
828 1672 915 1726 ciuem
931 1669 1076 1726 Romanam
1096 1679 1125 1726 et
1143 1685 1222 1743 pere·

254 1757 374 1829 gripum,
390 1755 437 1828 qui
452 1756 580 1823 nascitur,
597 1756 686 1812 iustus
700 1756 783 1830 patris
799 1753 871 1810 filius
889 1763 940 1812 est.
957 1758 962 1822 Ι
978 1749 1025 1810 78.
1041 1753 1121 1821 Quod
1131 1763 1222 1810 autem

254 1839 379 1907 diximus,
400 1839 472 1894 inter
488 1841 575 1896 ciuem
590 1837 736 1896 Romanam
754 1841 984 1913 peregrinumque
1004 1843 1062 1896 nisi
1074 1840 1223 1895 conubium

254 1917 316 1995 sit,⁶
337 1927 388 1997 qui
404 1927 408 1990 Ι
424 1925 557 1995 nascitur,
573 1925 749 1998 peregrinum
766 1940 837 1994 csse,
857 1923 882 1979 'e
902 1926 965 1998 lepe
980 1924 1102 1980 Minicia
1118 1916 1222 1992 aenit‚⁶

255 2027 312 2084 pao
329 2012 467 2075 contami
484 2006 554 2080 'est‚
582 2017 612 2064 ut
631 2009 653 2062 is
676 1977 967 2082 quidemlsaeteriorls
988 2010 1107 2082 parentis
1129 2007 1222 2064 condi·

328 2140 348 2206 ¹)
362 2142 407 2192 aa
436 2138 488 2191 V⁸².
525 2141 578 2190 Sed
600 2139 702 2206 p(otest)
727 2141 800 2208 e(ius)
820 2151 882 2206 post
905 2142 1039 2192 emenda-ri
1056 2142 1175 2205 supplevi
1198 2145 1222 2189 et

254 2216 330 2264 initio
345 2229 368 2264 u.
383 2225 416 2262 14.
432 2227 498 2276 qaae
512 2213 602 2260 retulit
615 2211 653 2260 St.
669 2213 690 2259 e'
706 2227 742 2261 ex.
758 2213 788 2275 ai,
803 2216 962 2278 interpretor
976 2215 1061 2278 faisse
1075 2212 1151 2275 seed,
1163 2212 1221 2276 sor·

254 2291 322 2333 tass'e
343 2299 360 2332 a
379 2282 490 2331 librario
510 2289 643 2344 corrupta.
677 2284 799 2334 emendari
818 2285 902 2334 uitium
921 2287 972 2334 eius
992 2299 1019 2333 ox
1037 2291 1144 2333 senatus
1162 2297 1222 2332 coa·

254 2357 321 2404 salto
337 2354 397 2402 licet
411 2351 571 2418 (secundam)
585 2353 626 2401 ed.
640 2352 714 2404 Stud.
768 2352 789 2421 ²)
804 2355 849 2405 Em
862 2356 969 2405 Lacino.
984 2358 1017 2419 ai.
1033 2355 1113 2418 itaqne
1127 2351 1221 2404 Scaea.

259 2419 305 2474 V't
327 2423 391 2488 (pro
414 2422 512 2486 itique).
579 2419 599 2489 ⁸)
618 2425 727 2488 nupserit
743 2424 747 2492 Ι
764 2427 811 2476 erit
834 2423 879 2476 Vst
896 2434 921 2476 et
943 2427 1036 2476 deinde
1059 2425 1221 2489 peregrinum.

255 2493 277 2559 ⁴)
292 2495 433 2544 hadrianos'
454 2490 507 2543 V'i.
526 2495 643 2544 sedeam
657 2495 688 2544 de
703 2497 917 2561 interpretatione
932 2497 1077 2546 sanctissimi
1093 2493 1137 2562 (L.
1152 2507 1173 2547 e.
1189 2495 1221 2544 D.

254 2567 286 2616 de
300 2567 381 2614 natal.
395 2572 456 2614 rest.
471 2577 506 2624 io,
521 2576 555 2615 11.
574 2565 606 2617 L.
620 2577 654 2618 87.
675 2569 698 2628 ᾖ.
713 2579 734 2618 t.
754 2569 785 2617 D.
801 2569 833 2618 de
848 2571 896 2634 lep.
911 2580 932 2618 tt.
954 2567 1059 2618 0.Ι.Ι..
1076 2567 1101 2615 V.
1117 2579 1138 2616 1.
1154 2581 1222 2615 nam.

254 2629 317 2689 stab.
333 2647 394 2687 1874.
409 2633 483 2701 ease),
498 2637 567 2700 qood
576 2638 603 2686 ia
614 2641 701 2688 actas·
712 2641 823 2703 accipio,
838 2655 872 2689 aa
883 2640 1040 2688 sacratissimi
1051 2636 1097 2704 (of.
1107 2637 1144 2686 ad
1152 2651 1173 2698 1,
1183 2635 1222 2701 ott)

254 2706 375 2756 dubitare
389 2708 475 2766 liceat,
490 2715 559 2758 certe
573 2707 638 2758 taes
651 2724 703 2758 oosc
717 2725 752 2758 ess
761 2719 891 2774 perpetua
905 2713 981 2760 etiam
998 2712 1025 2759 in
1040 2708 1221 2770 inscriptioni·

254 2777 301 2827 hus
315 2778 499 2828 consuetudine
513 2780 611 2828 nomini
624 2780 789 2842 imperatoris
804 2782 993 2845 praeponenda
1011 2787 1057 2831 est.
1085 2779 1124 2842 Cf.
1144 2779 1223 2827 etiam

255 2860 280 2909 1,
299 2859 333 2900 tt.
357 2859 383 2910 a,
402 2861 450 2901 285.
483 2848 595 2898 Addidit
609 2857 673 2913 pato
695 2851 776 2901 Gaius
794 2852 843 2903 iac
856 2854 967 2917 etapium
986 2853 1025 2900 ael
1043 2865 1095 2900 non
1110 2849 1223 2907 addidit,

250 2925 334 2982 prout
351 2921 378 2967 io
398 2921 454 2983 ipso
473 2923 695 2972 senatusconsulto
714 2924 864 2979 inaccessis
884 2939 943 2972 nam
956 2937 991 2972 em
1004 2923 1071 2972 actis
1086 2919 1225 2970 Hadriani

255 2991 282 3038 ia
297 2997 388 3039 senata
402 2997 500 3039 tantam
509 2991 634 3054 refertar.
682 2990 703 3058 ⁶)
718 2992 772 3056 Sic,
782 2995 852 3058 qaod
861 2996 888 3043 in
897 2994 937 3043 ed.
949 3005 971 3044 4.
981 2995 1170 3057 suppleveram,
1183 3006 1223 3040 se-

255 3060 366 3109 candam
379 3059 469 3124 Suppl.
483 3059 521 3110 St.
532 3077 561 3124 p.
580 3061 685 3112 XXIV
699 3067 803 3115 mutavi.
873 3061 895 3130 ⁶)
914 3067 954 3114 vel
969 3061 1041 3130 ‘lepe
1056 3063 1171 3113 Minicia
1184 3061 1223 3125 ef-

251 3127 389 3197 ficit(ar)’,
404 3147 461 3180 cam
473 3132 540 3180 uenit
554 3134 581 3181 ia
598 3132 624 3181 0.
636 3133 721 3195 fuisse
735 3143 850 3202 nepotas.
913 3133 934 3199 ¹)
949 3151 962 3184 e
977 3142 1003 3184 ut
1017 3136 1038 3183 si
1053 3135 1073 3183 is
1088 3133 1161 3198 qdem
1180 3128 1226 3182 W

255 3203 350 3252 litteris
364 3203 502 3251 maalmam
512 3210 616 3266 partem
626 3206 746 3266 pallidis,
760 3223 774 3256 e
788 3207 880 3272 quibos
892 3207 914 3255 si
927 3207 990 3256 citio
1005 3205 1114 3255 librarii
1127 3203 1223 3255 miluo.

259 3271 329 3333 Quae
342 3279 486 3337 lequuntur
499 3275 527 3322 ia
541 3273 566 3322 k·
581 3275 614 3336 §a
628 3289 663 3322 ex
682 3275 734 3338 Vfli,
744 3286 882 3342 postquam
891 3280 969 3342 plene
983 3278 1104 3339 innotuit,
1118 3283 1225 3340 siquae

255 3346 307 3410 lepi
326 3359 376 3394 oon
392 3351 547 3408 potuerant,
572 3346 721 3400 adsensum
741 3356 767 3398 et
784 3351 865 3412 spatii
881 3350 1009 3398 radonem
1025 3348 1138 3397 restitui.
1169 3346 1225 3396 Pro

326 3464 352 3535 θ.
369 3471 410 3521 76.
432 3469 471 3532 Of.
487 3470 509 3530 §-
525 3480 559 3520 so.
628 3472 653 3544 §-
671 3476 711 3526 77.
734 3473 772 3536 Of.
788 3472 847 3522 Lto.
862 3483 897 3535 se,
912 3483 932 3523 a.
952 3473 976 3534 t.
995 3483 1016 3524 a.
1036 3483 1075 3535 or,
1095 3483 1129 3523 ει.
1149 3473 1174 3532 5.
1191 3482 1226 3521 ιι.

256 3548 290 3599 as,
304 3548 338 3589 se.
359 3540 382 3599 §-
398 3551 418 3589 a.
475 3535 501 3608 ᾗ.
518 3541 559 3592 78.
577 3539 615 3604 Of.
634 3547 690 3610 Uip.
706 3556 726 3607 e,
740 3555 762 3595 e.
909 3559 912 3566 ¹
