2678 4116
222 214 285 279 226
535 228 595 264 om
613 229 706 268 meum.
724 209 758 264 11.
777 213 886 262 22—24.

228 367 319 432 ciuili¹
335 373 363 428 in
379 371 470 428 satiem
487 374 491 438 1
509 387 591 427 causa
607 377 670 426 sunt
685 367 859 443 prouincialia
877 367 997 442 praedia,
1015 385 1132 443 quorum
1145 371 1195 428 alia

228 456 411 532 stipendiario,
427 455 476 512 elia
491 454 631 511 tributaria
650 469 794 512 uoenmus:
810 452 984 527 stipendiaria
996 461 1061 510 sunt
1073 470 1114 532 ea,
1126 471 1194 528 quae

228 545 256 600 in
268 543 311 598 his
325 542 473 616 prouinciis
485 548 557 610 sunt,
572 539 778 613 quamproprias
790 537 883 612 populi
890 537 1002 594 Romani
1016 554 1077 594 esse
1087 538 1195 596 intelle·

228 635 347 701 guntur3
360 625 501 682 tributaria
514 632 625 690 suntsi,
637 639 706 695 quoe
718 623 745 678 in
757 622 800 678 his
811 623 960 695 prouinciis
966 629 1042 694 sunt,
1054 639 1195 697 quaepro·

227 709 303 786 prise
315 709 434 766 Caesaris
447 726 508 766 esse
520 708 677 767 creduntur.
705 703 755 765 22.
767 706 880 780 Munoipi
897 722 965 762 uero
977 701 1046 762 'ros²
1057 723 1106 781 per
1120 723 1193 764 msu-

223 797 390 869 ¹cipatiouem
403 794 436 851 ad
449 793 529 850 olium
541 792 759 861 transferuutur3
772 790 844 847 uude
856 791 937 846 etiam
950 793 1065 866 mancipi
1078 808 1121 848 res
1130 801 1194 848 sunt

229 879 325 938 diotae.
357 878 429 952 quod
448 887 538 934 autem
557 879 629 933 ualet
646 869 840 950 monci(potia,
857 878 930 932 idern
948 878 1026 932 ualet
1039 882 1066 933 et
1082 880 1112 934 in
1129 880 1193 934 iure

227 955 348 1022 cessio³
378 959 426 1022 23.
449 963 487 1018 Et
501 958 685 1036 manci)potio
701 959 808 1035 quidem
829 960 1056 1032 quemadmodum
1072 961 1129 1035 fiat,
1147 976 1193 1018 su·

226 1049 334 1122 periore
349 1047 543 1104 commentario
559 1045 727 1104 tradidimus.
756 1041 806 1102 24.
822 1044 851 1100 ln
866 1045 926 1100 iuro
939 1047 1026 1102 cessio
1037 1054 1126 1102 autem
1139 1046 1194 1102 hoo
1208 1059 1276 1113 [lau]

227 1132 309 1188 modo
321 1129 367 1188 fit:
386 1133 459 1205 opud
469 1131 657 1204 magistratum
670 1128 765 1204 populi
773 1127 884 1185 Romani
897 1122 1003 1208 uel(ut)
1014 1123 1195 1204 praetorem,⁴

228 1219 262 1289 is,
275 1217 319 1273 cui
331 1233 375 1273 res
386 1216 413 1271 in
426 1217 484 1272 iure
498 1215 614 1287 ceditur,
626 1231 684 1270 rem
696 1223 791 1270 tenens
803 1215 839 1270 ita
854 1214 940 1270 'dicitz
951 1207 962 1246 ⁶
972 1229 1054 1273 uvuo
1066 1229 1129 1274 uoo
1137 1231 1193 1273 no·

302 1347 322 1416 ¹)
337 1348 382 1400 Sic
397 1350 556 1412 interpretor
566 1351 667 1398 litteras
681 1349 747 1398 duas
757 1350 874 1399 incertas
889 1344 933 1397 Vnt
946 1349 969 1398 io
979 1351 1018 1398 oei
1032 1349 1054 1398 io
1066 1351 1106 1398 oei
1115 1365 1193 1400 unam

229 1438 262 1486 m,
277 1436 436 1486 quamquam,
451 1422 505 1469 sim
516 1421 578 1483 fuit,
593 1421 761 1469 meroerrori
775 1419 882 1469 librarii
895 1419 976 1468 tribui
986 1421 1078 1484 possit,
1089 1427 1192 1484 postre-

228 1509 293 1544 mam
303 1493 416 1541 litteram
425 1507 448 1542 o.
459 1491 505 1540 sim
515 1491 662 1555 repetentis.
686 1489 740 1540 Sed
752 1491 800 1541 liae
813 1489 894 1540 Gaius
904 1498 929 1540 et
940 1493 1083 1540 rectissime
1093 1491 1194 1555 quidem

229 1566 318 1614 dicere
328 1568 414 1626 potest
428 1564 554 1630 votuisse,
563 1562 736 1612 tantammodo
750 1563 808 1611 iure
823 1563 896 1610 civiti
904 1570 929 1610 et
939 1563 990 1611 iam
1001 1562 1193 1626 daecpraedia,

132 1693 135 1698 ¹
229 1650 295 1700 quae
309 1635 367 1683 iure
379 1634 501 1698 pendium,
518 1649 574 1684 oum
588 1639 634 1682 aut
643 1634 737 1696 populi
747 1631 818 1683 Rom.
834 1639 880 1682 aut
896 1632 1017 1683 ansaris
1030 1634 1090 1692 sint,
1101 1634 1194 1696 priua·

228 1715 313 1756 torum
323 1705 424 1756 omnino
435 1719 489 1754 esse
500 1719 550 1754 non
557 1705 668 1768 possint,
678 1704 820 1754 traditione
829 1703 862 1753 ab
872 1719 910 1762 eo,
925 1705 1001 1754 ouius
1009 1706 1071 1763 sint,
1081 1704 1194 1768 perinde

228 1777 343 1827 alienari
350 1774 442 1834 iuberi,
453 1782 529 1840 atque
536 1790 629 1825 aurum
636 1777 676 1824 aei
683 1781 782 1833 uestem,
791 1790 856 1840 qaae
864 1777 1023 1825 naturaiiter
1028 1778 1195 1838 priuatorum

228 1849 367 1898 dominium
381 1853 406 1895 et
419 1847 585 1896 traditionem
599 1847 737 1910 recipiunt.
763 1845 795 1894 In
809 1843 900 1909 Suppl.
906 1862 934 1909 p.
951 1846 978 1894 X
982 1846 1009 1894 X
1013 1847 1072 1896 VII
1076 1845 1113 1896 St.
1125 1861 1194 1895 nunc

228 1935 326 1986 nepare
344 1917 445 1968 videtur
463 1919 515 1967 nisi
533 1918 565 1967 de
584 1931 608 1966 m
627 1919 740 1982 copitari
756 1931 842 1980 posse.
874 1915 1016 1977 Quaeritur
1029 1919 1119 1982 ipitur,
1134 1924 1196 1966 utro

229 1998 341 2054 tempore
354 1991 452 2040 rectius
466 1990 563 2039 viderit
572 1990 612 2038 oei
621 1989 756 2038 iudicarit.
821 1983 842 2052 ¹)
853 2001 939 2052 rsquss
954 1983 1000 2036 Vii
1011 2003 1051 2038 res
1064 1995 1120 2038 sunt
1134 2001 1194 2052 quae

229 2063 288 2114 edd.
303 2076 343 2110 res
357 2075 432 2125 oeque
443 2061 501 2110 edd.
512 2075 589 2110 meae.
614 2076 683 2110 nuno
692 2059 770 2109 verba
781 2066 836 2108 sunt
845 2074 906 2122 quae
915 2062 1072 2110 somnolento
1084 2059 1195 2110 librario

230 2135 315 2182 malim
334 2131 448 2182 tribuere
470 2147 504 2182 ea
523 2131 733 2181 antecedentibus
751 2131 818 2180 iana
838 2132 913 2194 quasi
927 2129 1068 2193 formulam
1087 2137 1196 2180 cantare

231 2205 380 2268 assuefacto
395 2218 470 2267 quam
483 2210 669 2265 transponere:
682 2203 729 2252 Res
743 2216 801 2251 uero
812 2215 872 2265 quoe
883 2215 914 2250 m.
925 2208 992 2264 sunt3
1007 2204 1058 2251 iam
1068 2204 1134 2252 enim
1144 2216 1195 2251 non

233 2276 377 2340 quaeritur,
393 2287 458 2337 quae
472 2288 517 2322 res
530 2274 645 2336 mancipi
657 2275 718 2323 sint.
748 2273 786 2336 Cf.
798 2274 820 2334 ξ.
832 2284 865 2324 19.
945 2268 967 2338 ³)
980 2271 1029 2338 Bp.
1039 2274 1079 2322 ed.
1094 2284 1115 2324 5.
1130 2274 1196 2321 maie

231 2346 373 2409 suppleuit:
382 2342 547 2409 msuci(patio
558 2345 585 2392 in
596 2344 710 2406 mancipi
717 2343 802 2406 rebus,
813 2343 879 2392 idern
886 2344 914 2392 ia
922 2343 1036 2394 omnibus
1043 2343 1121 2394 rebus
1128 2345 1196 2394 vaiet

232 2418 259 2464 in
273 2417 331 2464 iure
347 2412 448 2479 cessio).
479 2413 544 2464 Nam
553 2421 581 2463 ut
591 2421 697 2472 taceam,
712 2429 763 2464 non
779 2429 864 2464 omnes
877 2429 920 2464 res
935 2416 962 2464 in
973 2415 1030 2464 iare
1041 2415 1100 2466 cedi
1108 2429 1196 2478 posse,

232 2488 260 2535 in
270 2486 319 2544 dis,
334 2499 399 2549 quae
410 2492 527 2549 possunt,
542 2486 580 2534 ita
590 2486 696 2544 demum,
710 2487 734 2534 si
743 2487 857 2548 mancipi
865 2492 933 2545 sunt,
948 2485 1014 2535 idem
1023 2487 1091 2536 ualet
1100 2487 1127 2534 in
1138 2487 1196 2534 iure

233 2559 315 2606 cessio
330 2555 399 2620 quod
411 2557 578 2620 mancipatio,
593 2558 662 2605 oeiut
674 2557 705 2606 de
715 2558 871 2606 auctoritate
881 2555 1020 2621 obiipando
1030 2571 1094 2616 eum,
1109 2557 1155 2621 qui
1167 2557 1195 2604 in

233 2629 291 2677 iure
306 2627 381 2678 cedit.
459 2622 482 2692 ⁴)
499 2626 573 2686 Quod
586 2629 613 2676 in
630 2627 655 2676 0.
670 2629 787 2692 sequitur
801 2642 862 2690 uepr
874 2627 969 2690 isidem
983 2628 1103 2691 puinisiae
1117 2626 1197 2692 (unde

233 2699 272 2748 uel
282 2698 345 2762 apud
354 2697 488 2762 praesidem
498 2698 637 2762 prouinciae
648 2700 699 2748 iam
704 2697 827 2749 Boethius
837 2705 862 2747 et
870 2699 927 2747 edd.
938 2700 1014 2748 etiam
1024 2697 1103 2764 meae)
1109 2704 1196 2747 natum

233 2766 289 2819 ess'e
303 2785 338 2818 en
345 2771 498 2835 glossemate
512 2775 536 2818 et
549 2771 617 2820 notio
626 2772 691 2820 maie
705 2770 851 2827 intellectis,
867 2770 917 2818 iam
927 2784 962 2818 eac
976 2765 1196 2832 immanifestius

234 2847 357 2904 apparet,
377 2839 421 2889 ubi
439 2847 477 2890 est
496 2842 523 2890 in
538 2842 591 2904 fine
605 2843 628 2903 ς.
643 2853 668 2892 1:
687 2842 733 2890 hos
748 2840 808 2906 (non
828 2854 889 2904 quoe
903 2840 972 2906 edd.)
988 2841 1041 2890 deri
1054 2846 1133 2904 potest
1147 2845 1196 2890 etc.

234 2927 292 2960 nam
307 2913 387 2975 plane
406 2911 473 2961 idem
489 2911 571 2962 Gaias
586 2919 655 2962 certe
673 2911 712 2961 dis
726 2927 776 2962 non
792 2912 869 2960 dimit.
936 2908 956 2976 5)
970 2911 1013 2961 Ita
1030 2911 1055 2962 O.
1066 2911 1124 2962 edd.
1152 2909 1198 2959 En

233 2981 324 3032 Boetli.
344 2989 369 3033 et
389 2983 451 3046 qaia
469 2985 586 3048 sequitur
604 2989 730 3048 postquem
748 2983 787 3032 hio
805 2982 966 3032 uindicauerit
984 2984 1011 3032 in
1030 2983 1070 3032 ed.
1090 2995 1110 3034 1.
1129 2983 1197 3032 scri·

231 3068 352 3116 pseram:
375 3050 518 3120 (uin)dioat.
557 3054 696 3119 Postquam
715 3068 775 3104 nero
795 3051 873 3103 uerba
892 3054 1078 3104 vindicationis
1100 3054 1199 3103 rectius

236 3125 385 3190 inteliepere
400 3127 509 3192 eontipit
522 3123 570 3191 (cf.
586 3126 622 3175 ad
634 3137 655 3188 t,
671 3123 720 3192 lo),
735 3125 853 3174 intelteaei
867 3125 976 3174 etiami.
988 3126 1004 3174 1.
1017 3125 1042 3174 G.
1063 3125 1124 3175 Ver.
1140 3123 1199 3173 dicit

235 3202 306 3244 recte
320 3194 414 3245 dobere
425 3203 449 3246 et
458 3197 527 3262 qaod
539 3197 656 3262 sequitur
666 3196 824 3246 uindicauerit
832 3201 952 3259 spectare
965 3195 1042 3246 verba
1052 3197 1107 3246 iliis
1121 3195 1200 3244 dictis

236 3267 339 3316 adiecta
353 3282 438 3319 smum
456 3283 527 3332 o1x1,
546 3279 616 3319 mecm
635 3285 690 3318 mm
708 3280 856 3319 vmmoreu
874 3280 991 3319 1ueoev1.

308 3369 334 3442 ξ.
354 3375 396 3425 22.
418 3374 558 3437 Cf.1‚1ts.
579 3385 626 3426 tto.
663 3374 718 3437 Utp.
739 3385 773 3436 19,
787 3385 808 3426 u.
843 3373 895 3425 Cic.
915 3373 976 3438 Tap.
991 3385 1013 3427 a.
1033 3373 1093 3438 ibip.
1108 3371 1200 3424 Boetn.

232 3460 261 3508 p.
277 3455 325 3496 sse.
349 3442 419 3494 Bate.
436 3445 481 3494 11.
503 3445 562 3494 Vat.
577 3457 625 3497 sn.
640 3457 687 3497 ero.
712 3444 799 3495 Varro
810 3444 841 3494 de
851 3461 874 3494 r.
885 3461 908 3493 r.
919 3457 940 3508 e,
951 3456 984 3496 ιο.
999 3446 1023 3507 s.
1037 3456 1059 3495 e.
1115 3439 1141 3512 §-
1156 3445 1199 3494 23.

240 3515 278 3577 Of.
292 3527 313 3578 1,
328 3527 374 3566 119.
438 3512 463 3584 ξ.
476 3518 518 3568 24.
534 3517 559 3566 lu
570 3517 621 3567 iure
632 3517 709 3566 cessio
725 3551 731 3566 .
747 3557 753 3568 .
770 3552 776 3567 .
791 3516 850 3578 legis
865 3516 927 3565 ictio
942 3512 1054 3583 uocdtur]
1065 3537 1099 3558 ιε
1109 3513 1199 3565 Boetia

237 3587 253 3634 t.
270 3601 292 3634 c.
320 3585 358 3648 Os.
379 3585 433 3650 Uip.
450 3599 567 3650 19,o.10.
584 3603 665 3652 snpra
681 3601 701 3651 1,
716 3598 762 3638 111.
