2678 4116
217 191 284 256 264
496 207 554 244 2112
571 209 663 244 rusam.
683 191 717 244 Π.
738 196 884 245 tat-192.

218 353 349 399 saronvs
365 352 481 397 servvs
495 353 576 396 murs
591 356 684 396 ornan
699 353 864 404 nurusque
878 353 968 408 asro,
995 339 1051 395 uel:
1067 355 1170 398 22222

217 439 373 488 namnum-r
388 437 478 480 usam
516 417 578 480 187.
600 421 665 478 Nam
681 423 776 478 sisino
792 421 917 479 libertate
933 423 1012 479 heres
1027 424 1168 480 institutus

218 509 264 577 sit,
280 507 383 562 etiamsi
399 513 494 580 postea
504 507 682 562 manumissus
695 506 801 562 iuerita
816 505 935 576 domino,
953 506 1032 563 heres
1043 523 1103 562 esse
1114 524 1168 564 non

217 597 319 664 potest,
336 591 398 662 quia
413 591 550 646 institutio
566 591 592 646 in
606 606 719 662 persona
734 593 795 646 eius
806 606 860 646 non
872 591 1008 658 eonstitii;
1025 585 1166 664 'ideoque¹

218 673 282 730 licet
296 673 427 730 alienatus
442 674 487 743 sit,
502 689 557 729 non
573 681 664 747 potest
679 675 755 730 iussu
770 673 869 730 domini
885 675 950 730 noui
965 690 1076 730 eernere
1091 675 1169 730 here·

147 760 209 810 102.
220 757 338 814 ditatem.
376 755 440 814 188.
457 756 521 814 Cum
537 756 661 814 libertate
677 773 742 814 uero
758 758 835 812 heres
850 750 1010 835 iinstitutus
1024 759 1046 814 si
1062 757 1168 831 quidem

219 843 247 897 in
262 843 355 898 eadem
376 857 454 898 eausa
469 841 624 912 domuerit,
647 839 676 896 fir
698 857 729 896 er
746 849 906 898 testamento
922 841 990 898 liher
1004 850 1031 896 et
1045 841 1107 898 inde
1123 857 1169 897 ne·

219 929 350 982 cessarius
365 925 456 981 heres:
478 926 500 980 si
517 941 582 980 uero
597 923 629 980 ab
645 927 704 997 ipso
728 932 859 982 testatore
880 925 1060 982 manumissus
1076 924 1169 998 suerit,

218 1025 269 1064 suo
292 1009 403 1064 arbitrio
426 1008 601 1064 hereditatem
620 1008 692 1064 adire
715 1017 822 1080 potest3
852 1009 949 1082 quodsi
970 1008 1098 1064 alienatus
1124 1010 1169 1079 sit,

218 1093 294 1148 iussu
313 1094 379 1148 noui
401 1092 502 1148 domini
522 1091 593 1148 adire
612 1091 786 1148 hereditatem
808 1091 900 1163 dehet,
924 1108 976 1166 qua
995 1094 1099 1148 ratione
1121 1109 1171 1165 per
1224 1114 1232 1123 ·

220 1183 282 1232 erim
298 1175 422 1232 dominus
438 1173 469 1232 fit
483 1176 576 1232 heres:
593 1191 652 1230 nam
668 1177 724 1249 ipse
739 1191 827 1249 neque
843 1176 921 1233 heres
933 1191 1019 1248 neque
1030 1173 1097 1230 liber
1108 1191 1170 1231 esse

219 1267 320 1333 potest.
374 1255 440 1315 189.
464 1259 572 1315 Alienus
592 1275 701 1332 quoque
721 1275 817 1315 seruus
839 1260 917 1315 heres
938 1260 1076 1315 institutus
1097 1259 1120 1314 si
1141 1259 1169 1314 in

219 1343 311 1398 eadem
326 1359 406 1398 causa
421 1341 567 1413 durarent,
582 1343 657 1398 lassu
674 1343 774 1398 domini
795 1343 972 1400 hereditatem
986 1342 1060 1398 adire
1075 1341 1169 1412 debet3

220 1427 243 1481 si
260 1441 324 1482 uero
341 1425 470 1481 alienatus
485 1424 517 1480 ah
532 1441 564 1481 eo
580 1425 660 1482 iuerit
676 1435 722 1482 aut
737 1427 802 1482 uiuo
821 1435 950 1483 testatore
966 1435 1011 1482 aut
1024 1433 1086 1499 post
1098 1443 1170 1482 mor·

221 1518 275 1567 tem
292 1511 366 1579 eius,
383 1518 524 1582 antequam
540 1519 647 1581 cernat,
663 1509 742 1566 dehet
758 1512 834 1566 iussu
849 1512 913 1567 noui
928 1511 1027 1567 domini
1044 1526 1169 1566 eernere:

219 1595 243 1648 si
258 1608 323 1648 uero
339 1594 518 1650 manumissus
531 1601 582 1665 est,
597 1610 647 1650 suo
663 1593 773 1649 arbitrio
790 1593 863 1650 adire
878 1595 1054 1652 hereditatem
1068 1601 1169 1668 potest.
1180 1611 1244 1661 [rea]

221 1671 290 1735 100.
318 1676 346 1732 Si
367 1685 456 1732 autem
477 1692 572 1732 seruus
595 1677 697 1734 alienus
724 1678 802 1734 heres
828 1678 970 1734 institutus
997 1686 1039 1734 est
1065 1677 1169 1752 uulgari

220 1762 341 1824 cretione
360 1759 436 1826 data,
452 1763 489 1817 ita
504 1756 697 1836 i(ntelle)gitur
713 1761 768 1818 dies
785 1763 913 1818 cretionis
934 1761 1048 1832 cedere,
1070 1763 1092 1818 si
1112 1765 1170 1834 ipse

220 1861 317 1900 seruus
334 1845 433 1915 scierit,
450 1863 479 1902 se
495 1844 620 1902 heredem
636 1847 789 1900 institutum
804 1860 874 1916 esse,
896 1861 945 1902 neo
960 1845 1044 1902 ulium
1059 1845 1169 1918 impedi·

220 1935 339 1984 mentum
358 1921 494 2002 'fuerit‚²
514 1931 657 2002 quominus
678 1930 822 1986 certiorem
843 1929 980 1986 dominum
1002 1929 1118 2000 iaceret,
1140 1936 1171 1985 ut

221 2011 296 2068 iilius
311 2013 388 2069 iussu
403 2029 514 2070 eernere
530 2006 658 2086 'posset.³
1222 2006 1223 2010 ’

282 2091 342 2154 191.
363 2096 428 2154 Post
442 2097 509 2153 haee
524 2096 661 2154 uideamus
677 2096 709 2152 de
724 2097 831 2170 legatis.
861 2112 928 2170 quae
944 2113 1004 2170 pars
1017 2098 1082 2154 iuris
1095 2104 1171 2154 entra

220 2182 387 2254 propositam
408 2180 515 2254 quidem
535 2181 669 2236 materiam
692 2179 812 2234 uidetur:
834 2196 895 2236 nam
917 2179 1053 2254 loquimur
1075 2180 1108 2237 de
1129 2181 1170 2238 his

220 2265 286 2320 iuris
303 2262 408 2336 figuris,
432 2262 528 2337 quibus
544 2279 593 2337 per
607 2265 809 2320 uniuersitatem
824 2280 867 2320 res
883 2265 960 2320 nobis
977 2263 1171 2337 adquiruntur:

220 2347 344 2402 sedeam
360 2346 514 2402 omnimodo
527 2345 559 2402 de
575 2347 741 2404 testamentis
757 2346 844 2420 deque
860 2347 1013 2440 heredibus,
1028 2351 1074 2422 qui
1091 2358 1171 2404 testa·

221 2437 312 2486 mento
334 2430 530 2500 instituuntur,
552 2428 635 2486 locuti
658 2447 765 2494 sumus,
790 2447 843 2486 non
864 2432 923 2487 sine
946 2448 1024 2511 eausa
1045 2434 1170 2506 sequenti

151 2523 210 2574 103,
222 2513 283 2571 ioca
304 2509 307 2587 i
327 2515 429 2588 poterit
443 2513 531 2570 haee
523 2515 589 2570 ruris
604 2516 712 2570 materia
729 2516 843 2571 tractari.

622 2629 655 2678 ue
674 2629 765 2692 legatis.

284 2715 349 2777 192.
372 2719 535 2793 Legatorum
556 2722 647 2794 itaque
667 2737 766 2795 genera
786 2731 850 2778 sant
868 2731 1009 2796 quattuor:
1032 2729 1078 2776 aut
1099 2720 1168 2776 enim

221 2821 271 2878 per
286 2801 493 2860 uindicationem
509 2803 642 2878 legamus,
660 2813 705 2860 aut
721 2821 769 2876 per
784 2805 989 2877 damnationem,
1005 2813 1050 2860 ant
1066 2804 1169 2861 sinendi

222 2887 314 2961 modo,
330 2895 376 2942 ant
390 2903 439 2961 per
455 2889 682 2962 praeceptionem.

295 3087 315 3155 ¹)
330 3091 420 3140 Malim
434 3091 548 3155 adeoque.
618 3087 639 3158 ²)
653 3092 685 3141 sit
700 3091 726 3141 0.
740 3092 798 3141 edd.
819 3089 931 3157 (saetam
949 3107 984 3142 em
1003 3093 1172 3157 impedimento

222 3159 284 3225 tuit).
337 3157 357 3226 3)
373 3162 449 3224 possit
464 3161 489 3210 0.
504 3163 561 3212 edd.

292 3315 317 3388 ᾗ.
335 3321 392 3372 188.
415 3319 452 3384 Cf.
472 3319 527 3384 mp.
542 3331 576 3378 22,
591 3332 624 3371 11.
640 3332 672 3372 12.
688 3321 743 3382 §.a
762 3319 784 3370 I.
799 3322 841 3370 eit.
856 3331 1029 3385 supremitas.
1075 3315 1174 3389 §.182

224 3389 791 3475 022122222222221112222222
846 3386 941 3460 §.190
964 3391 1173 3454 22212122

222 3461 254 3512 1).
271 3458 524 3526 qursordo(38‚15).
610 3457 635 3530 ᾗ,
652 3464 812 3524 191.-=pr
828 3458 849 3510 I.
865 3462 896 3510 de
911 3463 1004 3526 lepores
1017 3459 1050 3526 (2
1064 3459 1109 3526 2ο)
1135 3461 1173 3524 Cf.

221 3532 294 3594 §.aa
345 3527 445 3600 §.192
467 3531 540 3594 Cfio
559 3531 690 3596 dihmlltp
708 3542 776 3590 eno
1223 3551 1224 3556 ¹
