2694 4110
259 191 321 258 800
469 191 992 244 satan.sve.eou.varro.291-294.
1018 257 1021 268 .

258 340 343 414 patris
366 337 448 393 rebus
476 337 539 400 iure,
561 337 722 394 donationis
746 329 921 393 uindicant¹
961 334 1028 391 Noli
1046 336 1134 407 ioitnr
1153 349 1211 390 me-

259 431 341 480 tuere
368 413 516 493 'fratrum²
542 427 652 475 tuorum
679 419 908 492 inquietudinem,
929 418 953 474 si
978 433 1031 490 qua
1056 420 1171 475 donatio
1192 436 1213 474 a

255 513 343 579 patro
364 513 412 562 tao
426 508 456 561 in
472 511 499 560 te
515 506 622 561 collato
638 509 742 576 aequet
755 507 924 573 partionem,
939 517 1008 574 quae
1024 500 1071 558 tibi
1086 517 1118 557 er
1132 499 1213 558 bonis

258 589 344 664 patris
365 590 401 645 ab
428 592 563 646 intestato
582 587 711 656 debetur,
738 595 857 658 eamque
880 589 911 642 in
931 588 1006 642 diem
1031 588 1215 643 nouissimum

259 672 388 730 uoluntas
405 687 582 746 perseuerans
594 671 736 727 adinstar
748 674 846 726 mortis
856 685 947 726 cansa
959 671 1118 726 donationis
1129 670 1215 725 rede-

258 759 310 832 oit,
326 756 370 814 uel
392 758 472 812 etiam
487 755 563 812 tundi
579 771 611 810 er
623 755 737 828 pecunia
752 759 855 827 epatre
870 755 922 810 tibi
931 755 1040 811 donata
1052 757 1217 824 comparati

258 844 402 914 possessio
427 841 537 912 pridem
558 837 607 894 tibi
628 837 739 908 tradita,
760 853 791 894 ac
812 837 985 910 postmodum
1001 844 1141 894 reuocata
1155 852 1215 893 non

260 932 312 983 est.
345 924 434 982 Tuom
455 927 542 996 initur
557 924 633 996 quod
646 938 686 978 eoo
700 923 852 978 donatione
874 914 1020 993 competit³
1036 921 1105 976 tacta
1120 937 1215 976 nume·

220 1061 223 1068 .
260 1023 335 1077 rans,
350 1007 422 1081 quod
443 1022 526 1080 penes
540 1014 655 1079 patrem
669 1009 817 1077 remansit,
829 1005 1050 1076 cumfratribus
1065 1019 1105 1062 ex
1120 1019 1214 1077 aequo

260 1093 363 1151 dioride.
394 1091 450 1151 bat.
466 1091 507 1146 lll.
523 1090 574 1151 ltal.
592 1088 648 1146 Oct.
681 1089 785 1145 Verona
800 1127 928 1147 ......

322 1171 385 1233 set.
407 1173 429 1231 ⁴.
448 1215 456 1230 .
472 1215 478 1228 .
497 1218 503 1231 .
523 1175 648 1247 Apatre
668 1187 766 1229 rernm
785 1175 963 1230 donationem
983 1175 1011 1228 in
1027 1181 1055 1228 te
1070 1172 1214 1241 conlatam,

260 1261 324 1317 licet
337 1261 365 1315 in
380 1266 516 1332 potestate
528 1258 626 1331 saeris
640 1261 819 1327 constitutas,
836 1261 862 1314 si
881 1265 975 1313 tamen
990 1261 1018 1313 in
1031 1258 1103 1313 diem
1117 1258 1214 1313 nonis-

260 1345 357 1399 simum
372 1345 443 1398 uitae
457 1341 584 1398 uoluntas
600 1345 661 1397 eins
675 1343 810 1412 durabit,
830 1358 888 1398 non
907 1343 975 1397 ticet
993 1341 1143 1412 fratribus
1156 1343 1215 1396 inis

259 1432 436 1500 improbare:
459 1424 524 1481 'sed
548 1433 577 1481 tu
604 1418 730 1496 eorrrtn,5
752 1441 819 1496 quae
845 1425 1012 1498 praetulisti,
1033 1427 1118 1497 fidem
1132 1428 1217 1482 iustis

255 1511 475 1584 probationibus
494 1509 625 1581 faciens,
645 1525 682 1564 ne
703 1510 772 1581 qnid
791 1507 838 1564 fiat
863 1515 957 1565 contra
979 1508 1146 1564 uoluntatem
1168 1508 1217 1564 de·

261 1595 356 1664 iuneti,
373 1594 510 1650 obtinebis
525 1593 561 1649 ab
577 1609 620 1663 eo,
635 1609 718 1665 ouem
727 1607 849 1663 praeses
860 1596 1033 1663 prouinciae
1047 1594 1218 1650 hereditatis

261 1679 400 1735 arbitrum
413 1676 539 1732 diuisioni
551 1675 638 1732 dabit:
652 1678 699 1748 qui
711 1678 737 1732 in
753 1681 895 1732 sententia
905 1678 1027 1732 dicenda
1038 1677 1093 1732 boc
1104 1677 1218 1732 scilicet

260 1765 391 1834 inprimis
410 1769 542 1832 spectare
562 1758 685 1829 debebit,
708 1768 738 1816 ut
759 1759 806 1815 tibi
827 1761 894 1816 istae
910 1775 953 1815 res
964 1764 1146 1832 praecipuae
1161 1761 1215 1815 ad-

260 1847 434 1916 iudicentnr,
450 1853 477 1901 et
490 1851 646 1916 praeterea
657 1847 755 1914 portio
770 1843 919 1917 exlegibus
938 1844 970 1900 ab
981 1846 1108 1899 intestato
1120 1841 1216 1898 debita

172 1954 175 1961 ·
262 1946 300 1988 ea
321 1930 408 1987 rebus
429 1931 614 1986 hereditariis
634 1931 747 2000 inteora
770 1935 915 1986 seruetur.
957 1927 1006 1984 PP.
1030 1927 1060 1983 V.
1082 1925 1132 1984 lral.
1154 1926 1214 1984 lau.

262 2013 387 2070 'lreueris
403 2056 410 2069 .
429 2055 435 2069 .
453 2054 459 2066 .
476 2054 483 2069 .
503 2057 508 2070 .
527 2005 551 2068 ,θ
578 2011 715 2068 linones.

168 2087 247 2166 Ψ·
324 2093 391 2155 292.
420 2090 442 2152 ⁷.
460 2137 466 2152 .
484 2137 514 2152 ..
537 2095 655 2152 lionotio
676 2095 785 2168 quidem
805 2112 819 2151 a
843 2105 921 2170 patre
948 2097 975 2152 in
1002 2095 1218 2168 filiumfamilias

167 2171 249 2209 “nm
263 2184 369 2239 collata
384 2185 447 2254 ipso
462 2185 527 2237 iure
541 2197 598 2237 non
613 2181 708 2242 tentet,⁸
722 2181 774 2235 sed
788 2181 811 2236 si
826 2181 854 2235 in
876 2180 968 2237 eadem
984 2180 1125 2236 uoluntate
1139 2187 1219 2252 pater

260 2269 464 2339 perseuerauit
484 2278 574 2335 usque
598 2267 628 2318 in
652 2265 724 2318 diem
750 2267 828 2320 uitae
853 2257 1059 2329 nouissimam‚⁸
1078 2262 1216 2334 uoluntas,

262 2366 341 2422 quarn
362 2352 390 2405 in
411 2355 564 2405 extremum
579 2363 670 2419 osone
685 2364 742 2404 non
756 2351 894 2416 mutauit,
916 2349 1101 2404 custodiendo
1117 2353 1171 2417 est,
1185 2354 1218 2404 nt

159 2428 294 2498 [tillibet
305 2434 411 2505 portio,
424 2448 493 2506 quae
508 2431 540 2486 ab
555 2433 682 2486 intestato
695 2430 819 2503 debetur,
833 2424 962 2509 liulibata
980 2439 1116 2487 seruetur.
1142 2431 1218 2486 luxta

264 2532 332 2590 quae
348 2516 390 2571 adi
405 2522 587 2571 correctorem
603 2514 692 2570 uirum
704 2512 893 2587 clarissimum,
909 2516 1021 2572 amicum
1040 2522 1177 2584 nostrum,
1189 2522 1218 2570 et

169 2649 171 2654 .
265 2615 306 2670 ea,
322 2599 430 2673 quaein
445 2613 553 2670 precem
569 2597 719 2668 contulisti,
735 2598 845 2672 adlega;
868 2601 957 2670 quiin
976 2597 1217 2655 examinationibus

264 2699 322 2740 eam
333 2683 493 2740 seutentiam
505 2688 621 2754 promet,
631 2697 709 2754 quam
721 2681 787 2738 iuris
800 2691 880 2756 atque
892 2683 1033 2756 aequitatis
1049 2684 1117 2740 ratio
1130 2682 1215 2738 dicta·
1225 2686 1285 2736 [⁷⁰⁷1

263 2767 344 2824 uerit.
369 2765 421 2823 PP.
436 2765 596 2837 Mediolano,
608 2765 661 2822 Vll.
676 2764 727 2821 kal.
743 2765 796 2823 lan.
823 2766 911 2822 'lusco
931 2775 959 2822 et
973 2766 1099 2823 nnullino
1110 2760 1218 2823 conss.⁹

337 2966 357 3034 1)
380 2967 538 3020 Postremum
558 2971 708 3020 sententiam
730 2969 790 3018 inde
811 2985 827 3018 a
848 2968 933 3019 verbis
956 2967 1065 3020 ‘etiamsi
1085 2963 1123 3018 id’
1145 2983 1217 3020 nune

259 3042 350 3105 paullo
365 3042 442 3090 aliter
457 3055 531 3104 qnam
546 3043 572 3089 in
583 3042 675 3103 priore
690 3040 802 3090 editione
813 3039 934 3102 formavi.
997 3035 1016 3100 ⁹)
1036 3039 1062 3088 V
1064 3036 1083 3086 ⁶.
1097 3053 1136 3088 res
1157 3038 1216 3089 Vat.

266 3108 287 3178 ³)
301 3111 343 3161 Ita
356 3113 395 3160 ael
409 3118 443 3160 tat
462 3111 520 3160 Vat.
535 3111 562 3159 tii
582 3110 609 3158 V
609 3109 629 3158 i.
680 3106 702 3175 4)
718 3109 835 3159 Restitni.
857 3109 895 3172 Of.
910 3110 942 3158 L.
953 3122 979 3162 18
990 3125 1034 3173 pr.
1056 3109 1152 3172 asam.
1162 3124 1217 3160 ere.

265 3182 296 3248 (s,
310 3180 355 3248 st).
370 3183 393 3244 ξ.
408 3193 455 3233 290.
512 3178 533 3246 ⁶)
547 3180 578 3229 In
599 3179 629 3230 V.
642 3181 725 3243 fuerit
739 3182 878 3229 s'tumorum
889 3183 977 3243 prima
991 3167 1147 3232 incorrecta
1161 3181 1188 3228 in
1203 3193 1217 3228 e

263 3272 450 3334 superscripta.
478 3283 532 3317 narn
547 3266 624 3333 (puta
639 3267 762 3332 notatum)
776 3282 858 3317 eorum
877 3267 935 3317 Vat.
950 3269 998 3317 istu
1012 3257 1106 3317 mssrum
1125 3265 1151 3316 V
1152 3265 1171 3316 ὖ.

265 3338 286 3405 ο)
303 3338 457 3391 ‘Ualeriano
472 3339 524 3388 III.
539 3346 564 3389 et
580 3335 708 3388 Gallieno'
723 3340 850 3401 supplevit
863 3338 970 3395 Baebio,
990 3345 1019 3387 ut
1033 3339 1118 3401 suerit
1131 3353 1154 3388 a.
1169 3347 1218 3388 stt.

263 3410 317 3460 Sed
328 3412 439 3474 epatium
453 3410 516 3460 baec
531 3425 581 3459 non
597 3412 708 3472 explent.
761 3406 781 3473 ²)
796 3407 844 3458 Est
853 3409 1012 3458 Diocletiani
1025 3416 1050 3458 et
1060 3407 1220 3458 Maximiani

264 3479 310 3545 (of.
329 3483 352 3542 ξ.
368 3479 412 3545 28).
441 3479 599 3530 Sententiam
618 3481 726 3528 restitui.
758 3479 796 3542 Cf.
816 3479 854 3542 ἐξ.
874 3491 920 3531 290.
940 3489 987 3530 291.
1062 3476 1082 3544 Β)
1097 3478 1139 3527 Ιια
1158 3477 1220 3528 Vas.

264 3551 395 3598 nouissima
414 3549 461 3599 Vb.
513 3548 634 3617 θ)α.295.
