2678 4116
400 229 458 264 cun
475 229 568 265 unsrun.
588 211 622 264 II.
643 217 684 266 79.
704 217 816 267 tsi-64.
930 187 936 196 ι
1021 211 1085 289 237

130 369 204 417 tuam
220 375 291 430 esse,
306 374 358 416 nec
368 357 459 416 soluts
470 360 588 433 pretium
600 357 715 428 tabulas,
726 361 829 433 poteris
839 375 890 433 per
900 362 1094 436 exceptionem*

129 443 188 500 doli
207 443 268 500 mali
284 444 467 510 summoueri3
489 449 517 498 st
536 444 560 500 si
581 451 610 498 tu
625 442 780 516 possideas,
796 459 966 517 consequens
982 451 1040 515 est,
1055 452 1087 504 ut

132 527 207 584 utilis
222 527 287 584 mihi
299 528 368 586 actio
380 525 524 586 aduersum
536 533 563 584 te
573 525 632 584 dari
644 525 759 601 debent,
777 541 831 599 quo
842 543 907 586 essu
918 530 970 588 nisi
981 527 1086 588 soluam

55 619 119 669 [1⁶2]
130 613 271 684 inpensam
286 613 424 684 picturae,
444 611 605 684 poterisne
626 625 675 684 per
689 611 875 684 exceptionem
896 610 951 672 doli
966 610 1028 670 moli
1043 623 1085 668 rs-

130 693 249 769 pellere,
266 695 360 768 utiquc
375 695 398 752 si
411 692 484 752 bom
499 691 551 752 tide
572 709 716 767 possessor
730 694 824 756 meru.
852 693 922 756 illud
934 695 1019 770 palam
1033 704 1086 767 est,

130 775 1085 853 ‹mmmmmwmwfflwwmwwd

130 863 199 918 furti
214 863 294 918 actio.
1100 913 1104 922 .

195 941 243 1002 ts.
271 946 301 1004 ln
322 945 380 1002 aliis
401 961 510 1019 quoque
530 943 670 1019 speciebus
689 945 818 1006 naturalis
838 947 908 1004 ratio
924 947 1086 1020 requiritur:

130 1029 248 1104 proinde
262 1032 285 1088 si
297 1044 330 1085 ex
341 1031 402 1088 uuis
415 1023 481 1104 (out
492 1031 635 1088 alisiensi
646 1023 746 1106 apicis)
758 1031 825 1088 meis
838 1031 929 1088 uinum
940 1039 987 1088 aut
998 1029 1087 1089 oleum

130 1121 181 1170 aut
202 1113 369 1172 trumentum
392 1113 499 1184 feceris,
515 1115 670 1185 quaeritur,
693 1121 783 1174 utrum
798 1129 888 1175 meum
902 1114 939 1173 sit
953 1113 980 1170 id
995 1115 1087 1174 uinum

130 1196 1087 1266 mmmmmmm,mmmmnmmw

131 1289 248 1353 argento
263 1297 324 1340 meo
342 1296 387 1336 uas
403 1279 511 1352 aliquod
523 1280 630 1351 ieceris,
645 1281 690 1338 uel
702 1297 734 1340 eu
746 1279 843 1340 tabulis
856 1283 922 1340 meis
933 1281 1029 1339 nauem
1041 1288 1088 1338 aut

133 1366 276 1424 armarium
297 1375 344 1420 aut
364 1363 524 1422 subsellium
546 1363 736 1462 fabricaucris,
764 1367 830 1422 item
850 1367 875 1422 si
896 1382 929 1424 ex
949 1365 1009 1422 lana
1030 1381 1087 1422 men

135 1449 327 1507 uestimentum
349 1448 461 1518 leceris,
482 1447 527 1504 uel
548 1450 571 1504 si
594 1465 626 1508 ex
649 1450 714 1509 uiuo
736 1458 764 1506 et
786 1449 866 1508 melle
888 1465 948 1506 mec
970 1449 1087 1508 mulsum

133 1532 242 1598 leceris,
264 1535 321 1588 siue
336 1548 369 1590 eu
390 1532 591 1591 medicamentis
605 1535 672 1590 meis
687 1533 861 1608 emplastrum
883 1543 929 1590 aut
944 1533 1087 1606 collyrium

131 1616 241 1688 leceris,
250 1610 420 1690 (quaeritur,
433 1624 528 1674 utrum
540 1623 618 1674 tuum
627 1620 663 1674 sit
671 1619 710 1688 id,
722 1618 847 1689 quode-c
856 1633 917 1676 meo
929 1614 1086 1690 effeceris)

132 1716 169 1756 an
183 1715 282 1759 meum.
313 1699 425 1768 Quidam
446 1701 582 1759 materiam
605 1707 633 1760 et
648 1701 824 1758 substantiam
839 1701 1010 1774 spectandam
1026 1717 1086 1760 esse

131 1792 248 1858 putant,
267 1783 367 1854 idest,
387 1793 419 1840 ut
437 1785 514 1840 cuius
528 1786 639 1842 materia
657 1786 703 1854 sit,
717 1783 790 1842 illius
801 1792 833 1855 ,et
848 1800 908 1855 res,
929 1799 997 1857 quae
1019 1783 1087 1842 iacta

131 1869 181 1939 sit,
195 1867 321 1926 uideatur
335 1884 406 1940 esse,
421 1867 502 1940 idque
517 1869 629 1926 maxime
643 1867 745 1941 placuit
759 1867 857 1924 Sabino
873 1875 901 1924 et
915 1868 1021 1940 cassio,
1044 1866 1087 1924 alii

132 1968 203 2008 uero
218 1955 279 2009 cius
293 1967 354 2022 rem
366 1967 425 2008 esse
440 1959 548 2026 putant,
563 1953 610 2024 qui
621 1951 725 2020 lecerit,
742 1949 822 2023 idque
838 1952 950 2005 maxime
965 1949 1087 2005 diuersae

134 2035 245 2092 scholae
259 2035 414 2092 auctoribus
430 2037 518 2092 uisum
533 2027 668 2113 est:1sed
683 2049 744 2090 eum
757 2049 875 2107 quoque,
889 2036 964 2091 cuius
977 2033 1087 2089 materia
1097 2043 1138 2092 73.

60 2177 64 2184 ,
133 2123 164 2178 et
188 2118 338 2176 substantia
363 2119 463 2190 iucrit,
490 2118 556 2176 turci
581 2117 711 2176 aduersus
736 2134 814 2187 cusu,
844 2119 888 2195 qui
911 2117 1088 2191 subripuerit,

133 2202 235 2262 babere
250 2205 399 2273 actionem
413 2219 465 2262 nec
479 2203 568 2261 minus
584 2202 716 2262 aduersus
728 2200 842 2260 eundem
855 2201 1053 2262 condictionem
1064 2203 1089 2258 ei

133 2295 302 2362 competere,
318 2289 384 2361 qnia
395 2288 528 2346 extinctae
539 2303 594 2358 res,
608 2287 672 2346 licet
684 2285 813 2344 uindicari
825 2287 1008 2360 nonpossint,
1023 2301 1088 2344 con·

131 2371 188 2428 dici
203 2381 292 2428 tamen
307 2370 412 2429 iuribus
427 2380 455 2427 et
470 2369 627 2444 quibusdam
643 2371 702 2428 aliis
717 2369 920 2445 possessoribus
935 2379 1060 2443 possunt.
1080 2370 1082 2372 ’

198 2450 248 2513 62.
270 2450 388 2512 ¹dccidit
403 2454 556 2530 aliquando,
572 2464 602 2511 ut
617 2457 662 2527 qui
676 2454 800 2512 dontinus
815 2456 861 2525 sit,
876 2454 1033 2512 alienandae
1048 2456 1088 2512 rei
1226 2519 1227 2522 Ἴ
1332 2500 1339 2523 ,

134 2547 298 2613 potestatem
324 2555 379 2595 non
401 2539 513 2609 habeat,
535 2541 631 2612 etqui
655 2537 779 2594 dominus
799 2554 854 2596 non
874 2541 925 2606 sit,
945 2535 950 2609 1
969 2541 1088 2595 alienare
1099 2547 1140 2596 69
1326 2610 1339 2617 Ἢ

136 2625 232 2698 possit.
263 2619 311 2682 63.
332 2621 395 2679 Nam
410 2621 501 2679 dotale
515 2623 656 2698 praedium
677 2625 789 2680 maritus
810 2623 894 2678 inuita
910 2621 1025 2678 muliere
1039 2638 1088 2697 per
1322 2632 1339 2655 ³

135 2706 224 2786 legem
241 2707 333 2766 luliam
350 2706 509 2782 prohibetur
524 2705 649 2779 alienare,
661 2708 785 2793 quamuis
800 2707 884 2782 ipsius
900 2711 937 2764 sit
955 2706 997 2762 uel
1013 2722 1086 2762 man·

135 2792 254 2865 cipatum
274 2793 299 2850 ei
318 2791 391 2848 dotis
413 2807 492 2851 causa
514 2790 588 2848 uel
580 2807 608 2850 m
629 2791 688 2848 iure
714 2807 819 2850 cessum
846 2789 890 2846 uel
919 2799 1086 2864 usucaptum

134 2875 211 2948 qnod
232 2874 371 2949 quidem
363 2891 406 2931 tus
428 2883 518 2932 utrum
538 2874 571 2931 ad
586 2874 677 2932 italica
691 2883 795 2932 tantum
811 2874 933 2948 praedia,
955 2890 989 2932 an
1008 2877 1087 2932 etiam

134 2959 168 3014 ad
183 2959 358 3034 prouinciaiia
374 2961 516 3033 pertineat,
538 2957 684 3016 dubitatur.
724 2953 774 3014 64.
797 2959 833 3014 En
849 2957 957 3014 diuerso
974 2967 1087 3032 agnatus

133 3066 358 3176 ῃ-ἢ-Ιὶῑὴιι
376 3111 415 3172 ἐξ.
435 3121 530 3161 st—ss.
554 3125 615 3159 nero
635 3112 691 3160 loco
712 3110 748 3172 cf.
766 3115 818 3160 not.
838 3115 897 3158 ante
915 3111 938 3172 §-
958 3120 991 3161 65.
1010 3110 1089 3160 etad

134 3183 174 3244 ἐξ.
190 3193 286 3233 80-85.
302 3182 325 3242 §-
340 3191 360 3230 t.
381 3180 402 3230 I.
418 3179 486 3244 quib.
502 3182 578 3230 alien.
594 3182 637 3230 lic.
652 3179 683 3246 (t,
698 3179 729 3246 8).

134 3289 348 3299 ——..—.

206 3337 289 3408 §.⁷9
311 3338 736 3403 Gfitwawitcncitfflsss
756 3338 1086 3402 Lticwcttiiptmss.

131 3407 160 3479 ξ.
176 3413 218 3463 62.
235 3427 322 3474 apr.
342 3409 364 3458 1.
385 3409 451 3474 quib
472 3411 549 3459 alien.
569 3412 612 3460 lic
631 3409 667 3473 (s,
686 3409 718 3474 8).
785 3407 811 3478 ξ.
827 3413 868 3461 63.
884 3425 928 3472 pr
943 3408 965 3456 I.
981 3410 1023 3457 cit.
1049 3407 1086 3470 Cf.

136 3483 212 3530 Paul.
228 3493 249 3539 ι,
264 3480 334 3532 utB.
354 3483 377 3542 5
393 3492 412 3530 ι.
465 3477 542 3548 §.cl
564 3481 601 3543 Cf.
618 3480 669 3530 Cic
685 3481 824 3530 dcinnent.
840 3491 860 3536 ι,
875 3490 908 3530 on.
924 3479 960 3527 nd
972 3479 1087 3528 Hercnn
1107 3481 1114 3498 ⁸
1164 3499 1170 3510 ·

135 3564 156 3609 1
172 3564 204 3603 ra
229 3551 283 3616 Uip.
303 3564 341 3609 ιι,
356 3563 376 3601 ι.
397 3551 428 3599 L
449 3553 515 3612 sa.§
518 3551 610 3602 ...tD
630 3550 744 3624 defore.
759 3562 828 3608 ιιι.
900 3551 958 3612 §.u
982 3547 1087 3613 anib
