2692 4114
417 263 483 298 tvnn
500 262 595 298 ervom
614 263 684 298 anun.
703 244 736 298 II.
756 250 798 299 31.
1020 239 1086 306 489

132 391 161 452 2.
185 393 330 450 Fortorum
346 409 446 466 genera
461 401 525 448 sunt
539 399 682 464 quattuor:
703 391 852 462 manifesti,
874 409 924 449 nec
939 393 1083 464 manifesti,

134 479 259 550 concepti
275 484 302 532 et
318 477 409 534 oblati.
447 475 606 532 manifestus
621 475 665 531 ior
680 483 731 548 est,
748 477 835 548 quiin
851 476 973 532 faciendo
989 477 1084 551 depre-

134 565 235 621 hensus
251 569 301 631 est,
319 569 347 616 et
362 562 408 632 qui
423 560 492 615 intro
508 560 636 615 terminos
651 561 708 616 eius
723 559 787 629 ioci,
803 559 874 616 unde
888 561 951 633 quid
967 561 1085 617 sustule-

134 654 186 715 rat,
208 643 278 700 ’cum
294 659 324 700 re
339 636 544 717 deprehensus¹
567 651 620 715 est,
643 643 688 699 uel
703 653 846 716 antequam
861 644 893 699 ad
909 659 970 700 eum
985 645 1085 718 locum,
1143 709 1149 715 ,

135 746 189 803 quo
212 726 265 801 ²(eo
280 722 354 800 ιΙῖε)2
377 728 568 796 destinauerat,
585 721 774 800 'peruenerit.³
804 743 853 784 nec
868 727 1026 785 manifestus
1041 729 1086 785 ior

134 821 185 884 est,
203 815 249 886 qui
265 813 292 868 in
308 811 430 868 iaciendo
447 811 553 884 quidem
569 805 646 884 ’(uet)
662 827 722 866 cum
739 807 790 885 (re)
807 806 1011 886 deprehensos⁴
1030 829 1085 869 non

134 905 192 968 est,
216 897 264 952 scd
286 889 419 951 ’turtum⁶
440 894 537 950 iecisse
561 896 652 967 negari
678 911 733 951 non
755 902 856 968 potest.
905 892 935 953 3.
957 895 1085 970 Concepti

134 983 239 1038 actione
254 981 278 1035 is
294 986 417 1049 tenetur,
440 978 510 1052 apud
526 994 605 1060 quem
621 979 722 1034 iurtum
738 981 889 1052 quaesitum
904 985 931 1035 et
945 981 1086 1036 inuentum

135 1072 191 1122 est:
215 1063 296 1120 oblati
319 1064 424 1120 actione
439 1065 462 1118 is
484 1070 609 1132 tenetur,
632 1065 678 1135 qui
701 1079 758 1118 rem
773 1063 901 1120 iurtiuam
917 1063 961 1120 alii
975 1063 1086 1136 obtulit,

135 1163 168 1204 ne
191 1147 261 1222 apud
284 1161 313 1202 se
335 1147 514 1203 inueniretur.
558 1141 587 1200 4.
610 1144 686 1201 i'urti
708 1147 813 1202 actione
835 1148 857 1202 is
881 1161 961 1219 agere
983 1155 1086 1221 potest,

136 1235 212 1288 cuius
233 1233 365 1300 interest,
394 1247 450 1285 rem
481 1245 535 1284 non
564 1224 701 1301 ’perissei
752 1225 781 1287 δ.
803 1229 933 1304 Concepti
959 1233 982 1287 is
1005 1247 1087 1306 agere

135 1324 238 1390 potest,
254 1316 300 1386 qui
315 1329 371 1369 rem
386 1315 510 1385 concepit
527 1305 596 1388 ['(id)
613 1306 672 1368 est⁷
693 1307 820 1391 inuenit].
865 1313 947 1370 oblati
968 1317 990 1370 is
1005 1329 1087 1388 agero

136 1406 245 1472 potest,
269 1413 351 1470 penes
377 1412 457 1468 quem
483 1412 526 1450 res
552 1404 682 1470 concepta
706 1391 782 1474 ['(id)
805 1391 866 1453 est⁸
887 1392 1011 1476 inuenta]
1034 1405 1085 1456 est.

135 1477 166 1539 6.
190 1475 340 1536 ⁹iianiiesti
355 1479 421 1536 furti
437 1481 506 1536 actio
520 1488 548 1535 et
563 1497 613 1537 nec
628 1481 763 1537 manifesti
779 1489 806 1536 et
821 1483 943 1556 concepti
960 1490 988 1538 et
1003 1482 1087 1539 oblati

135 1565 228 1623 heredi
244 1563 352 1638 quidem
368 1565 508 1637 competit,
523 1565 610 1620 sedin
625 1564 750 1620 heredem
765 1564 921 1621 nondatur.
954 1562 982 1622 7.
998 1560 1087 1622 ¹⁰Ser·

135 1667 204 1722 uos,
227 1650 273 1723 qui
296 1647 398 1704 furtum
421 1647 517 1704 iecerit
538 1647 698 1704 damnumue
713 1647 834 1719 dederit,
857 1649 909 1704 nisi
924 1649 950 1704 id
972 1667 1023 1723 pro
1045 1651 1087 1705 sui

136 1733 285 1808 quantitate
308 1733 432 1788 dominus
455 1733 555 1786 sarcire
577 1734 613 1787 sit
635 1740 760 1805 paratus,
794 1747 879 1788 nome
901 1731 961 1788 dedi
983 1741 1087 1806 potest.

134 1817 164 1880 8.
189 1811 249 1874 ¹¹Si
271 1833 367 1872 seruus
390 1815 493 1872 furtum
507 1815 613 1887 iecerit,
635 1815 732 1872 deinde
752 1817 931 1872 manumissus
946 1815 1027 1872 fuerit
1042 1823 1089 1872 aut

135 1903 281 1971 alienatus,
304 1917 364 1957 cum
379 1901 439 1973 ipso
456 1901 618 1955 manumisso
635 1899 680 1955 uei·
694 1908 816 1971 emptore
831 1900 874 1972 agi
888 1907 995 1974 potem
1017 1915 1089 1958 noxa

135 1987 206 2042 enim
228 1992 309 2056 caput
331 1985 463 2056 sequitur.
506 1978 537 2038 9.
562 1976 789 2038 ¹²Fiiiusiamiiias
811 1984 834 2038 si
856 1984 961 2040 furtum
981 1984 1088 2055 iecerit,

136 2067 234 2125 deinde
250 2067 442 2138 emancipetur,
459 2065 524 2120 iurti
539 2068 609 2122 actio
625 2069 651 2122 in
668 2083 728 2122 eum
740 2065 834 2136 datur3
850 2068 912 2140 quia
923 2069 950 2123 in
963 2069 1088 2124 omnibus

135 2167 205 2208 nona
221 2159 302 2222 caput
316 2151 451 2220 sequitur.
487 2145 533 2204 10.
558 2142 648 2205 ¹³Non
671 2157 774 2206 tantum
797 2153 845 2224 qui
859 2149 961 2207 turtum
984 2153 1088 2224 iecerit,

135 2235 184 2291 sed
208 2235 287 2290 etiam
303 2235 341 2300 is,
363 2234 439 2288 cuius
460 2225 558 2304 ’ope¹⁴
572 2239 618 2288 aut
633 2233 747 2289 consilio
762 2234 864 2290 furtum
880 2235 980 2292 iactum
995 2234 1087 2307 fuerit,

61 2324 123 2374 [³⁹⁸]
135 2319 202 2374 iurti
217 2318 324 2373 actione
338 2309 496 2371 'tenetur.¹⁵
541 2308 611 2372 ¹⁰u.
634 2315 682 2374 Rei
697 2317 882 2390 hereditariae,
897 2325 1039 2391 antequam
1055 2319 1088 2375 ab

135 2400 235 2458 herede
251 2398 433 2474 possideatur,
448 2398 551 2454 furtum
565 2398 622 2456 fieri
634 2415 688 2456 non
700 2410 801 2474 potest.
840 2395 893 2480 [12.
912 2395 991 2470 “Qut
1002 2419 1088 2460 mere·

210 2685 229 2752 ¹)
245 2687 407 2750 deprehensns
423 2687 484 2736 cdd.
496 2687 552 2736 edd.
564 2688 614 2737 oid.
628 2687 717 2738 Callet.
770 2685 791 2754 Ι)
805 2689 920 2746 Addidi:
933 2689 985 2740 vid.
998 2690 1087 2741 Colice.

138 2755 160 2824 ⁸)
176 2757 265 2808 Collat.
280 2765 305 2807 et
320 2757 381 2806 odd.
401 2767 434 2809 25.
450 2767 483 2808 ac.
508 2759 645 2821 perueniret
665 2759 726 2808 odd.
744 2761 838 2824 pleriq.
860 2759 917 2809 edd.
982 2757 1005 2827 ⁴)
1027 2761 1087 2810 Vct.

137 2829 226 2878 Collat.
246 2829 408 2891 deprehensns
429 2827 490 2877 odd.
510 2827 566 2876 edd.
638 2826 658 2893 ⁶)
678 2843 731 2877 eum
753 2830 840 2878 turtum
863 2829 924 2879 Cdd.
946 2831 1003 2880 edd.
1028 2831 1088 2882 Via.

138 2900 227 2949 Coliot.
294 2895 371 2964 θ)Ιτα
388 2898 449 2948 Odd.
460 2913 545 2962 poene
560 2911 652 2948 omnes.
683 2899 721 2961 Of.
737 2901 759 2961 ξ.
776 2912 809 2952 16.
829 2901 963 2962 perdidisse
977 2901 1034 2951 edd.

137 2967 158 3034 ⁷)
173 2977 196 3018 et
212 2969 274 3018 odd.
290 2969 348 3018 edd.
405 2965 427 3034 ⁰)
442 2975 465 3016 et
481 2968 542 3017 Cdd.
558 2969 615 3018 edd.
643 2968 679 3018 Ei
692 2969 734 3018 dic
749 2977 830 3019 tamen
844 2977 870 3019 et
882 2978 959 3021 antea
972 2971 1050 3022 aerbo
1064 2973 1089 3022 id

136 3048 173 3088 est
187 3041 283 3088 inuento
297 3037 333 3102 (id
348 3045 384 3087 est
398 3037 498 3100 inuenit)
513 3041 540 3087 t'n
552 3039 713 3102 ploeeemott’a
726 3041 897 3104 ottspict'onem
910 3043 1021 3092 veniunt.

135 3107 158 3176 ⁹)
179 3110 217 3173 Cf.
237 3109 270 3158 L.
290 3122 310 3160 1.
334 3109 367 3158 D.
386 3109 418 3156 de
432 3111 503 3171 priv.
523 3110 571 3157 dei.
592 3108 640 3173 (tt,
661 3107 690 3174 1).
717 3109 749 3159 L.
763 3121 797 3162 tt.
821 3111 854 3160 D.
869 3113 978 3175 desert.
993 3112 1042 3178 (rt,
1056 3111 1088 3178 2).

135 3179 167 3228 L.
184 3193 230 3231 ιιι.
250 3181 273 3241 ξ.
289 3191 309 3228 1.
333 3175 365 3226 D.
380 3179 412 3227 de
426 3179 477 3227 dio.
491 3193 545 3244 rep.
561 3183 612 3228 ior.
628 3178 676 3245 (ao,
691 3178 736 3245 lt).
808 3177 840 3246 ¹⁰)
856 3181 975 3232 Paullum
992 3190 1089 3232 mutata

135 3257 208 3299 ector
222 3252 250 3298 in
264 3247 314 3298 Ed.
333 3247 455 3298 Tdeoder.
471 3260 517 3298 117.
545 3249 583 3312 Cf.
599 3251 647 3314 lep.
663 3249 733 3301 Rom.
749 3251 830 3316 Borp.
848 3264 870 3303 o.
889 3259 914 3300 et
933 3251 990 3301 Gai.
1008 3264 1034 3311 4,
1053 3263 1087 3305 to.

137 3317 170 3384 ¹¹)
185 3319 269 3370 Extat
281 3325 379 3368 mutato
393 3320 469 3368 etiam
488 3321 514 3367 io
529 3319 578 3368 Ed.
597 3319 720 3370 Theodec.
734 3331 781 3372 tto.
812 3321 850 3384 Cf.
868 3321 923 3371 Gai.
938 3333 964 3378 4,
982 3332 1015 3372 tt.

136 3387 171 3456 ¹⁹)
187 3391 225 3454 Cf.
243 3389 299 3440 Gai.
310 3391 326 3438 l.
338 3405 360 3439 c.
410 3385 441 3454 13)
457 3389 494 3452 Of.
508 3388 563 3438 Gai.
575 3401 652 3448 moon
701 3387 733 3456 ¹⁴)
743 3391 834 3456 Aliqui
845 3389 906 3440 odd.
918 3405 990 3454 opera
1001 3393 1084 3454 pleri·

134 3476 182 3525 quc
196 3468 221 3510 et
234 3461 292 3510 edd.
308 3459 420 3526 (factum
434 3475 468 3509 em
482 3473 528 3522 ope
542 3469 648 3524 accepto
662 3475 677 3524 p
688 3459 827 3526 pronote).
877 3457 910 3525 1⁶)
928 3460 989 3509 cdd.
1001 3475 1086 3524 paene

134 3545 226 3580 omnes.
250 3531 369 3580 tenebitur
382 3530 440 3580 edd.
494 3527 526 3595 16)
541 3529 622 3580 EceO.
638 3531 695 3580 Vee.
717 3531 755 3594 Of.
768 3531 825 3580 Gai.
835 3543 856 3588 3,
867 3541 912 3582 2⁰1.
962 3527 994 3597 17)
1010 3530 1088 3580 Recte

132 3601 202 3650 donc
216 3600 371 3664 Interpretie
385 3603 536 3651 sententiam
550 3615 613 3658 esse,
629 3600 750 3650 Coiocios
764 3602 869 3651 censuit.
900 3601 937 3664 Cf.
953 3602 976 3664 ἕ.
991 3614 1025 3654 81.
