2700 4118
246 259 312 324 634
410 274 515 310 uonirii
533 273 639 310 ιιιιιιιι
658 259 690 324 (f)
709 273 806 310 rusori.
824 275 860 310 na
879 275 941 310 ivus
959 274 1033 310 riser.

248 414 330 452 versu
348 396 443 466 paullo
460 395 649 463 prominente,
673 396 718 449 vel
740 395 814 450 intra
836 411 948 450 versum
969 396 1089 464 spatiolo
1111 412 1199 451 vacuo

247 465 346 518 relicto
366 466 395 518 et
410 463 508 516 littera
524 462 627 516 initiali
645 463 740 530 paullo
758 464 863 518 maiore
881 463 1014 528 indicare,
1034 478 1119 517 novas
1132 480 1200 518 vero

246 531 379 586 materias
398 531 483 584 etiam
501 529 626 592 rubricis,
646 531 746 597 quibus
763 529 911 599 pingendis
929 546 1040 584 versum
1057 531 1200 610 integrum

246 615 266 652 a
283 597 421 666 scriptura
437 612 557 650 vacuum
575 596 701 664 reliquit,
725 596 897 666 distinguere
919 597 1049 650 librarius
1067 598 1198 666 instituit,

248 667 277 718 in
295 667 415 732 utreque
440 666 535 717 tamen
556 680 591 716 ue
613 679 647 717 ue
670 664 808 717 rationem
831 679 922 732 neque
945 665 1129 718 constantiam
1152 681 1199 718 ex·

246 732 349 789 hibuit,
381 731 533 784 ‘Rubricas
551 747 568 784 a
584 681 698 807 librario
716 731 800 785 fuisse
818 732 987 798 numeratas,
1007 731 1132 786 indicant
1148 749 1200 785 uu-

246 815 341 854 merus
363 806 450 852 ‘xxvi'
477 799 507 852 et
528 798 669 875 sequentis
690 798 817 852 rubricae
843 813 908 866 pars
933 799 1044 852 numeri
1067 801 1199 864 (xxv)‘11‘,

246 867 298 936 qui
314 882 389 919 nuno
407 865 520 918 demum
538 863 617 917 initio
630 869 670 929 §i-
683 869 699 918 8
714 867 743 919 et
754 870 770 918 9
781 865 810 918 in
823 865 949 942 margine
968 868 1198 934 comparuerunt:

247 950 284 988 ex
301 933 402 1011 quibus
409 932 489 1000 „ipsis
507 947 524 984 a
544 932 636 1000 paret,
654 947 710 985 non
728 933 804 986 certo
823 931 951 997 consilio,
974 932 1023 986 sed
1041 935 1072 986 ut
1090 933 1119 986 in
1138 932 1200 986 Gaii

246 1000 456 1054 institutionum
480 1013 511 1052 eo
533 997 588 1062 ioe,
616 1014 666 1067 pro
689 998 802 1052 arbitrio
825 999 908 1054 etiam
935 999 985 1052 has
1007 999 1132 1054 rubricas
1158 999 1199 1052 di·

246 1068 366 1121 stinctae
384 1066 475 1120 fuisse.
511 1067 579 1118 Cum
597 1065 685 1133 igitur
700 1081 756 1118 non
774 1067 896 1130 constet,
918 1067 987 1133 quot
1004 1066 1116 1120 articuli
1134 1083 1200 1134 qua·

247 1151 303 1203 que
333 1133 444 1187 rubrica
473 1131 667 1200 comprehensi
695 1133 812 1198 fuerint,
843 1148 894 1186 neo
925 1134 1001 1186 certa
1030 1133 1197 1198 coniectura,

246 1201 386 1322 qugnbbm
403 1200 543 1254 interierit
564 1201 629 1253 ante
652 1215 698 1266 ea,
721 1215 792 1267 quae
815 1200 927 1254 servata
948 1201 1027 1264 sunt,
1049 1200 1114 1254 hinc
1136 1199 1199 1268 capi

269 1284 349 1322 oes.

248 1285 266 1337 p
316 1334 379 1401 Ipse
398 1335 496 1387 auctor
514 1349 560 1398 ea,
578 1349 651 1401 quae
669 1336 831 1401 supersunt,
855 1335 991 1402 quantum
1014 1349 1049 1388 ex
1071 1333 1115 1388 his
1132 1333 1199 1402 ipsis

250 1400 387 1454 coniicere
405 1400 480 1465 licet,
499 1415 532 1454 eo
550 1400 634 1453 modo
652 1401 764 1454 videtur
782 1401 938 1469 digessisse,
956 1402 989 1453 ut
1005 1401 1048 1454 ius
1066 1399 1125 1454 fisci
1142 1403 1198 1454 tra·

247 1468 340 1521 ctaret
356 1467 377 1523 Ι,
396 1467 504 1520 ratione
522 1468 707 1536 negotiorum,
726 1484 797 1536 quae
810 1469 845 1520 ab
858 1467 919 1521 aliis
931 1469 1046 1536 propter
1077 1467 1199 1521 ublicam

249 1533 390 1611 quandam
413 1533 565 1588 utilitatem
587 1534 726 1588 inutiliter
748 1537 883 1603 geruntur
909 1535 968 1588 eive
994 1485 1091 1587 morib
1118 1550 1200 1589 eausa

247 1617 306 1654 sive
328 1600 402 1654 inter
424 1601 515 1665 vivos,
538 1601 578 1660 ii.
598 1607 682 1656 1—42.
717 1601 750 1655 II.
774 1603 881 1655 ratione
908 1601 1098 1678 negotiorum,
1127 1617 1198 1668 quae

248 1668 335 1736 ipsius
352 1667 412 1722 fisci
428 1668 540 1722 nomine
563 1668 683 1722 maxime
702 1684 719 1721 a
736 1669 822 1722 servis
841 1668 966 1723 Caesaris
989 1668 1199 1736 contrahuntur,

247 1740 288 1800 ἐξ.
306 1741 380 1790 6-7.
402 1737 464 1788 tum
486 1736 584 1804 ageret
605 1735 652 1787 ΙΙΙ.
670 1735 705 1788 de
727 1736 824 1803 poenis
845 1735 1026 1814 pecuniariis,
1050 1752 1122 1803 quae
1145 1735 1198 1788 illi·

247 1803 304 1856 cite
327 1803 471 1872 gestorum
492 1801 604 1855 nominc
627 1802 656 1853 in
678 1803 773 1855 fiscum
796 1802 975 1871 rediguntur,
993 1807 1032 1866 ἐς.
1050 1808 1075 1857 8.
1094 1809 1132 1864 9.,
1150 1802 1198 1855 ubi

249 1870 370 1939 primum
388 1869 486 1923 folium
505 1870 570 1923 exit.
600 1867 732 1936 Sequitur
750 1869 778 1921 in
796 1869 885 1922 altero
902 1869 970 1922 folio
987 1869 1034 1922 IV.
1052 1869 1087 1922 de
1105 1869 1195 1936 lucris,

248 1953 321 2006 quae
340 1936 423 1990 fiscus
441 1952 475 1990 ex
493 1935 767 2004 licitisprivatorum
789 1936 909 2005 negotiis
932 1937 979 1990 vei
1001 1937 1098 1990 mortis
1117 1951 1198 1989 causa

248 2004 389 2124 filit!
406 2004 583 2124 itoeililil'
602 2007 778 2123 §illiti
796 2003 916 2124 ltili?
936 2004 1198 2124 'tiliato

248 2137 336 2192 etiam
354 2138 483 2205 oporteat
500 2138 546 2191 vel
562 2087 631 2199 ubil,
649 2138 709 2190 tam
727 2136 783 2202 his,
801 2139 850 2204 qui
866 2086 981 2190 munaegre
999 2136 1094 2204 aliquo
1112 2136 1198 2190 fiscali

249 2204 296 2258 fun
319 2207 411 2270 untur,
430 2220 514 2272 quam
531 2204 659 2272 privatis,
677 2208 716 2267 ἐξ.
732 2210 837 2257 14-21.
866 2203 920 2268 Qui
932 2204 1000 2257 ordo
1017 2205 1197 2258 materiarum

249 2223 330 2325 valde
353 2272 512 2340 discrepare
535 2271 753 2348 deprehenditur
774 2271 810 2324 ab
837 2285 883 2332 eo,
909 2287 964 2338 quo
986 2270 1110 2349 Paullus·
1123 2269 1198 2324 dent.

248 2339 298 2391 lib.
319 2338 351 2395 V.
363 2339 408 2391 tit.
423 2344 461 2391 12.
481 2337 516 2391 de
534 2353 593 2391 iure
612 2337 699 2390 fisore
721 2339 751 2391 it.
782 2336 851 2390 Cum
869 2353 936 2391 vero
954 2353 996 2402 ea,
1017 2353 1089 2404 quae
1101 2355 1131 2391 ιιι
1143 2337 1197 2392 fine

250 2404 312 2458 folii
329 2404 413 2472 primi
430 2405 596 2469 tractantur,
613 2355 764 2457 admodum
777 2404 869 2458 vicina
880 2404 935 2457 sint
946 2403 998 2470 his,
1017 2405 1091 2458 unde
1104 2419 1198 2458 secun-

249 2471 316 2523 dum
333 2471 432 2524 folium
449 2470 560 2523 initium
578 2471 665 2536 capit,
689 2470 765 2524 haud
787 2471 850 2540 plus
867 2487 951 2539 quam
970 2471 1025 2524 duo
1042 2470 1110 2525 folia
1125 2471 1199 2525 inter

248 2538 398 2606 utrumque
417 2537 532 2605 periisse
550 2537 707 2591 existimare
724 2537 798 2591 licet.

316 2603 358 2658 De
376 2605 470 2658 aetate
489 2605 518 2656 et
539 2606 651 2658 auctore
674 2604 773 2658 horum
795 2605 839 2658 fra
888 2606 1015 2658 sutorum
1038 2621 1140 2674 magna
1157 2609 1266 2666 esttser]

248 2671 415 2726 interritos
433 2671 530 2724 doctos
548 2671 744 2735 dissensio-de
763 2688 819 2738 qua
858 2671 1029 2725 eimbaohius
1047 2673 1076 2725 iri
1094 2675 1197 2741 repert.

248 2737 322 2806 Lips.
342 2744 415 2792 1843.
434 2755 461 2806 p.
481 2743 529 2792 146
542 2754 599 2806 seq.
619 2740 649 2792 et
664 2737 850 2807 Boeckingius
867 2739 897 2791 in
914 2739 1089 2806 praefatione
1108 2741 1198 2792 novis·
1338 2757 1344 2794 l

250 2805 336 2859 simae
354 2805 453 2858 horum
471 2805 692 2874 fragmentorum
714 2804 843 2858 editionis
866 2805 917 2858 sub
940 2805 1026 2860 finem
1049 2806 1113 2860 edit.
1133 2805 1197 2874 Ulp.

248 2872 348 2949 fragm.
367 2873 485 2940 quartae
503 2874 591 2950 (1855)
608 2889 635 2940 p.
650 2878 706 2926 145.
725 2871 835 2940 copiose
853 2870 1049 2940 exposuerunt.
1078 2872 1115 2926 Et
1131 2888 1197 2927 sane

248 2938 359 2993 facilius
377 2938 454 2992 dictu
472 2940 522 3004 eet,
541 2953 619 2992 ouius
637 2954 671 2992 ea
687 2954 742 2992 non
760 2939 823 3004 sint,
841 2938 908 2992 licet
925 2955 942 2992 a
960 2939 1126 3007 quibusdam
1139 2956 1216 2994 esse·

248 3005 323 3058 diota
333 3005 445 3070 fuerint,
456 3021 541 3073 quam
550 3006 628 3059 euius
637 3007 701 3058 sint.
728 3005 852 3059 Primum
863 3006 950 3075 igitur
959 3022 1014 3060 non
1023 3008 1088 3060 sunt
1098 3006 1197 3073 Paulli,

248 3087 339 3140 neque
365 3088 400 3126 ex
422 3071 630 3126 Sententiarum
654 3072 713 3126 eius
735 3088 826 3140 neque
848 3088 882 3127 ex
900 3073 976 3126 libris
995 3073 1029 3127 de
1047 3074 1107 3126 iure
1125 3073 1197 3128 fisci:

248 3140 281 3192 ut
298 3141 408 3194 taceam
426 3140 485 3193 eius
502 3139 604 3193 librum
622 3139 792 3208 singularem
804 3139 983 3210 Regularum.
1015 3139 1077 3194 Non
1090 3142 1154 3193 sunt
1165 3157 1199 3194 ex

248 3206 317 3273 illis,
336 3223 401 3262 nam
420 3208 450 3260 et
467 3206 534 3260 ordo
552 3222 645 3260 rerum
663 3206 735 3260 alius
753 3208 803 3272 est,
822 3206 857 3260 de
875 3222 930 3275 quo
948 3207 1004 3262 iam
1022 3207 1093 3271 dixi,
1133 3207 1199 3261 uod·

248 3290 304 3401 3¹¹3
322 3275 632 3406 buitiutptttelit
650 3273 1028 3408 tilirllnrarrl
1045 3274 1106 3395 le
1116 3279 1199 3394 ...⁴⁵4

248 3382 332 3464 aiiter
350 3383 453 3463 et'alio
466 3381 674 3462 sententiatim
692 3381 753 3461 lbco
772 3407 793 3463 Ῑ.
814 3413 847 3462 θ’.
867 3412 890 3472 5.
902 3413 926 3461 2.
945 3358 1078 3461 refe’rtbr:
1095 3423 1151 3462 non
1164 3359 1198 3461 gx

247 3475 303 3539 his,
322 3477 454 3543 quoniam
466 3475 581 3530 Paullus
592 3475 625 3528 iis
637 3477 680 3529 ius
692 3474 753 3528 fisci
764 3475 836 3528 iusto
853 3475 973 3528 tractatu
991 3475 1153 3544 exsequitur
1170 3475 1199 3527 et

269 3543 375 3610 ropriae
394 3543 566 3610 aliorumque
586 3542 729 3610 opiniones
746 3541 792 3594 vel
809 3542 1010 3610 imperatorum
1022 3541 1159 3610 rescripta
1171 3541 1199 3594 et

247 3558 362 3662 decreta
379 3610 473 3674 refert,
491 3609 570 3663 velut
587 3607 616 3662 L.
630 3616 652 3667 5.
671 3609 710 3674 §5-
729 3613 753 3662 5.
774 3613 812 3662 11.
833 3615 870 3661 12.
892 3613 929 3662 lo.
948 3611 981 3662 D.
1000 3608 1035 3662 ds
1053 3607 1105 3677 his,
1124 3623 1196 3676 quae
