2678 4116
248 220 309 285 186
556 233 617 270 ean
635 233 734 269 naama.
753 215 775 268 I.
795 222 902 270 52—55.

310 374 357 434 52.
380 377 409 438 Ia
426 385 561 450 potestate
576 379 669 450 itaque
683 383 748 432 sunt
763 377 836 431 serui
851 375 1033 431 dominorum.
1070 392 1138 448 quae
1154 379 1215 450 qui·
1277 432 1281 440 ,

246 464 307 520 dem
322 471 445 536 potestas
466 463 534 518 iuris
557 463 680 534 gentium
702 468 759 516 est:
783 477 843 515 nam
866 461 939 532 apud
960 475 1054 515 omues
1077 477 1214 534 peraeque
1225 457 1283 512 [114]

247 557 344 624 gentes
356 546 571 602 animaduertere
582 561 741 619 possumus,
756 545 872 600 dominis
887 545 914 598 in
927 559 1024 600 seruos
1040 546 1116 601 uitae
1126 546 1214 602 neeis·

246 649 300 706 quo
314 640 479 704 potestatem
501 647 576 700 osse,
597 638 625 686 et
646 628 838 702 quodcumque
858 645 908 702 per
924 644 1034 684 seruum
1050 629 1212 702 adquiritur,

197 715 236 764 14.
245 718 271 773 id
294 717 403 774 domiuo
425 710 564 788 ’adquiri.¹
605 709 654 771 53.
678 713 731 768 Sed
754 713 806 769 hoo
829 721 951 786 tempore
972 729 1061 786 neque
1084 711 1211 790 ciuibusi

245 801 386 866 Romanis,
408 817 458 856 neo
480 799 542 854 ullis
565 799 623 854 aliis
645 798 825 862 hominibus„
840 799 886 870 qui
909 797 960 852 sub
982 798 1095 870 imperio
1116 799 1212 871 populi

245 885 356 942 Romani
371 895 451 952 sunt,
473 885 536 940 lioet
551 899 632 956 supra
647 881 756 938 modum
772 891 800 937 et
815 883 873 936 sine
889 899 969 938 eausa
984 883 1011 936 ia
1027 897 1124 938 seruos
1146 900 1212 939 suos

245 971 364 1026 saeuire:
387 985 449 1024 nam
471 984 504 1023 ea
525 967 731 1024 ’constitutione
753 959 949 1022 sacratissimi²
971 967 1143 1040 imperatoris
1159 971 1212 1022 Au·

245 1055 332 1110 touini
348 1055 393 1126 qui
409 1055 467 1108 siue
482 1069 562 1109 eausa
577 1067 686 1108 seruum
701 1067 782 1106 suum
798 1050 937 1124 occiderit,
952 1067 1008 1106 uon
1023 1051 1111 1106 minus
1124 1053 1213 1108 teneri

244 1139 364 1209 iubetur,
379 1154 459 1211 quam
473 1138 519 1210 qui
532 1136 649 1192 alienum
661 1151 771 1190 seruum
784 1134 922 1190 occiderit.
944 1135 993 1190 sed
1005 1143 1034 1190 et
1046 1137 1131 1199 maior
1143 1153 1212 1208 quo·

245 1239 298 1296 que
310 1225 442 1295 asperitas
454 1221 629 1277 dominorum
646 1237 695 1294 per
709 1219 829 1275 eiusdem
845 1221 975 1292 principis
987 1206 1210 1276 constitutionem

244 1315 399 1364 coercetur:
424 1321 485 1360 nam
508 1306 650 1362 consultus
666 1321 680 1360 a
699 1303 858 1378 quibusdam
873 1303 1041 1376 praesidibus
1056 1304 1210 1377 prouincia·

244 1407 304 1446 rum
319 1389 353 1445 de
368 1390 410 1444 his
425 1391 524 1460 seruis,
540 1393 587 1462 qui
599 1389 633 1446 ad
645 1389 706 1444 iana
717 1388 831 1444 deorum
841 1388 885 1443 uel
896 1388 929 1444 ad
941 1397 1043 1444 statuas
1055 1389 1208 1460 principum

243 1473 416 1546 confugiunt,
439 1475 589 1546 praecepit,
611 1482 644 1528 ut
658 1475 681 1530 si
701 1471 879 1528 intolerabilis
896 1472 1022 1528 uideatur
1036 1471 1210 1528 dominorum
1320 1541 1322 1550 Ι

243 1559 368 1629 saeuitia,
382 1565 517 1630 cogantur
531 1575 629 1614 seruos
641 1574 706 1614 suos
720 1556 849 1616 uendere.
876 1566 903 1613 et
916 1564 1061 1630 utrumque
1075 1565 1151 1612 recte
1166 1555 1220 1612 dtr.

243 1642 312 1698 male
328 1642 397 1697 enim
413 1650 509 1698 nostro
530 1643 590 1698 iure
606 1645 645 1698 uti
661 1658 716 1698 non
737 1641 881 1709 debemus3
904 1657 957 1714 qua
978 1641 1084 1696 ratione
1099 1649 1127 1696 et
1148 1658 1211 1714 pro·
1308 1635 1322 1666 ·²

244 1726 315 1800 digis
340 1725 512 1782 interdicitur
532 1726 666 1782 bonorum
693 1742 805 1782 suorum
826 1725 1047 1784 administratio.'
1063 1721 1110 1782 54„
1128 1725 1211 1781 *Gete-

244 1827 303 1866 rum
320 1827 379 1866 oum
395 1813 469 1884 apud
482 1812 555 1867 ciues
570 1811 706 1867 Romanos
728 1810 827 1884 duplex
846 1811 883 1865 sit
902 1809 1053 1866 dominium
1073 1803 1149 1883 (nam
1166 1810 1211 1866 uel

244 1897 270 1950 in
286 1895 364 1951 bonis
380 1895 425 1951 uel
446 1913 478 1952 ex
498 1897 557 1951 iure
573 1895 719 1963 Quiritium
739 1894 785 1950 uel
805 1911 837 1950 ex
859 1890 978 1968 utroquo
998 1896 1057 1950 iure
1078 1895 1211 1968 cuiusque

243 1996 341 2036 seruus
357 1996 418 2036 esse
437 1977 635 2054 intellegitur),
656 1982 693 2036 ita
714 1979 820 2035 demum
836 1995 947 2034 seruum
963 1977 993 2035 in
1008 1987 1146 2052 potestate
1161 1978 1211 2034 do·

244 2067 308 2120 mini
323 2080 384 2120 osse
399 2064 535 2136 dicemus,
557 2067 580 2120 si
601 2067 628 2119 in
644 2065 722 2120 bouis
738 2065 797 2119 eius
812 2065 865 2134 sit,
887 2064 989 2118 etiamsi
1005 2063 1087 2119 simul
1102 2079 1135 2118 ex
1150 2065 1210 2119 iure

244 2149 388 2215 Quiritium
409 2149 526 2204 eiusdem
548 2166 603 2205 uon
624 2151 673 2204 sit:
695 2165 756 2204 nam
778 2147 942 2221 quidudum
964 2149 1006 2202 ius
1023 2145 1167 2214 Quiritium
1182 2150 1211 2203 in

243 2249 324 2289 seruo
341 2233 431 2304 hahet,
447 2235 470 2287 is
486 2241 650 2306 potestatem
665 2233 764 2288 habore
779 2249 834 2288 noa
850 2231 1028 2304 intellegitur.

306 2313 353 2372 55.
372 2317 438 2371 item
454 2317 482 2370 in
497 2325 633 2389 potestate
648 2325 743 2372 nostra
757 2325 822 2372 suut
837 2315 914 2372 liberi
929 2317 1027 2386 nostri,
1044 2334 1113 2390 quos
1130 2319 1209 2374 iustis

243 2401 345 2472 nuptiis
360 2403 575 2473 procreauimus.
607 2401 679 2473 quod
696 2402 739 2456 ius
754 2403 896 2474 proprium
911 2402 1010 2456 ciuium
1025 2402 1209 2457 Romanorum

243 2492 298 2539 ost:
321 2483 379 2538 iere
394 2485 466 2538 euim
483 2483 550 2539 uuili
566 2484 609 2539 alii
625 2495 689 2541 sunt
704 2486 838 2555 homines,
855 2485 902 2559 qui
917 2484 998 2540 talem
1013 2487 1041 2540 in
1056 2484 1126 2542 filios
1142 2503 1208 2543 suos

194 2579 233 2628 15.
243 2560 342 2624 habeut
357 2575 532 2642 potestatem,
548 2569 655 2641 qualem
670 2585 721 2624 nos
737 2569 877 2626 hahemus.
900 2569 982 2641 idque
994 2570 1078 2626 diuus
1091 2567 1209 2647 Haidri'a-

242 2685 455 2693 ——ffi

315 2735 335 2803 ¹)
351 2739 485 2802 adquiritur
497 2738 522 2786 0.
533 2739 591 2788 edd.
610 2737 664 2788 Sed
671 2740 800 2788 sententio
814 2746 839 2788 et
852 2755 896 2788 res
910 2741 968 2804 ipsa
982 2738 1029 2804 (ef.
1045 2754 1065 2797 1,
1075 2750 1108 2790 aa.
1124 2751 1145 2801 a,
1159 2738 1208 2804 88.)

241 2811 359 2874 exipuat,
374 2817 401 2858 at
416 2827 472 2859 eom
481 2809 638 2860 Halooadro
648 2808 695 2875 (od
703 2809 764 2875 Dap.
776 2813 793 2860 i.
802 2809 837 2874 e.)
847 2813 962 2876 deponeres
971 2811 1073 2875 adquiri.
1112 2805 1133 2876 ¹)
1149 2825 1209 2859 oon-

241 2881 377 2929 stitutioues
394 2880 419 2930 0.
449 2883 476 2930 im
492 2895 541 2945 quo
555 2879 663 2930 Studes
677 2896 768 2946 opopa.
779 2897 808 2945 p.
819 2893 866 2932 300.
887 2884 988 2931 literam
1002 2897 1014 2930 s
1029 2896 1098 2930 mero
1113 2884 1210 2931 columi

241 2953 328 3014 lapsui
341 2951 440 3004 tribuit.
468 2950 521 3001 Sed
535 2953 630 3002 collato
645 2952 677 3000 L.
692 2965 713 3004 9.
733 2952 765 3000 Ι).
782 2953 817 3000 od
830 2951 878 3002 SC.
897 2951 1002 3004 Terruit.
1019 2951 1064 3018 (38,
1079 2951 1115 3016 tt)
1131 2954 1209 3002 etiam

240 3021 265 3071 Ιι.
281 3025 311 3082 l.,
329 3022 373 3072 odi
388 3022 468 3072 Gaias
486 3025 529 3072 eui
547 3025 712 3087 imperatoris
726 3024 840 3086 primam
858 3026 1009 3074 mentionem
1024 3025 1106 3086 facit,
1126 3039 1209 3072 sacra-

240 3094 329 3142 tissimi
343 3110 399 3143 rum
409 3096 496 3158 prior.
512 3095 570 3146 edd.
586 3096 699 3143 retinere
714 3095 800 3142 malui.

311 3233 336 3304 ξ.
349 3237 477 3287 52.=L.
489 3249 509 3287 1.
525 3238 548 3298 ἕ.
565 3249 585 3286 1.
605 3235 637 3282 Ι).
648 3236 679 3284 de
694 3235 735 3283 dia
750 3251 772 3298 q.
787 3235 830 3284 sai
844 3233 876 3300 (1,
887 3235 918 3299 a).
938 3238 961 3298 §-
977 3249 998 3286 1.
1017 3235 1039 3284 I.
1055 3236 1111 3286 eod.
1127 3234 1159 3301 (1,
1174 3234 1208 3300 8).

240 3303 265 3375 ξ.
281 3310 324 3358 53.
340 3331 374 3349 =
389 3309 420 3356 L.
436 3321 456 3358 1.
472 3309 495 3368 ἓ.
511 3319 532 3357 a.
556 3307 589 3355 D.
605 3308 628 3367 ξ.
644 3317 664 3356 a.
689 3304 711 3353 I.
727 3305 783 3355 eod.
809 3307 847 3369 Cf.
865 3306 954 3359 Cottae.
970 3319 991 3370 a,
1006 3319 1026 3358 a.
1041 3319 1062 3358 3.
1086 3305 1208 3374 prodigis]

241 3379 280 3442 Of.
297 3379 372 3428 Paul.
388 3392 409 3436 a,
424 3381 459 3429 4².
474 3381 497 3439 §-
513 3389 533 3427 a
589 3372 615 3444 ξ.
626 3377 668 3425 54.
686 3376 724 3439 Os.
740 3378 779 3438 ξς.
790 3369 839 3426 srb.
850 3388 884 3428 oa.
905 3379 979 3442 infra
990 3391 1011 3437 a,
1025 3390 1059 3428 to.
1074 3389 1108 3429 sa.
1127 3390 1149 3436 a,
1159 3389 1208 3429 too.

244 3448 385 3514 Ulp.1,16.
410 3447 540 3511 tteopmt.
556 3460 576 3505 1,
591 3459 611 3498 5.
628 3449 651 3508 ἕ,
666 3459 687 3496 4.
756 3443 781 3515 ξ.
795 3449 957 3500 oo.=L.o.
978 3449 1009 3498 D.
1025 3449 1057 3497 de
1071 3448 1113 3497 dis
1127 3465 1150 3512 q.
1166 3451 1210 3498 sai

239 3537 262 3573 a.
277 3523 311 3569 ol.
327 3523 378 3570 ior.
394 3519 425 3585 (1,
436 3520 467 3583 6).
479 3533 522 3581 pr.
533 3519 558 3579 ξ.
568 3529 589 3567 a.
608 3517 678 3566 tide
688 3525 760 3580 potr.
767 3526 822 3581 pot.
833 3519 864 3582 (1,
874 3518 906 3584 o).
927 3521 1001 3583 infra
1013 3522 1036 3582 ξ.
1047 3531 1081 3570 aa.
1097 3520 1209 3584 Dionys.

238 3601 259 3647 a,
274 3602 309 3640 aa.
329 3585 477 3655 Galatarum]
493 3589 528 3651 ef.
546 3588 617 3638 Gaea.
632 3589 664 3637 de
679 3588 701 3638 b.
719 3586 785 3638 aare
800 3601 822 3648 o,
836 3602 870 3641 19.
