2680 4112
467 238 597 276 nnsvnrvs
616 239 732 278 snmus.
1017 233 1078 290 127

110 381 202 438 neque
220 365 313 422 locum
328 366 357 420 in
372 379 402 419 aa
417 381 508 438 pugna
522 365 683 439 reliquerat3
700 365 778 426 aliter
792 368 834 422 ius
850 367 950 423 ciuicae
961 381 1079 424 coronae

111 457 195 521 negat
220 465 393 506 concessum.
429 448 565 504 Tiberium
586 456 676 505 tamen
698 448 837 506 Caesarem
859 450 1023 522 consultum,
1045 467 1079 508 an

112 535 225 590 ciuicam
243 549 372 588 coronam
388 548 482 606 capere
497 541 602 605 posset,
617 535 664 606 qui
679 535 765 590 ciuem
780 535 808 588 in
823 534 928 607 proelio
943 543 1080 590 seruasset

114 624 141 672 et
156 617 256 672 hostes
270 615 369 672 ibidem
385 617 454 672 duos
469 616 660 688 interfecisset,
681 617 728 672 sed
744 617 843 689 locum,
863 619 890 673 iu
906 633 961 692 quo
976 635 1079 692 pugna-

113 699 170 770 bat,
194 717 252 756 non
274 685 434 755 retinuisset
456 715 543 773 eoque
565 700 625 756 loco
648 701 742 756 hostes
764 703 846 774 potiti
860 709 958 771 essent,
982 703 1080 758 rescri-

113 785 203 856 psisse
218 783 295 854 dicit,
311 799 371 838 eum
387 800 496 857 quoque
510 785 593 840 ciuica
608 785 719 858 dignum
736 785 829 854 uideri,
845 785 917 858 quod
928 796 1078 859 appareret,

114 883 147 922 cx
169 876 223 922 tarn
245 868 341 940 iniquo
356 867 418 923 loco
434 869 520 923 ciuem
536 866 569 922 ab
584 883 617 924 eo
632 876 781 936 seruatum,
800 876 832 923 ut
846 869 927 923 etiam
941 885 956 924 a
972 870 1081 926 iortlter

114 949 304 1025 pugnantibus
319 953 431 1008 retineri
446 967 502 1006 non
516 953 644 1024 quiuerit.
660 981 701 992 -
717 951 784 1008 Geli.
800 950 829 1022 5,
847 951 874 1008 6.
891 949 919 1022 S.
937 952 1010 1008 14..

414 1108 456 1166 Er
477 1111 630 1166 incertis
651 1103 783 1166 libris¹

179 1223 226 1285 18.
248 1225 380 1282 Masurius
396 1236 557 1298 auctorest,
580 1243 662 1282 curru
678 1244 787 1301 quoque
803 1227 993 1300 triumphantis
1010 1243 1080 1302 myr-

128 1326 161 1366 ea
179 1327 279 1366 corona
295 1327 368 1365 usos.
386 1340 427 1349 -
441 1311 511 1366 Plin.
526 1311 558 1366 N.
575 1310 607 1368 H.
625 1309 675 1381 15,
692 1311 741 1366 29.
758 1311 784 1382 3.
803 1310 851 1368 38.

185 1389 234 1448 te.
257 1391 296 1448 Ob
317 1395 363 1448 has
387 1411 480 1450 causas
503 1393 627 1466 equidem
649 1393 818 1464 crediderim,
840 1395 972 1450 honorem
988 1397 1012 1451 ei
1031 1393 1080 1466 (so.

117 1471 211 1546 lauro)
227 1476 342 1532 habiturn
357 1479 385 1533 in
402 1479 544 1550 triumphis
559 1479 659 1550 potius,
678 1494 756 1550 quam
773 1480 834 1552 quia
850 1477 1033 1536 suffimentum
1046 1483 1081 1536 sit

116 1559 212 1616 caedis
227 1559 343 1615 hostiurn
359 1570 386 1616 et
400 1563 538 1634 purgatio,
560 1569 591 1616 ut
605 1561 687 1616 tradit
701 1561 840 1619 Masurius.
858 1591 894 1603 -
912 1559 980 1618 Plin.
998 1563 1030 1621 N.
1046 1563 1078 1619 H.

117 1641 170 1712 15,
188 1643 238 1700 30.
254 1643 281 1714 S.
298 1643 348 1702 40.

66 1744 109 1794 [ss]
183 1723 237 1784 20.
260 1727 289 1782 ln
312 1728 422 1783 eosdem
444 1730 514 1784 situs
536 1729 680 1785 comitatur
701 1735 729 1784 et
750 1731 827 1801 spina
849 1731 1003 1802 nuptiarum
1019 1730 1081 1786 iaci·

115 1809 169 1866 hus
186 1812 410 1884 auspicatissima,
427 1813 552 1884 quoniam
567 1812 630 1867 iude
645 1812 759 1867 iecerint
773 1821 907 1884 pastores,
923 1815 970 1884 qui
986 1829 1081 1886 rapue-

115 1902 185 1950 runt
199 1893 319 1959 Sabinas,
343 1903 374 1950 ut
394 1904 490 1951 auctor
509 1904 552 1951 est
573 1895 712 1952 Masurius.
726 1923 769 1935 -
783 1893 852 1950 Plin.
868 1895 900 1951 N.
917 1894 949 1951 H.
967 1895 1015 1965 16,
1034 1895 1082 1954 18.

184 2055 230 2118 21.
252 2060 352 2117 Verum
375 2061 458 2118 altera
479 2062 552 2120 lotos
572 2063 599 2116 in
616 2061 761 2133 Voicanali,
785 2061 858 2134 quod
873 2060 1003 2116 Romulus
1018 2078 1083 2118 con-

117 2146 210 2200 stituit
232 2161 266 2200 er
288 2147 403 2202 uictoria
418 2146 452 2202 de
467 2145 596 2216 decumis,
620 2161 755 2218 aequaeua
778 2143 837 2200 urbi
858 2144 1037 2218 intellegitur,
1052 2153 1084 2201 ut

119 2236 216 2284 auctor
232 2236 274 2284 est
289 2228 434 2290 Masurius.
450 2259 490 2270 -
506 2230 573 2285 Plin.
589 2229 620 2285 N.
636 2228 669 2282 H.
689 2229 738 2300 16,
754 2227 806 2284 44.
823 2229 852 2299 S.
869 2228 919 2286 86.

183 2307 234 2368 22.
257 2311 390 2368 Masurius
411 2313 526 2386 palmam
549 2314 642 2387 lupino
666 2312 736 2386 adipi
758 2313 862 2367 dedisse
886 2315 1013 2386 antiquos
1030 2320 1083 2368 tra·

119 2395 205 2464 didit;
220 2395 282 2452 ideo
297 2413 384 2452 nouas
398 2406 496 2468 nuptas
512 2397 559 2452 illo
571 2412 742 2470 perunguere
753 2399 841 2470 postis
852 2395 958 2468 solitas,
974 2397 1082 2470 nequid

119 2479 186 2534 mali
200 2479 388 2536 medicamenti
403 2481 559 2537 inferretur.
577 2511 613 2520 —
630 2480 698 2535 Pliu.
716 2479 748 2536 N.
764 2479 796 2535 tt.
814 2479 865 2552 28,
881 2480 909 2536 9.
928 2480 957 2550 S.
974 2481 1024 2537 37.

189 2559 238 2620 28.
259 2562 390 2620 Masurius
405 2565 561 2637 sanqualem
574 2563 735 2636 ossifragum
748 2579 807 2618 esse
819 2563 891 2633 dicit,
917 2564 1082 2620 inmusulum

120 2653 214 2702 autem
230 2647 335 2719 pullum
351 2647 466 2720 aquilae,
482 2649 639 2722 priusquam
656 2647 752 2702 albicet
768 2645 858 2702 cauda.
873 2675 916 2687 -
930 2645 997 2702 Plio.
1008 2647 1038 2703 N.
1050 2646 1082 2702 ll.

122 2731 172 2800 10,
191 2730 220 2787 7.
238 2726 264 2803 S.
281 2730 311 2787 8.

184 2809 235 2870 24.
257 2813 389 2870 Masurius
405 2822 566 2887 auctorest,
589 2813 620 2874 t.
636 2814 770 2886 Papirium
785 2821 946 2887 praetorem,
963 2815 1082 2870 secundo

22 2963 23 2968 .
119 2890 246 2954 herede²
260 2897 322 2971 lege
337 2906 451 2971 agente,
467 2898 600 2954 honorum
618 2890 836 2972 possessionem3
851 2906 945 2954 contra
961 2914 1022 2953 eum
1037 2898 1083 2954 de-

120 2981 206 3053 disse,
222 2998 285 3038 oum
300 2991 387 3038 mater
399 2991 507 3056 parturn
521 2999 551 3038 se
565 2983 620 3038 lllll
633 2981 767 3038 mensibus
780 2981 881 3037 diceret
892 2982 998 3053 tulisse,
1014 2998 1083 3055 quo·

120 3065 193 3120 niam
221 3065 325 3120 nullum
352 3073 456 3122 certum
479 3073 584 3139 tempus
607 3065 728 3140 pariendi
749 3072 849 3120 statum
871 3064 1019 3122 uideretur.
1044 3095 1082 3106 ——

119 3147 190 3204 Piin.
207 3147 239 3202 N.
255 3149 289 3208 tt.
306 3149 336 3222 t,
352 3149 381 3206 5.
398 3149 426 3222 3,
442 3148 462 3204 4
481 3159 508 3206 et
523 3167 555 3205 ex
570 3166 604 3205 eo
620 3149 687 3206 Geli.
704 3147 734 3220 3,
752 3148 800 3205 16.
818 3149 846 3220 N.
863 3148 913 3205 23.

119 3281 324 3290 .--—-——..

194 3342 216 3413 ¹)
230 3346 276 3396 Em
284 3347 377 3412 quibus
384 3363 451 3413 quoe
459 3347 563 3398 Plinius
569 3347 689 3406 servavit,
700 3345 846 3397 condebito
856 3347 941 3396 omnia
950 3346 1084 3394 memorio-

119 3419 182 3468 lium
196 3417 275 3467 libris
288 3417 385 3468 deberi.
410 3414 431 3484 ⁰)
446 3419 463 3468 i.
473 3433 495 3468 e.
509 3417 652 3468 substituto.
681 3414 703 3484 ³)
718 3419 735 3466 i.
751 3433 773 3467 e.
789 3417 932 3470 vindiciam·
946 3427 1008 3462 vera
1018 3415 1085 3462 enim

120 3490 230 3555 inpendi
237 3488 362 3539 bonorum
367 3491 498 3552 possessio
508 3503 589 3553 aeque
598 3490 624 3538 in
636 3489 700 3554 lepis
707 3489 809 3538 actione
818 3501 899 3550 oeque
906 3497 1083 3548 unqoomooo-

120 3565 163 3609 tra
176 3561 291 3624 aliquem
303 3560 391 3610 datur.
