2680 4112
139 240 154 252 ἱ
231 182 273 240 90
631 189 654 224 1..
668 187 784 224 umorve.

232 335 297 374 oum
310 317 426 388 fropem
441 322 558 387 secant,
578 313 700 385 familiae
714 317 880 386 purpoudae
896 329 988 370 causo
1007 314 1108 370 Cereri
1122 330 1191 370 coe·

230 403 326 468 ditur,
346 399 533 471 praecidanea
554 398 660 454 dicitur.
682 426 720 436 -
737 395 809 453 rest.
827 415 850 452 v.
866 397 1044 454 Praecidanea
1059 415 1086 471 p.
1104 393 1190 454 218.¹

286 479 335 541 29.
358 482 467 538 lleiriua
488 481 547 538 laba
570 481 684 551 dicitur,
700 489 730 536 ut
745 483 782 536 ait
797 481 920 552 Cincius,
936 481 1029 554 'quom
1044 497 1091 550 ea,
1107 473 1191 554 quae²

231 567 264 622 ad
279 565 439 624 sacrificinm
454 566 551 621 relerri
573 564 642 622 solet
664 563 773 620 domum
796 581 828 620 ex
850 573 943 637 segete
966 566 1077 637 auspicii
1100 581 1189 633 causa,

232 651 306 724 quasi
322 641 508 706 ’reuocantur3
523 648 630 721 fruges,
652 655 682 702 ut
699 647 808 704 domum
825 647 886 703 'lata
900 663 987 703 messe
1004 649 1106 704 uirtute
1123 643 1192 720 (siut

232 731 342 805 eodem)
358 727 405 788 ad4
420 750 476 788 rem
493 733 609 786 diuinam
624 731 779 786 faciendam.
797 762 837 772 —
854 730 1191 804 restantemuaptrr.

293 815 344 874 30.
366 817 449 872 Salias
470 817 591 889 uirgines
606 813 712 870 Cincius
734 817 771 870 ait
786 831 846 870 esse
861 814 1049 885 conductitius,
1072 825 1141 887 quae
1157 815 1192 869 ad

231 901 317 956 Salios
332 899 507 956 adhibeantur
519 897 636 972 apicibus
649 897 797 971 paludatas,
815 915 881 971 quas
894 898 984 954 Aelius
997 897 1065 954 Stilo
1079 899 1251 971 scripsimus]

232 983 390 1040 sacrificium
412 984 498 1038 iacere
518 984 545 1037 iu
566 983 641 1055 regia
661 998 721 1036 cnm
736 981 864 1054 pontifice
879 981 1019 1054 paludatas
1034 998 1095 1038 cum
1111 983 1193 1056 apici·

230 1067 324 1122 busin
339 1067 447 1122 modum
463 1065 605 1120 Saliorum.
625 1093 659 1104 —
678 1065 750 1123 Fest.
765 1083 790 1120 v.
807 1065 892 1121 Salias
908 1083 934 1138 p.
952 1063 1022 1122 329.

293 1147 340 1208 31.
364 1150 493 1206 Sinistrae
509 1165 572 1204 aues
588 1148 781 1221 sinistrumque
796 1150 854 1204 siue
869 1149 1030 1204 sinistimum
1043 1149 1193 1222 auspicium

231 1237 248 1290 i.
266 1235 339 1308 quod
356 1236 427 1289 sinat
443 1231 509 1288 lieri.
539 1231 623 1287 Varro
639 1231 656 1286 l.
674 1232 703 1288 V.
720 1233 919 1305 epistolicarum
937 1233 1125 1305 quaestionum
1139 1233 1192 1286 ait:

230 1315 264 1372 ‘A
280 1317 393 1372 deorum
408 1316 472 1372 sede
488 1333 549 1372 cnm
563 1317 591 1370 in
606 1315 741 1370 meridiem
757 1324 879 1388 spectes,
898 1312 993 1388 (quod)
1008 1315 1040 1371 ad
1056 1317 1192 1370 sinistram

230 1407 295 1456 sunt
308 1408 398 1473 partes
414 1399 505 1454 mundi
521 1401 689 1470 exorientes,
705 1399 737 1453 ad
754 1399 887 1455 dexteram
905 1400 1075 1468 occidentes,
1090 1399 1193 1455 lactum

231 1483 363 1552 arbitror,
380 1491 411 1536 ut
426 1484 534 1537 sinistra
549 1481 660 1536 meliora
676 1483 790 1554 auspicia
806 1499 884 1555 quam
900 1483 1011 1538 dextera
1026 1499 1086 1538 esse
1101 1483 1193 1538 existi·

230 1565 360 1623 mentnr'.
395 1565 466 1620 ldem
490 1565 546 1621 lere
567 1567 690 1620 sentiunt
711 1565 820 1622 Sinnius
842 1565 934 1640 Capito
958 1575 986 1622 et
1011 1566 1128 1624 Cincius.
1150 1596 1194 1605 -

230 1649 303 1706 rest.
318 1667 343 1704 v.
360 1649 489 1704 Sinistrae
503 1666 531 1722 p.
548 1647 620 1706 339.

293 1730 340 1792 32.
362 1733 496 1788 vindiciae
517 1773 607 1789 .....
628 1733 661 1788 de
683 1749 737 1806 quo
759 1749 825 1788 uero
841 1732 947 1789 Cincius
962 1735 1002 1789 sic
1017 1735 1066 1788 ait:
1090 1732 1194 1788 ‘Vindi-

226 1819 286 1874 'ciae
301 1811 389 1874 'olim⁵
404 1815 562 1873 dicebantur
576 1816 652 1888 illae,
675 1833 742 1890 quae
758 1833 790 1872 ax
805 1817 890 1872 lundo
906 1825 1028 1890 sumptae
1043 1819 1071 1872 in
1086 1817 1127 1875 ius
1143 1815 1193 1870 ad-

230 1902 299 1958 latae
314 1899 413 1956 erant'.
430 1930 471 1942 -
486 1899 559 1956 Fest.
576 1918 600 1954 v.
618 1900 754 1956 vindiciae
768 1917 794 1973 p.
810 1899 882 1960 376.

292 1981 340 2040 33.
362 2026 368 2038 .
384 2028 412 2042 ..
429 1985 490 2048 ΑΙίἰ,
506 1991 536 2040 ιιι
552 1983 668 2053 Cincius,
684 1984 775 2039 dieunt
790 1983 931 2040 delubrum
947 2000 1006 2040 esse
1021 1983 1113 2040 locum
1128 1992 1193 2039 ante

230 2069 372 2142 templum,
388 2067 432 2124 nbi
448 2084 515 2140 aquo
530 2069 625 2138 currit,
640 2083 656 2122 a
670 2067 804 2122 diluendo.
817 2097 859 2108 -
870 2069 944 2124 Serv.
964 2067 996 2122 ad
1007 2071 1074 2122 Aen.
1090 2066 1122 2138 4,
1138 2067 1190 2124 56.

293 2148 352 2216 34.
365 2151 472 2208 Cincius
493 2158 521 2206 et
542 2149 648 2205 Cassius
668 2153 758 2220 aiunt,
779 2149 811 2206 ab
833 2150 956 2206 Euandro
972 2149 1094 2206 Faunum
1110 2149 1192 2206 deum

230 2235 410 2308 appellatum,
438 2233 554 2306 ideoque
582 2233 660 2288 aedes
689 2249 776 2290 sacras
806 2231 898 2290 sannas
921 2235 1006 2308 primo
1030 2234 1192 2308 appellatas,

229 2325 325 2390 postea
346 2317 407 2374 lana
421 2315 491 2371 dicta
506 2324 534 2370 et
549 2332 581 2369 en
596 2332 643 2386 eo,
668 2319 713 2389 qui
729 2317 821 2372 lutura
834 2320 1037 2390 praecinerent,
1057 2317 1191 2374 fanaticos

230 2401 293 2456 dici.
309 2428 350 2439 -
366 2398 440 2454 Serv.
456 2397 489 2453 ad
504 2397 604 2471 Georg.
621 2401 650 2468 1,
667 2400 724 2457 10„

293 2479 339 2540 35.
363 2522 391 2537 ..
406 2522 413 2536 .
430 2479 537 2536 Cincius
549 2483 656 2536 numina
668 2485 810 2557 peregrina
825 2485 946 2540 nouitate
962 2501 994 2539 en
1008 2479 1125 2558 ipsa'(sc.
1137 2484 1193 2540 No·

229 2564 358 2636 uensiles)
373 2563 505 2638 appellata
520 2567 693 2636 pronunciat:
716 2581 775 2621 nam
790 2567 880 2623 solere
894 2567 1028 2623 Romanos
1043 2567 1192 2640 religiones

231 2648 339 2704 urbium
367 2655 554 2720 superatarum
576 2651 672 2720 partim
695 2651 819 2722 priuatim
842 2667 891 2723 per
913 2651 1024 2706 familias
1046 2666 1191 2723 spargere,

229 2733 325 2805 partim
347 2730 453 2804 publice
475 2746 646 2788 consecrare:
669 2748 699 2788 ac
721 2749 755 2788 ne
777 2733 872 2806 aliquis
888 2734 1001 2790 deorum
1016 2733 1192 2790 multitudine

230 2823 276 2869 aut
291 2816 445 2888 ignorantia
460 2817 663 2888 praeteriretur,
678 2815 819 2871 breuitatis
834 2824 862 2871 et
877 2817 1029 2890 compendii
1042 2833 1122 2872 causa
1135 2834 1192 2873 uno

229 2899 332 2970 pariter
354 2899 461 2953 nomine
483 2907 597 2954 cunctos
618 2898 778 2954 Nouensiles
799 2902 928 2956 inuocari.
949 2931 990 2942 —
1006 2901 1108 2956 Arnob.
1131 2901 1191 2956 adr.

230 2987 305 3054 gent.
326 2981 353 3050 3,
372 2979 422 3037 38.
438 2981 471 3037 cl.
489 2996 512 3040 c.
525 2975 590 3038 39.6

303 3091 324 3160 ¹)
339 3094 447 3144 Mulieri
459 3097 633 3158 supplementa
639 3096 756 3157 paullum
766 3098 872 3145 muwoi.
889 3097 928 3160 Cf.
941 3096 1003 3146 Geli.
1014 3109 1036 3156 4,
1048 3109 1068 3149 a.
1094 3093 1115 3162 ²)
1130 3112 1193 3162 quo-

230 3179 275 3226 quc
296 3179 355 3229 quac
371 3165 415 3214 Cd.
431 3165 488 3214 edd.
527 3161 547 3230 ³)
563 3171 676 3212 reuocant
692 3164 735 3213 Od.
751 3165 808 3214 edd.
843 3163 864 3229 ⁴)
879 3167 973 3216 Paullo
988 3169 1117 3217 audacius
1131 3183 1192 3218 cor-

229 3236 290 3284 rexi
303 3236 388 3285 locum
401 3235 580 3298 desperatum·
594 3234 701 3282 datantes
716 3235 826 3284 tenirtico
841 3237 872 3284 ad
884 3236 927 3284 od.
945 3236 983 3299 Cf.
995 3237 1092 3286 Mttller
1103 3253 1130 3300 p.
1141 3249 1192 3288 eos.

230 3303 250 3368 ὃ)
267 3305 401 3356 Fortunae:
415 3307 481 3366 gleue
496 3302 608 3368 (glebae).
639 3303 703 3352 Nam
718 3305 793 3354 etiam
804 3305 889 3354 Cincii
897 3313 1010 3369 tempore
1020 3309 1058 3356 ita
1067 3307 1193 3358 diceban-

229 3383 280 3425 tur.
309 3376 351 3424 An
362 3382 454 3438 posteo
468 3389 503 3422 ex
516 3387 557 3421 -ur
571 3373 624 3421 illae
636 3374 786 3436 faciendum
800 3375 935 3436 uirgulaal·
947 3373 970 3441 ⁰)
980 3377 1101 3426 Paucula
1113 3379 1194 3442 frap-

229 3452 313 3495 menta
322 3453 367 3494 out
377 3459 444 3493 utere
453 3444 623 3508 promnioiico
632 3451 678 3492 out
688 3445 788 3493 ineerta
797 3447 879 3504 omisi,
890 3447 921 3494 de
931 3446 1023 3510 quidus
1033 3449 1084 3496 oid.
1098 3447 1194 3498 Hertz.

229 3517 246 3563 l.
262 3531 284 3562 c.
295 3530 324 3577 p.
340 3526 366 3565 58
380 3529 432 3576 seq.
