2696 4120
251 225 314 292 316
574 243 636 280 ean
656 245 755 283 rnsrrr.
775 226 823 282 ΙΙΙ.
842 233 899 282 122.

252 385 403 460 promissor
415 375 503 462 (per)
516 385 605 458 legem
621 384 727 442 duriam
739 385 847 443 biennio
860 387 1022 459 liberantur,
1038 395 1066 443 et
1079 397 1217 460 quotquot

252 477 333 526 erunt
355 485 468 526 numero
492 485 524 526 eo
542 479 678 543 tempore,
702 487 756 544 quo
778 473 890 545 pecunia
911 474 967 545 peti
994 480 1102 546 potest,
1127 473 1153 528 in
1175 481 1217 528 tot

252 563 342 628 partes
357 547 523 611 ’diducitur¹
540 556 611 610 inter
627 571 675 610 eos
691 554 840 628 obligatio,
856 565 883 612 et
898 556 1001 631 singuli
1016 556 1110 612 uiriles
1126 565 1216 630 partes

252 637 335 695 ’dare
361 633 526 708 iubentur32
554 637 729 696 fideiussores
758 655 824 696 uero
853 649 986 714 perpetuo
1016 648 1161 710 terrentur,
1189 649 1217 698 et

181 735 236 784 160.
254 731 393 797 quotquot
413 732 494 780 erunt
509 738 638 797 numero,
660 723 761 798 singuli
781 723 936 780 insolidum
953 717 957 802 Ι
975 723 1145 798 obligantur:
1167 726 1216 780 ita·

189 804 206 842 ²·
220 810 238 840 ¹·
254 823 307 881 que
329 805 442 863 liberum
466 815 508 864 est
530 807 673 876 creditori,
696 825 781 882 aquo
797 811 879 879 uelit,
903 809 1019 866 solidum
1043 817 1148 882 petere:
1169 810 1216 866 sed

253 907 325 948 uuna
340 907 372 947 en
388 891 504 965 epistula
519 891 575 947 diui
591 890 717 947 Hadriani
734 893 914 965 compellitur
930 894 1075 950 creditura
1090 892 1216 966 singulis,

253 978 299 1048 qui
315 975 396 1031 modo
412 975 546 1032 soluendo
562 975 627 1047 siut,
649 983 742 1050 partes
757 987 863 1050 petere.
909 995 941 1034 eo
957 979 1041 1050 igitur
1056 977 1137 1034 distat
1152 979 1217 1034 haee

252 1059 369 1134 epistula
390 1060 486 1134 alege
508 1059 602 1129 Furia,
626 1061 699 1134 quod
721 1063 744 1117 si
765 1063 825 1134 quis
841 1077 874 1118 ex
888 1062 1070 1136 sponsoribus
1091 1071 1137 1118 aut
1152 1061 1217 1118 lide·

251 1143 465 1219 promissoribus
484 1143 619 1200 soluendo
640 1161 695 1202 uon
715 1147 767 1215 sit,
788 1143 851 1202 'hoe
870 1159 937 1204 auus
959 1146 1010 1218 (ad
1028 1153 1141 1204 eeteros
1153 1163 1216 1204 aaa

248 1232 386 1301 pertinet,
402 1232 429 1285 si
442 1245 512 1286 aero
529 1245 568 1286 ex
582 1225 833 1301 fideiussoribus),
855 1230 887 1286 ad
903 1239 1011 1288 eeteros
1031 1247 1139 1304 quoque
1154 1246 1216 1303 per·

253 1315 328 1370 tinet.
364 1321 406 1369 set
433 1305 514 1368 eum³
542 1313 584 1370 lex
608 1313 685 1370 Furia
710 1324 813 1372 tantum
841 1316 870 1372 in
891 1315 968 1372 ltalia
995 1315 1085 1372 loeuur
1108 1313 1215 1384 habeat,

252 1398 361 1466 euenit,
384 1405 414 1453 ut
429 1398 457 1452 iu
472 1401 575 1454 ceteris
595 1400 745 1471 prouinciis
760 1415 910 1473 sponsores
930 1415 1040 1474 quoque
1056 1407 1083 1456 et
1098 1397 1216 1472 iidepra-

252 1482 381 1538 missores
401 1481 517 1554 proiude
538 1497 569 1538 ae
589 1480 763 1540 fideiussores
785 1483 822 1540 ’et
844 1478 1000 1558 perpetuo⁴
1022 1492 1167 1540 teneantur
1189 1491 1216 1538 et

253 1564 355 1638 singuli
370 1566 397 1621 ln
413 1565 529 1621 solidum
546 1565 714 1640 obligentur,
730 1570 781 1624 nisi
797 1584 829 1622 ex
845 1568 961 1642 epistula
977 1568 1032 1624 diui
1047 1567 1171 1624 lladriani
1187 1567 1215 1622 hi

253 1649 374 1722 ’quoque
399 1649 568 1710 adiuuentur
594 1652 621 1706 iu
644 1647 745 1725 parte.⁵
787 1647 851 1710 122.
874 1652 1015 1710 Praeterea
1041 1654 1112 1708 inter
1134 1667 1216 1726 spou-

254 1749 331 1790 sores
348 1743 375 1790 et
390 1731 625 1808 fidepromissores
648 1735 691 1792 lex
707 1737 820 1811 Apuleia
842 1737 975 1810 quandam
999 1738 1155 1793 societatem
1177 1739 1216 1791 in-

253 1817 389 1874 traduxit:
413 1835 475 1874 naua
497 1821 521 1876 si
544 1821 604 1892 quis
626 1821 723 1876 horum
744 1820 866 1895 plussua
887 1823 1014 1895 portione
1030 1821 1159 1892 soluerit,
1183 1820 1217 1876 de

253 1917 296 1974 eo,
313 1902 386 1977 quod
402 1903 515 1977 amplius
531 1903 646 1976 dederit,
663 1905 794 1962 aduersus
808 1914 916 1962 eeteros
931 1908 1051 1964 actiones
1063 1905 1215 1962 constituit.

253 2003 321 2062 quae
337 1989 379 2045 lex
395 1997 456 2044 aute
472 1987 560 2064 legem
577 1988 682 2046 Furiam
698 1989 751 2046 lata
766 1999 824 2063 est,
848 2007 902 2064 quo
920 1999 1042 2066 tempore
1058 1989 1216 2047 insolidum

254 2071 458 2148 obligabantur:
481 2073 553 2132 uude
576 2075 730 2148 quaeritur,
754 2091 787 2130 an
809 2083 872 2149 post
894 2075 984 2149 legem
1000 2073 1106 2131 Furiam
1130 2074 1218 2130 adhue

328 2204 348 2272 ¹)
363 2209 402 2257 ed.
422 2206 496 2257 Stoa.
516 2208 641 2258 deducitur
662 2207 687 2257 θ.
707 2208 765 2260 edd.
781 2216 805 2258 et
821 2224 891 2258 meae
907 2209 993 2272 prior.
1066 2203 1088 2272 ²)
1105 2207 1218 2258 Restitui

255 2275 360 2328 ‘Gaias’
373 2293 401 2342 p.
416 2290 450 2330 et.
471 2279 619 2328 hocabentur
635 2279 661 2328 0.
677 2277 725 2345 (ia)
741 2280 823 2328 uiriles
842 2295 866 2344 p.
882 2280 1034 2330 uocabantur
1049 2283 1081 2343 ei.
1098 2279 1217 2346 Pdaebml.

253 2348 291 2401 ΙΙ.
307 2365 334 2412 p.
349 2360 382 2400 aa.
408 2347 456 2414 (in)
476 2365 500 2398 u.
519 2365 543 2413 p.
563 2349 706 2414 obligantur
720 2350 778 2399 edd.
792 2350 841 2416 Bp.
855 2361 876 2402 5.
891 2358 916 2400 et
929 2350 1003 2400 Sinai.
1024 2351 1217 2410 Potesttamen,

254 2426 282 2468 at
295 2420 427 2469 exciderit
441 2434 469 2468 ex
479 2428 540 2483 post
554 2428 647 2484 part-es
658 2429 765 2484 tempore
776 2422 900 2484 posthoc,
916 2429 940 2471 et
950 2423 1084 2487 legendnm
1093 2423 1128 2471 sit
1138 2430 1218 2484 partes

254 2488 310 2556 (em)
325 2491 371 2539 hoo
386 2491 508 2556 (tempore
522 2492 588 2540 dare
602 2490 735 2556 iu)beutur.
760 2491 831 2542 Unde
840 2494 907 2542 enim
916 2509 938 2542 o.
949 2493 1013 2542 hoa?
1068 2490 1090 2558 8)
1104 2492 1179 2542 Haeo
1193 2500 1218 2542 et

254 2576 320 2626 quae
333 2568 476 2626 sequantur
489 2576 524 2610 em
543 2561 571 2610 V
571 2558 603 2620 ¹²,
623 2564 650 2611 im
672 2577 721 2627 qao
735 2570 818 2612 tamen
832 2570 871 2614 eat
885 2571 1020 2613 ceterorum
1035 2561 1081 2628 (em
1094 2564 1217 2627 oeteror’).

258 2630 328 2693 Quae
347 2633 440 2682 omissa
458 2639 531 2690 sant,
550 2632 721 2682 Mommsenos
738 2641 843 2684 servata
861 2650 884 2683 o.
904 2641 1040 2684 ceterorum
1058 2636 1097 2683 sia
1115 2641 1175 2696 poet
1188 2634 1218 2682 ad

253 2704 372 2766 suppleri
381 2705 448 2752 oali:
462 2700 573 2754 ‘ceteros
583 2719 633 2754 non
644 2705 775 2768 pertiaet;
788 2705 835 2755 sed
843 2720 878 2754 ea:
885 2704 1083 2768 fideiussoribus
1091 2705 1141 2752 etsi
1150 2718 1218 2751 anas

255 2780 353 2823 tantam
366 2775 490 2824 solevendo
508 2775 543 2823 sit
561 2775 598 2824 ad
610 2789 666 2824 eum
680 2790 745 2825 onas
759 2773 905 2825 ceterorum'
920 2776 997 2824 etsie
1011 2774 1051 2822 ed.
1065 2772 1139 2822 seua.
1163 2771 1218 2822 Sed

255 2859 304 2893 eur
319 2847 400 2910 plara
417 2847 538 2908 supplere
557 2860 632 2910 qaam
651 2853 752 2910 oportet
769 2853 796 2896 et
812 2847 962 2896 sententiam
981 2845 1064 2893 minus
1084 2849 1171 2906 aptam
1192 2851 1219 2893 et

254 2916 394 2980 simplicem
414 2915 534 2965 Gaiana?
606 2914 628 2983 ⁴)
647 2917 671 2966 io
690 2924 806 2981 perpetuo
827 2918 853 2968 0.
868 2917 907 2967 ed.
922 2915 970 2982 Bp.
988 2916 1086 2978 scripsi
1104 2930 1173 2964 nono
1194 2923 1218 2964 et

250 3001 303 3050 pro
318 2988 354 3048 in3
369 2995 446 3037 antea
459 2987 592 3037 edideram
607 2988 631 3036 iu
644 2995 795 3051 perpetuam.
859 2985 880 3056 ⁶)
899 2984 956 3049 V·²;
970 2993 995 3036 et
1008 2986 1074 3036 nibil
1088 2987 1116 3034 in
1131 2986 1219 3036 eodem

255 3071 330 3106 versa
349 3066 411 3122 past
432 3059 497 3108 baec
514 3061 588 3124 sequi
606 3061 687 3108 visam
705 3066 750 3109 est.
783 3058 836 3109 Sed
856 3067 902 3108 aut
918 3057 1082 3109 scribendam
1101 3057 1219 3107 uidetur:

255 3128 374 3177 adiuueot'
389 3137 415 3178 nt
430 3127 434 3195 l
452 3129 474 3178 in
494 3137 575 3195 partes
589 3132 792 3189 conuenienter,
807 3137 865 3189 aut,
886 3131 955 3194 quod
966 3135 1097 3193 praestat,
1112 3129 1136 3177 in
1150 3137 1219 3192 parte

255 3205 283 3248 at
295 3201 422 3265 glossema
436 3201 577 3253 delendam.

253 3287 467 3302 οι--ιι-Δ-η

254 3325 346 3388 quinti,
357 3333 385 3376 at
394 3326 505 3385 videtur,
515 3329 601 3376 latam.
618 3324 656 3387 Of.
667 3335 688 3386 t,
698 3335 733 3374 aa.
747 3323 780 3372 L.
788 3335 823 3375 29.
837 3323 860 3384 ξ.
870 3335 890 3374 a.
905 3323 937 3373 D.
945 3323 1028 3374 mand.
1040 3321 1085 3389 (tt,
1096 3322 1127 3390 1).
1142 3322 1175 3372 L.
1184 3333 1218 3374 tt.

253 3396 286 3444 D.
298 3396 330 3446 de
338 3398 398 3460 stip.
408 3412 475 3446 seru.
494 3396 538 3463 (aa,
548 3395 581 3461 s).
596 3395 628 3444 L.
643 3406 664 3446 t.
680 3395 712 3443 D.
724 3395 757 3444 de
771 3395 822 3445 dio.
839 3401 912 3457 temp.
927 3392 972 3459 (44,
982 3392 1013 3458 a).
1031 3394 1064 3444 L.
1078 3406 1100 3445 a.
1115 3395 1138 3455 ᾖ.
1151 3405 1172 3443 4.
1187 3393 1219 3445 D.

253 3481 307 3516 rem
317 3483 380 3531 pap.
392 3465 437 3536 (aa,
447 3466 479 3534 a).
498 3473 579 3531 partes
590 3462 658 3534 dare]
677 3465 712 3528 es.
722 3464 755 3516 L.
765 3475 785 3516 a.
801 3466 824 3527 ἓ.
835 3477 854 3515 1.
871 3464 903 3513 L.
914 3476 947 3516 et.
963 3466 1003 3527 ἐξ.
1015 3477 1033 3516 1.
1044 3477 1078 3517 to.
1093 3464 1125 3517 L.
1135 3475 1170 3515 itt.
1185 3463 1218 3512 D.

254 3537 286 3585 de
300 3539 376 3590 eolat.
393 3537 436 3602 (to,
450 3538 481 3602 a).
502 3537 608 3586 lldeiuss.
623 3532 695 3603 uero]
715 3536 750 3598 cs.
765 3537 787 3597 ἓ.
803 3548 823 3586 t.
841 3534 863 3583 I.
879 3535 902 3586 b.
917 3543 935 3585 t.
950 3533 982 3600 (s,
997 3533 1043 3600 ab).
1116 3529 1141 3602 ξ.
1158 3536 1219 3586 122.

254 3606 292 3654 lex
305 3604 414 3674 Apuleia]
429 3608 545 3670 fortasse
560 3624 584 3657 a.
600 3624 623 3657 u.
639 3619 687 3660 ³64.
702 3633 735 3642 -
753 3605 791 3669 Cf.
807 3605 838 3655 L.
854 3616 888 3658 te.
907 3606 940 3656 D.
955 3606 988 3655 de
998 3607 1070 3668 fidei.
1085 3604 1131 3671 (46,
1146 3602 1177 3671 1).
