<?xml version="1.0" encoding="UTF-8"?>
<!DOCTYPE html PUBLIC "-//W3C//DTD XHTML 1.0 Transitional//EN"
    "http://www.w3.org/TR/xhtml1/DTD/xhtml1-transitional.dtd">
<html xmlns="http://www.w3.org/1999/xhtml" xml:lang="en" lang="en">
 <head>
  <title>
</title>
<meta http-equiv="Content-Type" content="text/html;charset=utf-8" />
  <meta name='ocr-system' content='tesseract 3.04.00' />
  <meta name='ocr-capabilities' content='ocr_page ocr_carea ocr_par ocr_line ocrx_word'/>
</head>
<body>
  <div class='ocr_page' id='page_1' title='image "./ivrisprvdentiae00huscgoog_0130.png"; bbox 0 0 2680 4112; ppageno 0'>
   <div class='ocr_carea' id='block_1_1' title="bbox 654 233 791 271">
    <p class='ocr_par' dir='ltr' id='par_1_1' title="bbox 654 233 791 271">
     <span class='ocr_line' id='line_1_1' title="bbox 654 233 791 271; baseline -0.007 0"><span class='ocrx_word' id='word_1_1' title='bbox 654 233 791 271; x_wconf 70' lang='lat' dir='ltr'><strong>VERANIVB.</strong></span> 
     </span>
    </p>
   </div>
   <div class='ocr_carea' id='block_1_2' title="bbox 602 386 902 454">
    <p class='ocr_par' dir='ltr' id='par_1_2' title="bbox 602 386 902 454">
     <span class='ocr_line' id='line_1_2' title="bbox 602 386 902 454; baseline 0 0"><span class='ocrx_word' id='word_1_2' title='bbox 602 386 851 454; x_wconf 82' lang='lat' dir='ltr'><strong>*VERANIVS</strong></span> <span class='ocrx_word' id='word_1_3' title='bbox 900 447 902 454; x_wconf 89' lang='grc'><em>,</em></span> 
     </span>
    </p>
   </div>
   <div class='ocr_carea' id='block_1_3' title="bbox 505 491 1042 562">
    <p class='ocr_par' dir='ltr' id='par_1_3' title="bbox 505 491 1042 562">
     <span class='ocr_line' id='line_1_3' title="bbox 505 491 1042 562; baseline -0.013 -16"><span class='ocrx_word' id='word_1_4' title='bbox 505 497 620 562; x_wconf 81' lang='lat' dir='ltr'><strong>(incertae</strong></span> <span class='ocrx_word' id='word_1_5' title='bbox 635 496 677 544; x_wconf 90' lang='lat' dir='ltr'><strong>sed</strong></span> <span class='ocrx_word' id='word_1_6' title='bbox 691 496 761 544; x_wconf 92' lang='lat' dir='ltr'><strong>buius</strong></span> <span class='ocrx_word' id='word_1_7' title='bbox 776 495 825 542; x_wconf 90' lang='lat' dir='ltr'><strong>fere</strong></span> <span class='ocrx_word' id='word_1_8' title='bbox 841 491 944 558; x_wconf 87' lang='lat' dir='ltr'><strong>aetatis).</strong></span> <span class='ocrx_word' id='word_1_9' title='bbox 1039 533 1042 539; x_wconf 81' lang='grc'>,</span> 
     </span>
    </p>
   </div>
   <div class='ocr_carea' id='block_1_4' title="bbox 558 620 895 692">
    <p class='ocr_par' dir='ltr' id='par_1_4' title="bbox 558 620 895 692">
     <span class='ocr_line' id='line_1_4' title="bbox 558 620 895 692; baseline -0.009 -17"><span class='ocrx_word' id='word_1_10' title='bbox 558 620 895 692; x_wconf 80' lang='lat' dir='ltr'><strong>Auspiciorum.</strong></span> 
     </span>
    </p>
   </div>
   <div class='ocr_carea' id='block_1_5' title="bbox 245 731 1258 1644">
    <p class='ocr_par' dir='ltr' id='par_1_5' title="bbox 245 731 1210 1144">
     <span class='ocr_line' id='line_1_5' title="bbox 308 731 1209 811; baseline -0.011 -14"><span class='ocrx_word' id='word_1_11' title='bbox 308 738 336 797; x_wconf 91' lang='lat'><strong>1.</strong></span> <span class='ocrx_word' id='word_1_12' title='bbox 359 738 474 796; x_wconf 78' lang='lat' dir='ltr'><strong>‘Referri</strong></span> <span class='ocrx_word' id='word_1_13' title='bbox 499 738 570 794; x_wconf 90' lang='lat' dir='ltr'><strong>diem</strong></span> <span class='ocrx_word' id='word_1_14' title='bbox 595 737 753 811; x_wconf 82' lang='lat' dir='ltr'><strong>prodictam,</strong></span> <span class='ocrx_word' id='word_1_15' title='bbox 776 735 803 790; x_wconf 90' lang='lat' dir='ltr'><strong>id</strong></span> <span class='ocrx_word' id='word_1_16' title='bbox 825 741 867 789; x_wconf 90' lang='lat' dir='ltr'><strong>est</strong></span> <span class='ocrx_word' id='word_1_17' title='bbox 887 731 1026 801; x_wconf 81' lang='lat' dir='ltr'><strong>anteferri,</strong></span> <span class='ocrx_word' id='word_1_18' title='bbox 1049 731 1209 805; x_wconf 88' lang='lat' dir='ltr'><strong>religiosum</strong></span> 
     </span>
     <span class='ocr_line' id='line_1_6' title="bbox 245 814 1209 896; baseline -0.01 -15"><span class='ocrx_word' id='word_1_19' title='bbox 245 823 311 896; x_wconf 88' lang='lat' dir='ltr'><strong>est’‚</strong></span> <span class='ocrx_word' id='word_1_20' title='bbox 334 833 365 878; x_wconf 93' lang='lat' dir='ltr'><strong>ut</strong></span> <span class='ocrx_word' id='word_1_21' title='bbox 384 823 420 879; x_wconf 91' lang='lat' dir='ltr'><strong>ait</strong></span> <span class='ocrx_word' id='word_1_22' title='bbox 435 821 563 878; x_wconf 81' lang='lat' dir='ltr'>Veranius</span> <span class='ocrx_word' id='word_1_23' title='bbox 584 823 611 876; x_wconf 89' lang='lat' dir='ltr'><strong>in</strong></span> <span class='ocrx_word' id='word_1_24' title='bbox 632 837 673 890; x_wconf 90' lang='lat' dir='ltr'><strong>eo,</strong></span> <span class='ocrx_word' id='word_1_25' title='bbox 698 821 744 892; x_wconf 90' lang='lat' dir='ltr'><strong>qui</strong></span> <span class='ocrx_word' id='word_1_26' title='bbox 766 826 807 874; x_wconf 87' lang='lat' dir='ltr'><strong>est</strong></span> <span class='ocrx_word' id='word_1_27' title='bbox 828 817 1007 890; x_wconf 83' lang='lat' dir='ltr'>auspiciorum</span> <span class='ocrx_word' id='word_1_28' title='bbox 1029 814 1062 871; x_wconf 90' lang='lat' dir='ltr'><strong>de</strong></span> <span class='ocrx_word' id='word_1_29' title='bbox 1083 817 1209 887; x_wconf 87' lang='lat' dir='ltr'><strong>comitiis,</strong></span> 
     </span>
     <span class='ocr_line' id='line_1_7' title="bbox 245 899 1208 981; baseline -0.009 -17"><span class='ocrx_word' id='word_1_30' title='bbox 245 907 326 981; x_wconf 92' lang='lat' dir='ltr'><strong>idque</strong></span> <span class='ocrx_word' id='word_1_31' title='bbox 346 906 468 980; x_wconf 75' lang='lat' dir='ltr'><strong>exemplo</strong></span> <span class='ocrx_word' id='word_1_32' title='bbox 489 903 646 978; x_wconf 77' lang='lat' dir='ltr'><strong>comprobat</strong></span> <span class='ocrx_word' id='word_1_33' title='bbox 667 903 696 961; x_wconf 89' lang='lat' dir='ltr'><strong>L.</strong></span> <span class='ocrx_word' id='word_1_34' title='bbox 711 903 771 959; x_wconf 90' lang='lat' dir='ltr'><strong>lulli</strong></span> <span class='ocrx_word' id='word_1_35' title='bbox 792 911 819 958; x_wconf 92' lang='lat' dir='ltr'><strong>et</strong></span> <span class='ocrx_word' id='word_1_36' title='bbox 833 900 863 956; x_wconf 92' lang='lat' dir='ltr'><strong>P.</strong></span> <span class='ocrx_word' id='word_1_37' title='bbox 879 899 971 956; x_wconf 82' lang='lat' dir='ltr'><strong>Licinii</strong></span> <span class='ocrx_word' id='word_1_38' title='bbox 987 915 1140 970; x_wconf 82' lang='lat' dir='ltr'><strong>censorum,</strong></span> <span class='ocrx_word' id='word_1_39' title='bbox 1152 901 1208 972; x_wconf 42' lang='lat' dir='ltr'><strong>*qui</strong></span> 
     </span>
     <span class='ocr_line' id='line_1_8' title="bbox 245 982 1210 1060; baseline -0.011 -12"><span class='ocrx_word' id='word_1_40' title='bbox 245 992 272 1048; x_wconf 93' lang='lat' dir='ltr'><strong>id</strong></span> <span class='ocrx_word' id='word_1_41' title='bbox 289 992 401 1048; x_wconf 85' lang='lat' dir='ltr'><strong>fecerint</strong></span> <span class='ocrx_word' id='word_1_42' title='bbox 417 991 475 1046; x_wconf 87' lang='lat' dir='ltr'><strong>sine</strong></span> <span class='ocrx_word' id='word_1_43' title='bbox 491 987 546 1044; x_wconf 93' lang='lat' dir='ltr'><strong>ullo</strong></span> <span class='ocrx_word' id='word_1_44' title='bbox 563 988 672 1043; x_wconf 85' lang='lat' dir='ltr'><strong>decreto</strong></span> <span class='ocrx_word' id='word_1_45' title='bbox 688 1001 830 1060; x_wconf 86' lang='lat' dir='ltr'><strong>augurum,</strong></span> <span class='ocrx_word' id='word_1_46' title='bbox 847 993 875 1040; x_wconf 88' lang='lat' dir='ltr'><strong>et</strong></span> <span class='ocrx_word' id='word_1_47' title='bbox 890 984 925 1039; x_wconf 93' lang='lat' dir='ltr'><strong>ob</strong></span> <span class='ocrx_word' id='word_1_48' title='bbox 940 983 967 1038; x_wconf 93' lang='lat' dir='ltr'><strong>id</strong></span> <span class='ocrx_word' id='word_1_49' title='bbox 982 982 1098 1039; x_wconf 87' lang='lat' dir='ltr'><strong>lustrum</strong></span> <span class='ocrx_word' id='word_1_50' title='bbox 1113 999 1210 1056; x_wconf 88' lang='lat' dir='ltr'><strong>parum</strong></span> 
     </span>
     <span class='ocr_line' id='line_1_9' title="bbox 246 1069 854 1144; baseline -0.008 -13"><span class='ocrx_word' id='word_1_51' title='bbox 246 1075 309 1132; x_wconf 83' lang='lat' dir='ltr'>felix</span> <span class='ocrx_word' id='word_1_52' title='bbox 324 1075 416 1131; x_wconf 89' lang='lat' dir='ltr'><strong>fuerit.</strong></span> <span class='ocrx_word' id='word_1_53' title='bbox 431 1103 474 1116; x_wconf 88' lang='lat'><strong>·-</strong></span> <span class='ocrx_word' id='word_1_54' title='bbox 489 1072 560 1128; x_wconf 82' lang='lat' dir='ltr'><strong>Vest.</strong></span> <span class='ocrx_word' id='word_1_55' title='bbox 578 1089 603 1126; x_wconf 91' lang='lat' dir='ltr'><strong>v.</strong></span> <span class='ocrx_word' id='word_1_56' title='bbox 620 1070 724 1126; x_wconf 82' lang='lat' dir='ltr'><strong>Referri</strong></span> <span class='ocrx_word' id='word_1_57' title='bbox 739 1088 765 1144; x_wconf 91' lang='lat' dir='ltr'><strong>p.</strong></span> <span class='ocrx_word' id='word_1_58' title='bbox 782 1069 854 1126; x_wconf 85' lang='grc'><strong>289.</strong></span> 
     </span>
    </p>

    <p class='ocr_par' dir='ltr' id='par_1_6' title="bbox 245 1146 1210 1396">
     <span class='ocr_line' id='line_1_10' title="bbox 308 1146 1210 1228; baseline -0.009 -14"><span class='ocrx_word' id='word_1_59' title='bbox 308 1154 338 1216; x_wconf 98' lang='grc'><strong>2.</strong></span> <span class='ocrx_word' id='word_1_60' title='bbox 362 1158 490 1213; x_wconf 84' lang='lat' dir='ltr'><strong>Veranius</strong></span> <span class='ocrx_word' id='word_1_61' title='bbox 513 1157 560 1226; x_wconf 89' lang='lat' dir='ltr'><strong>ait,</strong></span> <span class='ocrx_word' id='word_1_62' title='bbox 583 1171 638 1212; x_wconf 92' lang='lat' dir='ltr'><strong>non</strong></span> <span class='ocrx_word' id='word_1_63' title='bbox 660 1156 755 1228; x_wconf 89' lang='lat' dir='ltr'><strong>utique</strong></span> <span class='ocrx_word' id='word_1_64' title='bbox 777 1170 810 1209; x_wconf 83' lang='lat' dir='ltr'><strong>ex</strong></span> <span class='ocrx_word' id='word_1_65' title='bbox 831 1152 914 1223; x_wconf 86' lang='lat' dir='ltr'><strong>lento,</strong></span> <span class='ocrx_word' id='word_1_66' title='bbox 937 1149 985 1207; x_wconf 88' lang='lat' dir='ltr'><strong>sed</strong></span> <span class='ocrx_word' id='word_1_67' title='bbox 1008 1166 1041 1205; x_wconf 82' lang='lat' dir='ltr'><strong>ex</strong></span> <span class='ocrx_word' id='word_1_68' title='bbox 1062 1148 1145 1206; x_wconf 83' lang='lat' dir='ltr'><strong>nubili</strong></span> <span class='ocrx_word' id='word_1_69' title='bbox 1161 1146 1210 1221; x_wconf 87' lang='lat' dir='ltr'><strong>(so.</strong></span> 
     </span>
     <span class='ocr_line' id='line_1_11' title="bbox 245 1232 1210 1316; baseline -0.011 -17"><span class='ocrx_word' id='word_1_70' title='bbox 245 1233 361 1316; x_wconf 78' lang='lat' dir='ltr'><strong>surgere</strong></span> <span class='ocrx_word' id='word_1_71' title='bbox 384 1258 445 1297; x_wconf 90' lang='lat' dir='ltr'><strong>eum</strong></span> <span class='ocrx_word' id='word_1_72' title='bbox 467 1240 588 1311; x_wconf 85' lang='lat' dir='ltr'><strong>silentio,</strong></span> <span class='ocrx_word' id='word_1_73' title='bbox 610 1240 656 1312; x_wconf 91' lang='lat' dir='ltr'><strong>qui</strong></span> <span class='ocrx_word' id='word_1_74' title='bbox 678 1239 865 1311; x_wconf 76' lang='lat' dir='ltr'><strong>auspicaturus</strong></span> <span class='ocrx_word' id='word_1_75' title='bbox 885 1232 942 1308; x_wconf 82' lang='lat' dir='ltr'><strong>sit),</strong></span> <span class='ocrx_word' id='word_1_76' title='bbox 964 1250 1014 1290; x_wconf 89' lang='lat' dir='ltr'><strong>neo</strong></span> <span class='ocrx_word' id='word_1_77' title='bbox 1025 1249 1121 1289; x_wconf 87' lang='lat' dir='ltr'><strong>rursus</strong></span> <span class='ocrx_word' id='word_1_78' title='bbox 1137 1248 1166 1289; x_wconf 91' lang='lat' dir='ltr'><strong>se</strong></span> <span class='ocrx_word' id='word_1_79' title='bbox 1181 1235 1210 1288; x_wconf 94' lang='lat' dir='ltr'><strong>in</strong></span> 
     </span>
     <span class='ocr_line' id='line_1_12' title="bbox 246 1316 1141 1396; baseline -0.013 -14"><span class='ocrx_word' id='word_1_80' title='bbox 246 1327 346 1383; x_wconf 85' lang='lat' dir='ltr'><strong>lentum</strong></span> <span class='ocrx_word' id='word_1_81' title='bbox 361 1326 481 1396; x_wconf 79' lang='lat' dir='ltr'><strong>recipere</strong></span> <span class='ocrx_word' id='word_1_82' title='bbox 496 1339 606 1380; x_wconf 83' lang='lat' dir='ltr'><strong>neeesse</strong></span> <span class='ocrx_word' id='word_1_83' title='bbox 622 1339 692 1378; x_wconf 90' lang='lat' dir='ltr'><strong>esse.</strong></span> <span class='ocrx_word' id='word_1_84' title='bbox 710 1349 752 1362; x_wconf 90' lang='lat'>-</span> <span class='ocrx_word' id='word_1_85' title='bbox 767 1319 839 1376; x_wconf 85' lang='lat' dir='ltr'><strong>Vest.</strong></span> <span class='ocrx_word' id='word_1_86' title='bbox 856 1337 880 1380; x_wconf 86' lang='lat' dir='ltr'><strong>v.</strong></span> <span class='ocrx_word' id='word_1_87' title='bbox 896 1319 1009 1375; x_wconf 88' lang='lat' dir='ltr'><strong>Silentio</strong></span> <span class='ocrx_word' id='word_1_88' title='bbox 1025 1334 1051 1390; x_wconf 92' lang='lat' dir='ltr'><strong>p.</strong></span> <span class='ocrx_word' id='word_1_89' title='bbox 1070 1316 1141 1374; x_wconf 82' lang='lat'><strong>348.</strong></span> 
     </span>
    </p>

    <p class='ocr_par' dir='ltr' id='par_1_7' title="bbox 247 1399 1258 1644">
     <span class='ocr_line' id='line_1_13' title="bbox 309 1399 1258 1478; baseline -0.007 -15"><span class='ocrx_word' id='word_1_90' title='bbox 309 1407 338 1466; x_wconf 82' lang='lat'><strong>3.</strong></span> <span class='ocrx_word' id='word_1_91' title='bbox 362 1406 494 1462; x_wconf 70' lang='lat' dir='ltr'><strong>‘Paruum</strong></span> <span class='ocrx_word' id='word_1_92' title='bbox 516 1399 639 1461; x_wconf 82' lang='lat' dir='ltr'><strong>inlibris</strong></span> <span class='ocrx_word' id='word_1_93' title='bbox 661 1403 835 1478; x_wconf 79' lang='lat' dir='ltr'><strong>auguralibus</strong></span> <span class='ocrx_word' id='word_1_94' title='bbox 856 1401 1011 1478; x_wconf 84' lang='lat' dir='ltr'><strong>signifieat&#39;‚</strong></span> <span class='ocrx_word' id='word_1_95' title='bbox 1033 1409 1064 1456; x_wconf 92' lang='lat' dir='ltr'><strong>ut</strong></span> <span class='ocrx_word' id='word_1_96' title='bbox 1079 1402 1114 1456; x_wconf 90' lang='lat' dir='ltr'><strong>ait</strong></span> <span class='ocrx_word' id='word_1_97' title='bbox 1130 1400 1258 1457; x_wconf 81' lang='lat' dir='ltr'><strong>Vera-mr</strong></span> 
     </span>
     <span class='ocr_line' id='line_1_14' title="bbox 249 1484 1209 1562; baseline -0.009 -14"><span class='ocrx_word' id='word_1_98' title='bbox 249 1494 321 1562; x_wconf 87' lang='lat' dir='ltr'><strong>nius,</strong></span> <span class='ocrx_word' id='word_1_99' title='bbox 347 1489 463 1561; x_wconf 79' lang='lat' dir='ltr'><strong>‘armati‚</strong></span> <span class='ocrx_word' id='word_1_100' title='bbox 486 1491 597 1549; x_wconf 88' lang='lat' dir='ltr'><strong>ornati’.</strong></span> <span class='ocrx_word' id='word_1_101' title='bbox 627 1490 716 1544; x_wconf 89' lang='lat' dir='ltr'><strong>omnia</strong></span> <span class='ocrx_word' id='word_1_102' title='bbox 738 1490 807 1544; x_wconf 89' lang='lat' dir='ltr'><strong>enim</strong></span> <span class='ocrx_word' id='word_1_103' title='bbox 823 1488 947 1544; x_wconf 84' lang='lat' dir='ltr'><strong>militaria</strong></span> <span class='ocrx_word' id='word_1_104' title='bbox 963 1493 1119 1543; x_wconf 86' lang='lat' dir='ltr'><strong>ornamenta</strong></span> <span class='ocrx_word' id='word_1_105' title='bbox 1134 1484 1209 1558; x_wconf 87' lang='lat' dir='ltr'><strong>paln-</strong></span> 
     </span>
     <span class='ocr_line' id='line_1_15' title="bbox 247 1570 900 1644; baseline -0.011 -14"><span class='ocrx_word' id='word_1_106' title='bbox 247 1576 371 1631; x_wconf 86' lang='lat' dir='ltr'><strong>damenta</strong></span> <span class='ocrx_word' id='word_1_107' title='bbox 386 1573 448 1630; x_wconf 88' lang='lat' dir='ltr'><strong>diei.</strong></span> <span class='ocrx_word' id='word_1_108' title='bbox 464 1603 506 1613; x_wconf 94' lang='lat'>-</span> <span class='ocrx_word' id='word_1_109' title='bbox 521 1571 593 1628; x_wconf 83' lang='lat' dir='ltr'><strong>Vest.</strong></span> <span class='ocrx_word' id='word_1_110' title='bbox 610 1590 636 1628; x_wconf 92' lang='lat' dir='ltr'><strong>v.</strong></span> <span class='ocrx_word' id='word_1_111' title='bbox 651 1571 773 1627; x_wconf 89' lang='lat' dir='ltr'><strong>Paludati</strong></span> <span class='ocrx_word' id='word_1_112' title='bbox 784 1589 812 1644; x_wconf 89' lang='lat' dir='ltr'><strong>p.</strong></span> <span class='ocrx_word' id='word_1_113' title='bbox 829 1570 900 1628; x_wconf 90' lang='grc'><strong>253.</strong></span> 
     </span>
    </p>
   </div>
   <div class='ocr_carea' id='block_1_6' title="bbox 457 1697 1001 1772">
    <p class='ocr_par' dir='ltr' id='par_1_8' title="bbox 457 1697 1001 1772">
     <span class='ocr_line' id='line_1_16' title="bbox 457 1697 1001 1772; baseline 0.006 -19"><span class='ocrx_word' id='word_1_114' title='bbox 457 1697 709 1766; x_wconf 83' lang='lat' dir='ltr'><strong>Quaestionum</strong></span> <span class='ocrx_word' id='word_1_115' title='bbox 732 1697 1001 1772; x_wconf 76' lang='lat' dir='ltr'><strong>pontificalium.</strong></span> 
     </span>
    </p>
   </div>
   <div class='ocr_carea' id='block_1_7' title="bbox 246 1813 1212 3396">
    <p class='ocr_par' dir='ltr' id='par_1_9' title="bbox 247 1813 1210 2142">
     <span class='ocr_line' id='line_1_17' title="bbox 310 1813 1208 1889; baseline 0.001 -15"><span class='ocrx_word' id='word_1_116' title='bbox 310 1814 342 1876; x_wconf 89' lang='lat'><strong>4.</strong></span> <span class='ocrx_word' id='word_1_117' title='bbox 366 1816 494 1872; x_wconf 87' lang='lat' dir='ltr'><strong>Veranius</strong></span> <span class='ocrx_word' id='word_1_118' title='bbox 517 1816 637 1871; x_wconf 89' lang='lat' dir='ltr'><strong>enimin</strong></span> <span class='ocrx_word' id='word_1_119' title='bbox 660 1813 861 1889; x_wconf 80' lang='lat' dir='ltr'><strong>pontificalibus</strong></span> <span class='ocrx_word' id='word_1_120' title='bbox 885 1817 1088 1888; x_wconf 89' lang='lat' dir='ltr'><strong>quaestionibus</strong></span> <span class='ocrx_word' id='word_1_121' title='bbox 1117 1816 1208 1888; x_wconf 82' lang='lat' dir='ltr'><strong>donet,</strong></span> 
     </span>
     <span class='ocr_line' id='line_1_18' title="bbox 248 1895 1209 1972; baseline -0.001 -15"><span class='ocrx_word' id='word_1_122' title='bbox 248 1903 358 1957; x_wconf 79' lang='lat' dir='ltr'><strong>eximias</strong></span> <span class='ocrx_word' id='word_1_123' title='bbox 379 1899 465 1956; x_wconf 85' lang='lat' dir='ltr'><strong>dietas</strong></span> <span class='ocrx_word' id='word_1_124' title='bbox 486 1899 600 1970; x_wconf 82' lang='lat' dir='ltr'><strong>hostias,</strong></span> <span class='ocrx_word' id='word_1_125' title='bbox 620 1915 689 1972; x_wconf 87' lang='lat' dir='ltr'><strong>quae</strong></span> <span class='ocrx_word' id='word_1_126' title='bbox 704 1897 737 1954; x_wconf 86' lang='lat' dir='ltr'><strong>ad</strong></span> <span class='ocrx_word' id='word_1_127' title='bbox 753 1895 910 1954; x_wconf 88' lang='lat' dir='ltr'><strong>sacrificium</strong></span> <span class='ocrx_word' id='word_1_128' title='bbox 927 1899 1075 1956; x_wconf 76' lang='lat' dir='ltr'><strong>destinatae</strong></span> <span class='ocrx_word' id='word_1_129' title='bbox 1090 1902 1209 1957; x_wconf 87' lang='lat' dir='ltr'><strong>eximun-</strong></span> 
     </span>
     <span class='ocr_line' id='line_1_19' title="bbox 247 1982 1210 2059; baseline 0.002 -18"><span class='ocrx_word' id='word_1_130' title='bbox 247 1994 293 2042; x_wconf 92' lang='lat' dir='ltr'><strong>tur</strong></span> <span class='ocrx_word' id='word_1_131' title='bbox 308 2001 322 2040; x_wconf 93' lang='lat' dir='ltr'><strong>e</strong></span> <span class='ocrx_word' id='word_1_132' title='bbox 338 1999 433 2059; x_wconf 87' lang='lat' dir='ltr'><strong>grege,</strong></span> <span class='ocrx_word' id='word_1_133' title='bbox 449 1983 492 2039; x_wconf 91' lang='lat' dir='ltr'><strong>nel</strong></span> <span class='ocrx_word' id='word_1_134' title='bbox 508 1983 581 2057; x_wconf 91' lang='lat' dir='ltr'><strong>quod</strong></span> <span class='ocrx_word' id='word_1_135' title='bbox 597 1982 796 2054; x_wconf 79' lang='lat' dir='ltr'><strong>eximiaspeoie</strong></span> <span class='ocrx_word' id='word_1_136' title='bbox 812 1983 887 2054; x_wconf 91' lang='lat' dir='ltr'><strong>quasi</strong></span> <span class='ocrx_word' id='word_1_137' title='bbox 903 1982 1040 2040; x_wconf 87' lang='lat' dir='ltr'><strong>offerenda</strong></span> <span class='ocrx_word' id='word_1_138' title='bbox 1055 1984 1210 2042; x_wconf 87' lang='lat' dir='ltr'><strong>numinibus</strong></span> 
     </span>
     <span class='ocr_line' id='line_1_20' title="bbox 248 2061 835 2142; baseline -0.009 -16"><span class='ocrx_word' id='word_1_139' title='bbox 248 2069 394 2142; x_wconf 76' lang='lat' dir='ltr'><strong>eligantur.</strong></span> <span class='ocrx_word' id='word_1_140' title='bbox 410 2097 451 2108; x_wconf 94' lang='lat'><em>-</em></span> <span class='ocrx_word' id='word_1_141' title='bbox 467 2065 582 2122; x_wconf 88' lang='lat' dir='ltr'><strong>llaorob.</strong></span> <span class='ocrx_word' id='word_1_142' title='bbox 597 2066 653 2122; x_wconf 90' lang='lat' dir='ltr'><strong>Sat.</strong></span> <span class='ocrx_word' id='word_1_143' title='bbox 669 2066 698 2137; x_wconf 87' lang='lat'><strong>3,</strong></span> <span class='ocrx_word' id='word_1_144' title='bbox 715 2064 744 2122; x_wconf 90' lang='grc'><strong>5.</strong></span> <span class='ocrx_word' id='word_1_145' title='bbox 761 2061 789 2138; x_wconf 68' lang='lat' dir='ltr'><strong>S.</strong></span> <span class='ocrx_word' id='word_1_146' title='bbox 806 2064 835 2122; x_wconf 87' lang='grc'><strong>6.</strong></span> 
     </span>
    </p>

    <p class='ocr_par' dir='ltr' id='par_1_10' title="bbox 247 2147 1209 2473">
     <span class='ocr_line' id='line_1_21' title="bbox 310 2147 1209 2222; baseline 0.001 -15"><span class='ocrx_word' id='word_1_147' title='bbox 310 2148 336 2211; x_wconf 90' lang='grc'><strong>5.</strong></span> <span class='ocrx_word' id='word_1_148' title='bbox 358 2153 403 2206; x_wconf 87' lang='lat' dir='ltr'><strong>dit</strong></span> <span class='ocrx_word' id='word_1_149' title='bbox 424 2153 494 2207; x_wconf 91' lang='lat' dir='ltr'><strong>enim</strong></span> <span class='ocrx_word' id='word_1_150' title='bbox 518 2150 645 2206; x_wconf 86' lang='lat' dir='ltr'><strong>Veranius</strong></span> <span class='ocrx_word' id='word_1_151' title='bbox 669 2151 702 2206; x_wconf 91' lang='lat' dir='ltr'><strong>de</strong></span> <span class='ocrx_word' id='word_1_152' title='bbox 726 2149 815 2204; x_wconf 90' lang='lat' dir='ltr'><strong>uerbis</strong></span> <span class='ocrx_word' id='word_1_153' title='bbox 837 2147 1072 2222; x_wconf 78' lang='lat' dir='ltr'><strong>pontificalibus2¹</strong></span> <span class='ocrx_word' id='word_1_154' title='bbox 1096 2151 1209 2210; x_wconf 74' lang='lat' dir='ltr'><strong>‘llelioes</strong></span> 
     </span>
     <span class='ocr_line' id='line_1_22' title="bbox 248 2232 1208 2309; baseline -0.001 -16"><span class='ocrx_word' id='word_1_155' title='bbox 248 2236 358 2293; x_wconf 89' lang='lat' dir='ltr'><strong>arbores</strong></span> <span class='ocrx_word' id='word_1_156' title='bbox 373 2243 505 2308; x_wconf 89' lang='lat' dir='ltr'><strong>putantur</strong></span> <span class='ocrx_word' id='word_1_157' title='bbox 518 2249 578 2289; x_wconf 89' lang='lat' dir='ltr'><strong>esse</strong></span> <span class='ocrx_word' id='word_1_158' title='bbox 593 2250 719 2306; x_wconf 89' lang='lat' dir='ltr'><strong>quereus,</strong></span> <span class='ocrx_word' id='word_1_159' title='bbox 740 2232 874 2302; x_wconf 87' lang='lat' dir='ltr'><strong>aesculus,</strong></span> <span class='ocrx_word' id='word_1_160' title='bbox 891 2233 955 2308; x_wconf 79' lang='lat' dir='ltr'><strong>ileu,</strong></span> <span class='ocrx_word' id='word_1_161' title='bbox 971 2233 1102 2302; x_wconf 86' lang='lat' dir='ltr'><strong>suberies,</strong></span> <span class='ocrx_word' id='word_1_162' title='bbox 1119 2235 1208 2309; x_wconf 82' lang='lat' dir='ltr'><strong>fagus,</strong></span> 
     </span>
     <span class='ocr_line' id='line_1_23' title="bbox 248 2314 1208 2392; baseline -0.002 -14"><span class='ocrx_word' id='word_1_163' title='bbox 248 2318 368 2392; x_wconf 83' lang='lat' dir='ltr'><strong>corylus,</strong></span> <span class='ocrx_word' id='word_1_164' title='bbox 383 2317 492 2388; x_wconf 85' lang='lat' dir='ltr'><strong>sorbus,</strong></span> <span class='ocrx_word' id='word_1_165' title='bbox 508 2314 576 2373; x_wconf 86' lang='lat' dir='ltr'><strong>dous</strong></span> <span class='ocrx_word' id='word_1_166' title='bbox 591 2315 660 2388; x_wconf 89' lang='lat' dir='ltr'><strong>alba,</strong></span> <span class='ocrx_word' id='word_1_167' title='bbox 675 2318 762 2388; x_wconf 84' lang='lat' dir='ltr'><strong>pirus,</strong></span> <span class='ocrx_word' id='word_1_168' title='bbox 774 2316 871 2388; x_wconf 90' lang='lat' dir='ltr'><strong>malus,</strong></span> <span class='ocrx_word' id='word_1_169' title='bbox 883 2318 959 2390; x_wconf 89' lang='lat' dir='ltr'><strong>uitis,</strong></span> <span class='ocrx_word' id='word_1_170' title='bbox 971 2335 1086 2392; x_wconf 86' lang='lat' dir='ltr'><strong>prunus,</strong></span> <span class='ocrx_word' id='word_1_171' title='bbox 1098 2335 1208 2392; x_wconf 85' lang='lat' dir='ltr'><strong>cornus,</strong></span> 
     </span>
     <span class='ocr_line' id='line_1_24' title="bbox 247 2396 807 2473; baseline -0.005 -14"><span class='ocrx_word' id='word_1_172' title='bbox 247 2399 345 2459; x_wconf 92' lang='lat' dir='ltr'><strong>lotus’.</strong></span> <span class='ocrx_word' id='word_1_173' title='bbox 361 2429 403 2442; x_wconf 87' lang='lat'>—</span> <span class='ocrx_word' id='word_1_174' title='bbox 418 2398 532 2456; x_wconf 90' lang='lat' dir='ltr'><strong>llaorob.</strong></span> <span class='ocrx_word' id='word_1_175' title='bbox 548 2399 603 2456; x_wconf 89' lang='lat' dir='ltr'><strong>Sat.</strong></span> <span class='ocrx_word' id='word_1_176' title='bbox 620 2399 650 2470; x_wconf 84' lang='lat'><strong>3,</strong></span> <span class='ocrx_word' id='word_1_177' title='bbox 667 2399 716 2456; x_wconf 91' lang='grc'><strong>20.</strong></span> <span class='ocrx_word' id='word_1_178' title='bbox 733 2396 761 2473; x_wconf 70' lang='lat' dir='ltr'><strong>S.</strong></span> <span class='ocrx_word' id='word_1_179' title='bbox 779 2399 807 2456; x_wconf 96' lang='grc'><strong>2.</strong></span> 
     </span>
    </p>

    <p class='ocr_par' dir='ltr' id='par_1_11' title="bbox 247 2479 1210 2642">
     <span class='ocr_line' id='line_1_25' title="bbox 311 2479 1210 2556; baseline 0.002 -15"><span class='ocrx_word' id='word_1_180' title='bbox 311 2479 339 2544; x_wconf 86' lang='grc'><strong>6.</strong></span> <span class='ocrx_word' id='word_1_181' title='bbox 365 2529 371 2541; x_wconf 92' lang='grc'><strong>.</strong></span> <span class='ocrx_word' id='word_1_182' title='bbox 387 2526 393 2540; x_wconf 99' lang='grc'><strong>.</strong></span> <span class='ocrx_word' id='word_1_183' title='bbox 407 2525 414 2540; x_wconf 95' lang='grc'><strong>.</strong></span> <span class='ocrx_word' id='word_1_184' title='bbox 430 2486 502 2539; x_wconf 88' lang='lat' dir='ltr'><strong>siout</strong></span> <span class='ocrx_word' id='word_1_185' title='bbox 516 2482 644 2539; x_wconf 89' lang='lat' dir='ltr'><strong>Veranius</strong></span> <span class='ocrx_word' id='word_1_186' title='bbox 660 2501 694 2539; x_wconf 79' lang='lat' dir='ltr'><strong>en</strong></span> <span class='ocrx_word' id='word_1_187' title='bbox 708 2485 796 2556; x_wconf 90' lang='lat' dir='ltr'><strong>primo</strong></span> <span class='ocrx_word' id='word_1_188' title='bbox 812 2482 881 2540; x_wconf 86' lang='lat' dir='ltr'><strong>libro</strong></span> <span class='ocrx_word' id='word_1_189' title='bbox 896 2484 1012 2542; x_wconf 82' lang='lat' dir='ltr'><strong>Pictoris</strong></span> <span class='ocrx_word' id='word_1_190' title='bbox 1027 2494 1080 2544; x_wconf 88' lang='lat' dir='ltr'><strong>eto.</strong></span> <span class='ocrx_word' id='word_1_191' title='bbox 1094 2516 1136 2526; x_wconf 95' lang='lat'><strong>—</strong></span> <span class='ocrx_word' id='word_1_192' title='bbox 1151 2486 1210 2543; x_wconf 95' lang='lat' dir='ltr'><strong>Vid.</strong></span> 
     </span>
     <span class='ocr_line' id='line_1_26' title="bbox 247 2565 736 2642; baseline -0.004 -17"><span class='ocrx_word' id='word_1_193' title='bbox 247 2585 331 2642; x_wconf 91' lang='lat' dir='ltr'><strong>supra</strong></span> <span class='ocrx_word' id='word_1_194' title='bbox 345 2567 421 2626; x_wconf 87' lang='lat' dir='ltr'><strong>llum.</strong></span> <span class='ocrx_word' id='word_1_195' title='bbox 435 2565 543 2622; x_wconf 81' lang='lat' dir='ltr'><strong>Fabium</strong></span> <span class='ocrx_word' id='word_1_196' title='bbox 559 2567 690 2624; x_wconf 85' lang='lat' dir='ltr'><strong>Pictorem</strong></span> <span class='ocrx_word' id='word_1_197' title='bbox 708 2567 736 2623; x_wconf 94' lang='grc'><strong>2.</strong></span> 
     </span>
    </p>

    <p class='ocr_par' dir='ltr' id='par_1_12' title="bbox 246 2647 1211 2976">
     <span class='ocr_line' id='line_1_27' title="bbox 312 2647 1210 2726; baseline 0.001 -18"><span class='ocrx_word' id='word_1_198' title='bbox 312 2647 340 2708; x_wconf 86' lang='grc'><strong>7.</strong></span> <span class='ocrx_word' id='word_1_199' title='bbox 364 2650 579 2708; x_wconf 80' lang='lat' dir='ltr'><strong>‘Praesentonea</strong></span> <span class='ocrx_word' id='word_1_200' title='bbox 602 2667 683 2725; x_wconf 87' lang='lat' dir='ltr'><strong>porca</strong></span> <span class='ocrx_word' id='word_1_201' title='bbox 705 2650 826 2721; x_wconf 88' lang='lat' dir='ltr'><strong>dicitur’,</strong></span> <span class='ocrx_word' id='word_1_202' title='bbox 851 2659 881 2708; x_wconf 92' lang='lat' dir='ltr'><strong>ut</strong></span> <span class='ocrx_word' id='word_1_203' title='bbox 903 2653 939 2708; x_wconf 90' lang='lat' dir='ltr'><strong>ait</strong></span> <span class='ocrx_word' id='word_1_204' title='bbox 958 2653 1102 2722; x_wconf 89' lang='lat' dir='ltr'><strong>Veranius,</strong></span> <span class='ocrx_word' id='word_1_205' title='bbox 1130 2653 1210 2726; x_wconf 84' lang='lat' dir='ltr'><strong>&#39;quae</strong></span> 
     </span>
     <span class='ocr_line' id='line_1_28' title="bbox 248 2733 1211 2810; baseline 0.002 -19"><span class='ocrx_word' id='word_1_206' title='bbox 248 2735 363 2792; x_wconf 88' lang='lat' dir='ltr'><strong>familiae</strong></span> <span class='ocrx_word' id='word_1_207' title='bbox 384 2734 540 2809; x_wconf 83' lang='lat' dir='ltr'><strong>purgandae</strong></span> <span class='ocrx_word' id='word_1_208' title='bbox 562 2752 641 2792; x_wconf 85' lang='lat' dir='ltr'><strong>eausa</strong></span> <span class='ocrx_word' id='word_1_209' title='bbox 663 2733 754 2792; x_wconf 84' lang='lat' dir='ltr'><strong>Cereri</strong></span> <span class='ocrx_word' id='word_1_210' title='bbox 775 2735 941 2808; x_wconf 83' lang='lat' dir='ltr'><strong>immolatur,</strong></span> <span class='ocrx_word' id='word_1_211' title='bbox 964 2737 1038 2810; x_wconf 88' lang='lat' dir='ltr'><strong>quod</strong></span> <span class='ocrx_word' id='word_1_212' title='bbox 1053 2752 1116 2810; x_wconf 91' lang='lat' dir='ltr'><strong>pars</strong></span> <span class='ocrx_word' id='word_1_213' title='bbox 1128 2752 1211 2808; x_wconf 88' lang='lat' dir='ltr'><strong>quae·</strong></span> 
     </span>
     <span class='ocr_line' id='line_1_29' title="bbox 248 2817 1211 2892; baseline 0.002 -18"><span class='ocrx_word' id='word_1_214' title='bbox 248 2819 308 2874; x_wconf 88' lang='lat' dir='ltr'><strong>dam</strong></span> <span class='ocrx_word' id='word_1_215' title='bbox 328 2819 386 2874; x_wconf 88' lang='lat' dir='ltr'><strong>eius</strong></span> <span class='ocrx_word' id='word_1_216' title='bbox 407 2817 532 2875; x_wconf 80' lang='lat' dir='ltr'><strong>sacrificii</strong></span> <span class='ocrx_word' id='word_1_217' title='bbox 552 2818 583 2875; x_wconf 87' lang='lat' dir='ltr'><strong>lit</strong></span> <span class='ocrx_word' id='word_1_218' title='bbox 603 2821 630 2875; x_wconf 94' lang='lat' dir='ltr'><strong>in</strong></span> <span class='ocrx_word' id='word_1_219' title='bbox 650 2828 800 2891; x_wconf 86' lang='lat' dir='ltr'><strong>conspeetu</strong></span> <span class='ocrx_word' id='word_1_220' title='bbox 820 2821 921 2875; x_wconf 89' lang='lat' dir='ltr'><strong>mortui</strong></span> <span class='ocrx_word' id='word_1_221' title='bbox 942 2822 1012 2892; x_wconf 91' lang='lat' dir='ltr'><strong>eius,</strong></span> <span class='ocrx_word' id='word_1_222' title='bbox 1034 2821 1112 2876; x_wconf 88' lang='lat' dir='ltr'><strong>ouius</strong></span> <span class='ocrx_word' id='word_1_223' title='bbox 1128 2819 1211 2876; x_wconf 86' lang='lat' dir='ltr'><strong>funus</strong></span> 
     </span>
     <span class='ocr_line' id='line_1_30' title="bbox 246 2901 949 2976; baseline 0.004 -18"><span class='ocrx_word' id='word_1_224' title='bbox 246 2903 422 2959; x_wconf 87' lang='lat' dir='ltr'><strong>instituitur’.</strong></span> <span class='ocrx_word' id='word_1_225' title='bbox 438 2932 480 2942; x_wconf 93' lang='lat'>-</span> <span class='ocrx_word' id='word_1_226' title='bbox 495 2901 567 2959; x_wconf 83' lang='lat' dir='ltr'><strong>Vest.</strong></span> <span class='ocrx_word' id='word_1_227' title='bbox 583 2920 609 2958; x_wconf 92' lang='lat' dir='ltr'><strong>v.</strong></span> <span class='ocrx_word' id='word_1_228' title='bbox 624 2901 818 2958; x_wconf 87' lang='lat' dir='ltr'><strong>Praesentanea</strong></span> <span class='ocrx_word' id='word_1_229' title='bbox 833 2919 860 2976; x_wconf 92' lang='lat' dir='ltr'><strong>p.</strong></span> <span class='ocrx_word' id='word_1_230' title='bbox 878 2901 949 2961; x_wconf 89' lang='grc'><strong>250.</strong></span> 
     </span>
    </p>

    <p class='ocr_par' dir='ltr' id='par_1_13' title="bbox 247 2982 1212 3226">
     <span class='ocr_line' id='line_1_31' title="bbox 310 2982 1212 3062; baseline 0 -19"><span class='ocrx_word' id='word_1_231' title='bbox 310 2984 340 3043; x_wconf 87' lang='grc'><strong>8.</strong></span> <span class='ocrx_word' id='word_1_232' title='bbox 363 2985 514 3058; x_wconf 84' lang='lat' dir='ltr'><strong>Prodiguae</strong></span> <span class='ocrx_word' id='word_1_233' title='bbox 530 2986 634 3042; x_wconf 88' lang='lat' dir='ltr'><strong>hostiae</strong></span> <span class='ocrx_word' id='word_1_234' title='bbox 649 2995 793 3058; x_wconf 84' lang='lat' dir='ltr'><strong>uocantur,</strong></span> <span class='ocrx_word' id='word_1_235' title='bbox 808 2993 840 3041; x_wconf 92' lang='lat' dir='ltr'><strong>ut</strong></span> <span class='ocrx_word' id='word_1_236' title='bbox 854 2988 892 3042; x_wconf 92' lang='lat' dir='ltr'><strong>ait</strong></span> <span class='ocrx_word' id='word_1_237' title='bbox 908 2982 1047 3059; x_wconf 72' lang='lat' dir='ltr'><strong>Veranius,</strong></span> <span class='ocrx_word' id='word_1_238' title='bbox 1062 3003 1132 3062; x_wconf 89' lang='lat' dir='ltr'><strong>quae</strong></span> <span class='ocrx_word' id='word_1_239' title='bbox 1147 3004 1212 3046; x_wconf 87' lang='lat' dir='ltr'><strong>con·</strong></span> 
     </span>
     <span class='ocr_line' id='line_1_32' title="bbox 248 3069 1210 3146; baseline 0.002 -20"><span class='ocrx_word' id='word_1_240' title='bbox 248 3077 401 3139; x_wconf 90' lang='lat' dir='ltr'><strong>sumuntur,</strong></span> <span class='ocrx_word' id='word_1_241' title='bbox 427 3069 497 3124; x_wconf 90' lang='lat' dir='ltr'><strong>unde</strong></span> <span class='ocrx_word' id='word_1_242' title='bbox 519 3070 641 3129; x_wconf 86' lang='lat' dir='ltr'><strong>homines</strong></span> <span class='ocrx_word' id='word_1_243' title='bbox 664 3087 773 3144; x_wconf 91' lang='lat' dir='ltr'><strong>quoque</strong></span> <span class='ocrx_word' id='word_1_244' title='bbox 796 3070 928 3126; x_wconf 78' lang='lat' dir='ltr'><strong>luxuriosi</strong></span> <span class='ocrx_word' id='word_1_245' title='bbox 942 3071 1061 3146; x_wconf 79' lang='lat' dir='ltr'><strong>prodigi.</strong></span> <span class='ocrx_word' id='word_1_246' title='bbox 1078 3101 1120 3114; x_wconf 86' lang='lat'><em>—</em></span> <span class='ocrx_word' id='word_1_247' title='bbox 1134 3069 1210 3130; x_wconf 83' lang='lat' dir='ltr'><strong>Vest.</strong></span> 
     </span>
     <span class='ocr_line' id='line_1_33' title="bbox 247 3151 571 3226; baseline 0.006 -18"><span class='ocrx_word' id='word_1_248' title='bbox 247 3171 272 3210; x_wconf 85' lang='lat' dir='ltr'><strong>v.</strong></span> <span class='ocrx_word' id='word_1_249' title='bbox 289 3152 443 3226; x_wconf 86' lang='lat' dir='ltr'><strong>Prodiguae</strong></span> <span class='ocrx_word' id='word_1_250' title='bbox 458 3170 485 3226; x_wconf 91' lang='lat' dir='ltr'><strong>p.</strong></span> <span class='ocrx_word' id='word_1_251' title='bbox 502 3151 571 3210; x_wconf 88' lang='grc'><strong>250.</strong></span> 
     </span>
    </p>

    <p class='ocr_par' dir='ltr' id='par_1_14' title="bbox 247 3234 1211 3396">
     <span class='ocr_line' id='line_1_34' title="bbox 310 3234 1211 3312; baseline -0.001 -17"><span class='ocrx_word' id='word_1_252' title='bbox 310 3234 339 3297; x_wconf 84' lang='grc'><strong>9.</strong></span> <span class='ocrx_word' id='word_1_253' title='bbox 363 3235 512 3295; x_wconf 85' lang='lat' dir='ltr'><strong>Offendiees</strong></span> <span class='ocrx_word' id='word_1_254' title='bbox 534 3239 572 3292; x_wconf 89' lang='lat' dir='ltr'><strong>ait</strong></span> <span class='ocrx_word' id='word_1_255' title='bbox 594 3253 654 3293; x_wconf 90' lang='lat' dir='ltr'><strong>esse</strong></span> <span class='ocrx_word' id='word_1_256' title='bbox 670 3237 757 3293; x_wconf 82' lang='lat' dir='ltr'><strong>Vilius</strong></span> <span class='ocrx_word' id='word_1_257' title='bbox 777 3236 876 3309; x_wconf 83' lang='lat' dir='ltr'><strong>nodos,</strong></span> <span class='ocrx_word' id='word_1_258' title='bbox 897 3237 996 3310; x_wconf 89' lang='lat' dir='ltr'><strong>quibus</strong></span> <span class='ocrx_word' id='word_1_259' title='bbox 1012 3253 1080 3312; x_wconf 79' lang='lat' dir='ltr'><strong>apen</strong></span> <span class='ocrx_word' id='word_1_260' title='bbox 1094 3240 1211 3294; x_wconf 86' lang='lat' dir='ltr'><strong>retinea-</strong></span> 
     </span>
     <span class='ocr_line' id='line_1_35' title="bbox 247 3320 1210 3396; baseline -0.002 -17"><span class='ocrx_word' id='word_1_261' title='bbox 247 3331 301 3379; x_wconf 90' lang='lat' dir='ltr'><strong>tur.</strong></span> <span class='ocrx_word' id='word_1_262' title='bbox 334 3325 369 3378; x_wconf 83' lang='lat' dir='ltr'><strong>nt</strong></span> <span class='ocrx_word' id='word_1_263' title='bbox 384 3320 512 3376; x_wconf 90' lang='lat' dir='ltr'><strong>Veranius</strong></span> <span class='ocrx_word' id='word_1_264' title='bbox 532 3321 634 3376; x_wconf 83' lang='lat' dir='ltr'><strong>coriola</strong></span> <span class='ocrx_word' id='word_1_265' title='bbox 654 3322 798 3390; x_wconf 80' lang='lat' dir='ltr'><strong>existimat,</strong></span> <span class='ocrx_word' id='word_1_266' title='bbox 819 3337 888 3394; x_wconf 91' lang='lat' dir='ltr'><strong>quae</strong></span> <span class='ocrx_word' id='word_1_267' title='bbox 908 3323 964 3378; x_wconf 92' lang='lat' dir='ltr'><strong>sint</strong></span> <span class='ocrx_word' id='word_1_268' title='bbox 984 3323 1012 3378; x_wconf 90' lang='lat' dir='ltr'><strong>in</strong></span> <span class='ocrx_word' id='word_1_269' title='bbox 1033 3322 1100 3378; x_wconf 85' lang='lat' dir='ltr'><strong>loris</strong></span> <span class='ocrx_word' id='word_1_270' title='bbox 1116 3323 1210 3396; x_wconf 80' lang='lat' dir='ltr'><strong>apicis,</strong></span> 
     </span>
    </p>
   </div>
   <div class='ocr_carea' id='block_1_8' title="bbox 249 3433 448 3444">
    <p class='ocr_par' dir='ltr' id='par_1_15' title="bbox 249 3433 448 3444">
     <span class='ocr_line' id='line_1_36' title="bbox 249 3433 448 3444; baseline -0.01 0"><span class='ocrx_word' id='word_1_271' title='bbox 249 3433 448 3444; x_wconf 60' lang='lat' dir='ltr'>n-——t</span> 
     </span>
    </p>
   </div>
   <div class='ocr_carea' id='block_1_9' title="bbox 247 3484 1213 3606">
    <p class='ocr_par' dir='ltr' id='par_1_16' title="bbox 247 3484 1213 3606">
     <span class='ocr_line' id='line_1_37' title="bbox 321 3484 1213 3552; baseline -0.001 -17"><span class='ocrx_word' id='word_1_272' title='bbox 321 3485 340 3552; x_wconf 88' lang='lat'><strong>¹)</strong></span> <span class='ocrx_word' id='word_1_273' title='bbox 348 3486 416 3535; x_wconf 87' lang='lat' dir='ltr'><strong>Puta</strong></span> <span class='ocrx_word' id='word_1_274' title='bbox 426 3484 493 3534; x_wconf 83' lang='lat' dir='ltr'><strong>libro</strong></span> <span class='ocrx_word' id='word_1_275' title='bbox 503 3486 589 3549; x_wconf 84' lang='lat' dir='ltr'><strong>aliquo</strong></span> <span class='ocrx_word' id='word_1_276' title='bbox 597 3487 773 3549; x_wconf 82' lang='lat' dir='ltr'><strong>quaestionum</strong></span> <span class='ocrx_word' id='word_1_277' title='bbox 775 3486 964 3548; x_wconf 77' lang='lat' dir='ltr'><strong>pontificalium</strong></span> <span class='ocrx_word' id='word_1_278' title='bbox 975 3487 1013 3534; x_wconf 85' lang='lat' dir='ltr'><strong>ito</strong></span> <span class='ocrx_word' id='word_1_279' title='bbox 1023 3485 1158 3548; x_wconf 80' lang='lat' dir='ltr'><strong>inscripto.</strong></span> <span class='ocrx_word' id='word_1_280' title='bbox 1172 3485 1213 3550; x_wconf 80' lang='lat' dir='ltr'><strong>Cf.</strong></span> 
     </span>
     <span class='ocr_line' id='line_1_38' title="bbox 247 3568 362 3606; baseline -0.017 -1"><span class='ocrx_word' id='word_1_281' title='bbox 247 3573 313 3605; x_wconf 84' lang='lat' dir='ltr'><strong>num.</strong></span> <span class='ocrx_word' id='word_1_282' title='bbox 329 3568 362 3606; x_wconf 69' lang='grc' dir='ltr'><strong>ιε.</strong></span> 
     </span>
    </p>
   </div>
   <div class='ocr_carea' id='block_1_10' title="bbox 0 0 1346 4112">
    <p class='ocr_par' dir='ltr' id='par_1_17' title="bbox 0 0 1346 4112">
     <span class='ocr_line' id='line_1_39' title="bbox 0 0 1346 4112; baseline 0 0"><span class='ocrx_word' id='word_1_283' title='bbox 0 0 1346 4112; x_wconf 95' lang='lat' dir='ltr'><strong> </strong></span> 
     </span>
    </p>
   </div>
  </div>
 </body>
</html>
