2700 4118
305 230 408 267 nonium
426 229 532 267 vnemru
551 213 582 280 (l)
602 228 700 266 nmen.
718 231 753 266 na
772 228 834 266 mun
852 230 928 266 riser.
1028 211 1090 277 643

142 361 231 417 locum
248 363 252 428 Ι
267 353 366 434 socit‚¹
389 375 479 414 earum
501 368 615 422 rerum)
639 353 769 416 nomine²
792 375 858 432 quae
881 377 929 432 per
951 359 1092 425 fraudem}
1116 367 1129 408 ⁵

143 437 231 517 ’ipsa3
253 437 354 500 ablata⁴
375 451 439 498 sunt
462 443 504 499 uel
521 442 693 516 professiloni
714 437 885 514 ’subtracta,⁴
907 443 1093 518 qualdruplum

144 528 208 584 fiseo
225 520 434 600 deponuntur)
450 527 513 582 alias
528 526 646 599 duplum.
664 540 669 587 t
1104 537 1130 576 1o

206 607 251 672 19.
275 604 308 666 ⁶A
325 611 447 666 debitore
467 609 524 666 fisci
538 611 566 666 in
582 609 710 672 lrantdcm
728 609 801 664 datas
824 608 962 666 libertates
984 611 1094 678 reltrabi

144 695 253 769 placuit.
298 710 361 750 sane
380 695 489 768 ipsum)
506 695 542 750 lta
565 709 665 763 emere,
688 701 718 749 ut
740 694 920 765 manumittat,
939 697 943 757 1
961 701 1007 749 aut
1022 692 1095 750 fidei·
1104 703 1131 744 15

145 779 313 835 commissam
329 776 505 835 libertatem’
497 769 677 874 praestares'
693 793 748 833 non
764 786 805 832 est
821 777 996 850 prohibitum.

208 857 258 920 20
287 855 347 916 ⁸db
369 877 416 932 eo,
440 863 487 935 qui
508 878 571 916 reus
600 863 718 918 oriminis
744 852 906 938 ’(ριιωιόἰ)9
934 861 1096 935 posltulatus

73 965 133 1014 [aaa]
145 945 283 1001 aduersam
306 947 467 1001 seutentiam
484 954 489 1006 Ι
509 946 621 1015 meruit,
645 954 767 1017 tempore
790 947 795 1007 Ι
818 952 909 1000 reatus
933 959 1133 1018 quocunqueeo

145 1029 233 1087 moldo
249 1030 362 1085 alienata
378 1046 393 1084 a
408 1027 472 1085 fiseo
485 1045 544 1085 eum
563 1032 567 1090 l
585 1028 741 1102 quadruplis
756 1028 888 1084 lructibus
905 1033 909 1096 Ι
926 1037 1097 1087 reuocentur.

207 1111 254 1175 al.
277 1113 474 1169 Fideiussorem
497 1114 571 1183 elus,
599 1113 727 1185 quicum
751 1115 756 1174 Ι
780 1111 966 1186 dispensatore
988 1120 1134 1169 eontra-25

144 1198 190 1267 sit,
206 1199 254 1270 lp)

219 1360 238 1426 ¹)
253 1379 288 1412 eae
302 1363 351 1411 Kr.
366 1364 405 1410 ed.
421 1365 448 1410 in
461 1359 517 1411 Cir.
534 1363 664 1424 foramine
682 1363 845 1427 absumptum.
874 1364 907 1413 In
925 1380 954 1414 eo
968 1380 1029 1414 uero
1044 1367 1099 1428 ipse

146 1432 285 1492 librarius,
305 1448 375 1496 quent
389 1433 438 1481 Kr.
458 1435 586 1496 sequitur,
605 1436 715 1492 errauit,
731 1436 799 1498 quad
811 1435 855 1484 bic
868 1437 1006 1484 articulum
1023 1437 1099 1498 finiri

141 1510 247 1566 putans,
262 1504 373 1566 spatiolo
388 1505 479 1554 relicta
494 1505 554 1552 inde
569 1503 600 1552 ab
615 1518 696 1552 earnm
706 1520 796 1554 nouum
806 1507 906 1568 incipit,
917 1522 967 1569 qua
977 1507 1008 1556 de
1019 1522 1098 1557 causa

146 1575 221 1622 etiarn
235 1581 328 1637 postea
343 1574 484 1638 dependitur
493 1589 545 1636 pro
560 1574 707 1637 dependatur
724 1577 838 1638 scripsit.
904 1572 925 1640 ⁴)
941 1579 993 1626 ie.
1010 1578 1099 1626 cubis

146 1646 240 1694 causis.
292 1640 339 1711 ⁸)‘
342 1642 406 1694 tota'
423 1645 479 1695 edd.
491 1644 595 1696 Lac-lim.
611 1642 718 1710 eth.
721 1661 822 1694 ecensu
825 1642 888 1694 'eei
903 1659 988 1696 meat
1012 1644 1096 1709 ‘fisco'

145 1714 184 1764 ed
196 1715 245 1764 Kr.
260 1713 314 1764 Sed
322 1717 437 1781 intelliqe
446 1731 489 1764 res
500 1717 570 1778 ipsas
576 1716 746 1798 profitendus,
755 1731 819 1779 quae
826 1717 917 1777 fiscum
926 1717 1099 1765 uindicantem

141 1801 192 1849 per
203 1771 324 1848 fraudem
339 1789 457 1836 celantur
470 1789 553 1836 alioue
567 1786 639 1835 modo
654 1801 677 1834 et
673 1786 851 1848 auferuntur.
899 1782 921 1850 ⁴)
936 1785 1080 1834 ablatae...

145 1857 280 1906 subtractae
294 1858 333 1905 ed.
349 1872 404 1906 mea
413 1858 492 1919 prior
507 1854 542 1920 (et
556 1854 616 1918 Kr.)
631 1857 711 1905 invito
728 1855 753 1904 Ο.
781 1854 812 1904 Si
830 1868 896 1918 quac
910 1870 962 1917 per
977 1823 1099 1917 fraudem

141 1927 304 1988 professioni
321 1926 455 1975 subtracta
473 1932 544 1982 sunt,
566 1926 677 1988 uectiqal
695 1931 792 1972 tanturn
810 1926 849 1973 uel
863 1923 985 1972 tributum
999 1941 1099 1988 poenae

145 1998 245 2044 nomine
255 1997 452 2058 quadruplatur.
477 1995 515 2042 De
526 1995 698 2058 quinquennio
709 1994 743 2056 ef.
754 1994 785 2042 L.
796 2006 816 2044 2.
832 1994 856 2043 C.
868 1995 899 2043 cle
910 1996 999 2059 oectiq.
1011 1993 1041 2059 (4,
1052 1994 1097 2061 01).

145 2065 177 2113 L.
198 2081 239 2113 un.
263 2065 307 2112 Tb.
329 2065 354 2113 C.
374 2065 406 2112 de
425 2066 510 2127 quinq.
526 2078 645 2126 praescr.
667 2062 759 2129 (4,15).
779 2065 811 2112 de
832 2065 974 2128 quadrupli
987 2073 1012 2115 et
1025 2067 1099 2128 dupli

141 2150 227 2198 poena
243 2134 312 2183 Ptin.
323 2149 418 2198 paneq.
433 2146 467 2184 40.
486 2134 607 2182 Lactant.
622 2134 654 2183 de
668 2141 740 2184 mort.
751 2149 822 2197 pers.
838 2146 871 2185 aa.
887 2134 918 2182 L.
930 2147 962 2186 16.
978 2137 1000 2197 ξ.
1012 2147 1045 2186 10.
1065 2136 1097 2184 D.

146 2205 284 2268 depublie.
300 2202 390 2270 (304).
443 2201 464 2269 ⁶)
478 2204 613 2252 detenditur
629 2204 654 2256 O.
670 2205 745 2252 etiam
761 2201 817 2253 0¹⁴⁴.
839 2204 970 2267 Opinati.
1022 2201 1042 2269 ⁶)
1059 2205 1097 2268 Cf.

146 2276 177 2324 L.
192 2286 226 2326 45.
243 2277 264 2336 ξ.
279 2287 299 2326 e.
319 2275 351 2323 Ι).
367 2275 398 2323 de
413 2276 430 2323 ι’.
443 2276 498 2337 fisa.
515 2272 559 2338 (ae,
575 2273 617 2340 ιι).
638 2273 669 2323 L.
681 2287 713 2324 11.
729 2277 754 2338 §-
768 2288 786 2325 1.
802 2275 833 2323 L.
850 2287 883 2326 io.
898 2277 921 2336 5.
933 2287 952 2326 ι.
972 2275 1004 2324 1).
1020 2278 1098 2340 quiet

146 2361 162 2394 a
177 2345 244 2410 quib.
260 2344 303 2409 (40,
318 2344 349 2410 9).
365 2345 396 2392 L.
412 2357 446 2396 10.
470 2345 502 2394 D.
522 2346 553 2394 de
574 2361 680 2394 manum.
697 2343 783 2410 (40,1)
803 2353 827 2394 ct
840 2347 868 2394 in
882 2346 997 2409 praefat.
1018 2346 1097 2396 diota.

148 2413 168 2480 ⁷)
183 2423 289 2479 praestet
304 2416 330 2465 0.
341 2416 399 2464 edd.
414 2418 491 2464 etiarn
504 2431 559 2464 mea
569 2418 655 2479 prior,
670 2417 716 2464 sed
730 2415 778 2464 Kr.
791 2423 818 2465 ut
831 2431 885 2465 nos.
933 2413 954 2482 ⁸)
971 2416 1008 2479 Cf.
1019 2417 1051 2466 L.
1062 2429 1096 2468 20.

145 2487 177 2535 D.
193 2487 225 2536 de
239 2501 325 2536 accus.
340 2485 384 2552 (40,
399 2485 430 2549 a).
445 2486 477 2534 L.
493 2497 512 2536 8.
528 2487 567 2548 ξς.
583 2500 603 2537 1.
618 2499 638 2536 a.
657 2486 690 2535 D.
705 2487 736 2535 de
752 2502 859 2536 manum.
874 2485 959 2552 (40,1).
975 2487 1006 2537 L.
1018 2497 1043 2539 15
1052 2503 1096 2550 pr.

146 2556 178 2605 Ι).
193 2559 275 2620 quiet
289 2571 305 2605 a
319 2556 386 2620 quib.
402 2555 446 2621 (40,
461 2556 492 2622 0).
557 2553 578 2621 ⁴³)
594 2556 704 2606 Ratione
718 2556 805 2606 dubita
819 2557 851 2606 L.
867 2567 900 2608 to.
916 2559 958 2607 cit.
973 2560 1097 2622 supplevi,

147 2629 258 2677 litteram
271 2625 389 2696 p(ublici)
404 2626 590 2692 obsequentem
605 2629 716 2677 litterum
730 2642 745 2691 p
760 2628 889 2678 excidisse
903 2631 1057 2694 suspicatus.
