2678 4116
464 188 522 270 ann
540 235 640 272 1usn1n.
660 211 681 270 I.
701 223 741 272 22.
1030 219 1090 284 177

117 378 224 434 luciani
239 371 441 451 appellentur¹3
456 376 544 432 Latini
557 376 635 447 ideo,
657 379 719 450 qnia
734 377 887 434 adsimulati
907 386 973 434 sunt
988 377 1090 436 Latinis

117 462 295 536 colaniariis3
321 462 425 518 luniani
450 461 530 534 ideo,
558 463 620 534 quia
640 478 690 535 per
710 462 798 536 legem
817 461 918 520 Iuniam
938 461 1091 520 libertatem

117 617 228 666 creditor
243 641 277 651 -
292 629 335 663 sex
347 639 384 648 —
398 613 515 662 debitoris
530 640 563 649 —
578 613 637 676 legis
653 641 686 650 -
701 615 802 676 pecnnia
817 641 850 650 -
866 629 894 664 ea
910 615 1039 664 traditione
1055 641 1089 654 -·

116 687 338 750 mancipationibus
362 709 395 719 -
419 684 527 733 Latinam
541 685 610 732 -is
635 683 702 749 quia)
720 692 871 748 praestant,
895 687 931 735 ad
948 688 1090 736 earundem

115 757 213 808 Sched.
224 758 319 806 ductus
329 763 354 805 et
366 756 509 804 sententiae
520 755 730 818 probabilitatem
740 757 872 805 resarcire
887 765 996 806 conatus
1010 773 1089 818 eram,

116 833 145 878 in
165 829 208 878 ed.
223 841 244 881 3.
255 829 353 892 paucis
366 828 394 875 in
408 827 431 888 ξ.
446 838 479 876 aa.
499 829 611 886 mutatis,
627 828 654 876 in
668 827 737 876 hunc
756 826 870 876 modum:
886 824 921 890 Ἥ.
936 830 993 878 21⁸.
1029 829 1090 879 Cum

116 916 183 960 uento
208 903 264 966 leae
287 899 359 948 delia
378 897 466 946 Sentio
489 903 631 946 testamenta
649 893 651 966 Ι
669 899 772 962 psincus
795 899 911 961 scriptus
933 902 1003 950 satus
1022 901 1090 950 ciuis

117 971 254 1022 Romans
263 972 321 1033 fiat,
331 969 442 1032 piacait,
457 970 481 1018 si
494 970 553 1032 quis
564 969 637 1032 sorte
653 965 656 1036 Ι
673 983 702 1018 ex
715 970 823 1035 'ancilia
839 984 881 1018 sna
896 979 965 1020 natos
980 968 1087 1033 sporics'

117 1043 163 1108 [de
176 1043 227 1092 noe
242 1041 348 1106 uulgari
366 1057 389 1088 u.
408 1041 558 1102 spuriarum
569 1047 624 1088 'usu
644 1041 678 1104 cf.
695 1040 836 1090 Farcellin.
851 1056 874 1090 u.
888 1043 996 1103 spurius
1010 1043 1038 1090 in
1053 1037 1090 1108 fi]

119 1112 231 1163 ‘liberos
249 1120 275 1162 et
291 1111 401 1162 heredes
417 1107 576 1178 scripselrit,
600 1126 685 1160 omnes
702 1125 794 1160 seruas
811 1126 928 1167 manere,
953 1113 1014 1175 qaia
1033 1114 1091 1178 quis

115 1186 221 1248 primus
238 1185 281 1241 sit,
301 1198 336 1232 eac
355 1197 386 1230 ea
405 1177 527 1250 araitione
542 1197 592 1232 non
608 1183 776 1246 intellegitur,
796 1197 843 1232 nec
860 1184 887 1230 in
899 1182 1023 1245 fraudem
1038 1197 1091 1232 cra·

117 1257 227 1305 diturum
246 1257 339 1318 plures
359 1267 388 1300 ex
404 1253 408 1316 Ι
423 1253 577 1316 patrimonio
596 1251 688 1302 debent
701 1253 838 1308 decedere·
857 1254 968 1318 denique
986 1259 1092 1303 senatus

117 1329 240 1376 consulte
255 1326 290 1374 ad
303 1327 383 1390 leeem
392 1325 488 1373 Fufiam
499 1321 638 1392 Caniiniam
649 1325 722 1388 facto
737 1325 866 1387 prouisum
876 1332 922 1383 est,
939 1340 971 1373 ne
981 1326 1009 1374 in
1016 1332 1091 1388 pote·

116 1405 186 1447 state
203 1397 316 1445 debitoris
330 1402 397 1445 esset
414 1396 471 1444 eius
487 1395 491 1454 Ι
507 1395 566 1457 legis
581 1397 758 1446 anctoritatem
777 1409 820 1458 per
838 1396 906 1445 hanc
921 1403 998 1444 artem
1015 1411 1090 1445 eucr-

119 1464 204 1516 tere’.
232 1460 451 1534 21¹0.[of.§.1a]
468 1465 522 1514 'Em
540 1468 599 1516 iare
617 1465 755 1526 Quiritium
771 1467 775 1529 Ι
791 1467 920 1516 tisserius
935 1474 1023 1516 noster
1039 1482 1091 1518 nan

113 1553 173 1602 per
192 1537 241 1587 doe
256 1541 346 1596 scium,
366 1537 436 1601 quod
452 1538 553 1600 pecunia
567 1545 649 1586 nostra
664 1535 844 1602 conparatnr’,
865 1535 912 1604 [cf.
928 1537 961 1588 L.
976 1550 1009 1590 33.
1030 1540 1052 1600 5.
1068 1551 1089 1590 3.

118 1609 153 1659 D.
169 1609 203 1658 de
217 1608 259 1658 lib.
275 1625 354 1658 causa
367 1603 456 1674 40,12]
479 1603 483 1676 Ι
506 1605 564 1657 ‘sed
580 1609 687 1657 ulterius
703 1610 849 1674 requiritur
868 1611 937 1658 iusta
955 1611 1028 1658 serui
1046 1625 1090 1658 ac-

116 1681 229 1744 quisitio
242 1676 389 1748 paeniteret
403 1679 467 1742 qnod
481 1679 597 1742 quaedam
612 1682 687 1728 etiam
701 1695 750 1730 non
769 1681 846 1728 iustae
864 1687 921 1729 sunt
939 1682 1090 1744 acquisitio·

116 1767 181 1808 nes,·
196 1767 256 1800 nam
271 1750 275 1816 Ι
292 1766 328 1812 ea,
344 1764 403 1814 quse
414 1749 542 1798 traditione
555 1750 704 1809 alienantur,
719 1753 831 1814 quamuis
845 1752 958 1814 mancipi
967 1753 1027 1808 sint,
1043 1766 1091 1800 nec

116 1819 176 1890 ιιεῑΙ
191 1823 367 1886 mancipatione
382 1822 423 1870 uei
437 1823 465 1869 in
479 1823 538 1871 iure
552 1821 663 1871 cessione
677 1823 720 1870 uei
732 1817 897 1889 usucapiaine
908 1823 1089 1885 acquiruntur,

115 1901 220 1943 tantum
235 1895 263 1942 in
282 1893 356 1942 bonis
366 1889 454 1956 fiunt'.
491 1895 534 1942 22.
547 1888 687 1960 [es.§.1t.]
700 1888 905 1954 ‘Latinasfitec
922 1888 925 1960 Ι
943 1892 997 1956 leae
1011 1891 1089 1942 Aetia

114 1963 213 2014 Sentia
222 1979 316 2014 seruus
325 1965 410 2013 minor
420 1973 490 2016 ΧΧΧ
496 1978 631 2021 annorum,
647 1965 691 2026 qui
701 1969 849 2012 testamenta
860 1965 902 2011 uel
916 1964 985 2012 inter
995 1964 1092 2014 anticos

116 2050 205 2084 causa
213 2035 329 2100 probata
344 2032 484 2104 iibelratur:
500 2050 639 2100 quanquam
653 2033 762 2081 Latinum
780 2033 836 2096 ipsa
851 2035 895 2082 iecc
909 2033 987 2081 Aetia
1000 2031 1091 2082 Sentia

115 2107 235 2156 nondam
250 2107 332 2169 facin
350 2107 409 2156 item
428 2109 473 2173 qui
491 2121 521 2154 ea
540 2112 624 2155 aetate
641 2100 644 2172 Ι
662 2105 743 2154 maior
761 2104 900 2162 a'domino,
920 2105 994 2152 cuius
1008 2111 1047 2153 est
1063 2105 1091 2152 in

115 2177 206 2236 bonis,
225 2178 338 2242 quamuis
355 2178 422 2227 insta
440 2178 635 2227 manumissione
652 2173 656 2241 Ι
672 2177 870 2234 manumittitur,
897 2176 939 2222 uel
958 2176 1004 2238 qui
1023 2176 1091 2223 inter

115 2250 217 2299 amicos
236 2245 386 2308 liberatur’,
407 2246 488 2316 [Epic.
504 2261 560 2308 1,1,
576 2260 596 2297 s.
625 2247 730 2296 addidit
747 2261 791 2310 per
805 2245 931 2309 epistolam
946 2253 970 2294 et
985 2245 1091 2294 conuiuii

115 2320 284 2382 adhibitione3
307 2335 360 2369 nan
383 2335 418 2370 ecc
441 2319 514 2370 Gaio.
554 2319 592 2382 Cf.
608 2329 628 2376 1,
642 2331 677 2376 41,
691 2313 739 2384 aa]
764 2315 891 2366 ‘simodo
910 2318 965 2366 clia
986 2312 990 2384 Ι
1013 2333 1091 2368 causa

116 2391 266 2440 libertatem
285 2406 337 2440 nan
355 2388 499 2454 impediat'.
519 2386 566 2456 [cf.
587 2391 609 2451 ξ.
623 2385 669 2456 ac]
701 2386 739 2437 ‘iai
753 2403 839 2438 omnes
852 2395 936 2438 tamen
951 2389 1011 2438 oiim
1026 2383 1091 2456 quii·

115 2463 178 2511 dem
193 2463 221 2510 in
235 2462 315 2510 torma
329 2461 458 2511 libertatis
466 2459 648 2518 seruabantum
664 2475 720 2509 cum
730 2467 841 2523 praetor
856 2473 908 2517 eos,
922 2461 982 2508 licet
999 2459 1002 2523 Ι
1018 2461 1092 2508 serui

115 2549 154 2583 em
175 2534 235 2581 iare
257 2531 397 2592 Quiritium
415 2540 511 2593 essent,
531 2533 558 2580 in
578 2530 696 2580 libertate
715 2538 838 2591 tueretur.
876 2545 945 2579 nanc
964 2545 1027 2580 aero
1041 2527 1090 2582 nt’.

116 2603 200 2653 Haec
217 2606 303 2653 omnia
321 2607 495 2668 supplementa
514 2619 582 2652 nanc
601 2617 636 2651 ec
654 2609 727 2662 tectu
742 2602 855 2664 eiciendi
874 2602 920 2650 itta
935 2616 1015 2650 causa
1027 2603 1089 2666 suit,

117 2675 194 2740 quod
205 2673 314 2724 Studeas
332 2690 422 2740 opaea.
432 2691 461 2738 p.
480 2673 559 2724 XIII.
573 2680 598 2722 et
612 2673 648 2722 ad
664 2673 688 2722 Ιι.
705 2675 729 2732 ῑ,,
748 2680 776 2722 ut
792 2687 861 2722 nunc
875 2679 1040 2736 comparatus
1053 2680 1091 2722 est

116 2746 217 2808 codem,
230 2744 395 2796 Biuitmianis
407 2748 462 2795 illis
471 2760 568 2796 omnem
579 2744 656 2807 fidem
666 2743 788 2803 detrahit,
804 2743 906 2792 adiecta
916 2745 943 2792 in
953 2743 993 2794 ed.
1003 2744 1090 2807 praef.

111 2833 141 2881 p.
159 2816 194 2866 V.
205 2823 258 2866 not.
269 2829 282 2866 1
292 2815 328 2884 (et
336 2817 376 2866 ed.
386 2815 533 2880 educata.
543 2815 611 2879 XX)
621 2815 698 2864 etiam
707 2813 918 2878 ipsiusBiaiamii,
928 2816 998 2864 senis
1008 2822 1091 2864 tamen

115 2896 142 2938 et
155 2903 188 2938 se
202 2889 364 2950 eaccasantis,
379 2889 411 2938 de
421 2890 464 2950 iis,
474 2887 544 2951 qaod
553 2887 651 2949 fertur,
668 2886 767 2935 iudicio
777 2883 852 2950 (naec
864 2880 935 2934 ‘oiim
945 2901 962 2934 a
971 2901 998 2936 se
1008 2886 1091 2936 obiter

116 2961 239 3023 inspecto
250 2959 340 3008 codice
349 2960 483 3022 descripta
494 2955 559 3008 esse’
576 2955 648 3020 etc.).·
666 2972 753 3006 uerum
767 2964 851 3006 tamen
865 2957 893 3004 in
907 2957 968 3008 adn.
983 2959 1090 3015 retinui,

116 3031 264 3094 Halimeyii
283 3030 315 3079 de
329 3045 358 3079 eo
378 3039 498 3094 tempore,
519 3043 568 3093 quo
582 3027 717 3078 Blaitmius
731 3034 790 3076 ante
805 3028 995 3092 quinquaqinta
1009 3043 1092 3078 annos

117 3101 238 3152 codicem
261 3102 415 3164 inspexerat
436 3115 534 3164 suaque
557 3106 724 3156 enataverat,
748 3099 846 3148 iudicio
870 3101 898 3148 in
922 3098 1046 3150 Zeitscir.
1068 3100 1090 3163 f.

116 3171 306 3236 Rechtsaescit.
326 3171 357 3223 V.
368 3189 395 3235 p.
409 3183 456 3223 333.
472 3171 591 3222 nonnihil
610 3169 731 3220 tribuens.
805 3166 825 3236 1)
839 3169 885 3219 Sic
905 3166 957 3231 W,
971 3172 1007 3220 ad
1021 3185 1093 3236 quem

116 3247 198 3294 etiam
217 3245 246 3292 in
265 3245 447 3306 supplementis
465 3240 674 3292 antecedentibus
693 3241 818 3304 quaedam
836 3243 1034 3293 accommodavi.

193 3389 218 3448 ἓ.
233 3387 284 3435 21⁸
313 3385 352 3449 Of.
367 3383 437 3448 Epis.
449 3396 469 3442 1,
484 3395 504 3434 2.
524 3385 546 3446 ξ.
560 3395 579 3434 2.
599 3383 673 3445 infra
687 3382 723 3431 ad
735 3383 800 3444 §.aa
852 3378 878 3450 ξ
893 3375 950 3431 21¹³.
972 3381 1009 3443 Cf.
1024 3383 1046 3442 ξ.
1057 3391 1091 3431 tt.

118 3459 198 3507 cuias
212 3457 332 3506 ordinem
342 3457 537 3520 praescriptum
554 3453 634 3503 Gaius
648 3455 725 3502 etiam
739 3461 801 3516 post
815 3454 842 3500 in
857 3452 954 3501 Latina
969 3458 1093 3500 accurate

118 3531 249 3593 sequitur.
286 3526 340 3590 alp.
351 3539 371 3587 1,
383 3539 416 3578 ts.
438 3526 482 3575 it.
493 3526 554 3576 Dos.
565 3537 586 3576 3.
602 3525 676 3588 infra
689 3527 711 3586 ξ.
721 3535 754 3576 33.
770 3536 791 3582 a,
805 3535 839 3572 41.
856 3535 902 3574 204.
954 3523 978 3586 ἕ.
989 3524 1031 3572 22.
1053 3521 1092 3585 Cf.

120 3599 197 3662 infra
216 3611 238 3658 e,
258 3608 290 3650 sa.
315 3597 370 3662 Uip.
386 3611 405 3648 1.
422 3609 455 3648 m.
471 3609 503 3648 12.
528 3597 572 3649 Fr.
588 3596 687 3646 Dositi.
707 3605 727 3646 5.
744 3607 765 3646 c.
790 3593 858 3656 Emit.
874 3606 894 3652 1,
910 3607 928 3645 1.
948 3597 970 3657 ξ.
986 3605 1006 3644 a¹
1031 3593 1094 3642 intas

174 3701 274 3733 natan.
288 3701 368 3732 naam.
382 3701 434 3732 ann.
453 3700 490 3732 aa.
503 3699 527 3730 v.
859 3682 889 3728 12
