2680 4112
152 275 153 278 ,
242 219 285 278 80
582 227 610 260 u.
629 223 739 261 rvunrvs
758 191 858 258 crosno.

242 357 294 410 tria
315 361 394 408 sunt:
415 359 446 408 ut
466 351 553 420 adsit3
574 367 635 406 nam
651 351 811 423 grauitatem
826 365 871 406 res
886 347 982 420 habet,
998 365 1061 405 cum
1077 348 1211 422 frequens

244 437 311 494 ordo
328 445 386 506 est;
408 443 440 491 ut
459 434 521 491 loco
544 435 625 505 dicat,
641 433 668 489 id
683 441 726 490 est
740 441 872 506 rogatus3
894 432 1032 501 mnodo,
1048 448 1082 488 ne
1097 435 1133 488 sit
1147 431 1209 489 inii·

242 523 332 590 nitus;
356 535 418 576 nam
440 519 559 575 breuitas
582 534 637 574 non
657 517 739 574 modo
754 517 906 588 senatoris,
926 515 975 572 sed
996 518 1077 572 etiam
1093 519 1210 572 oratoris

243 621 341 678 magna
355 603 413 659 laus
429 611 472 659 est
486 605 514 658 in
529 603 678 659 sententia:
699 615 749 658 nec
770 609 812 656 est
832 615 962 673 umquam
980 598 1064 673 longa
1084 601 1209 656 oratione

243 687 384 758 utendum,
407 688 459 742 nisi
475 695 521 742 aut
535 693 664 760 peccante
679 691 782 754 senatu,
805 684 878 757 quod
899 681 930 739 iit
945 681 1091 739 ambitione
1105 685 1210 756 saepis·

244 772 330 842 sime,
346 768 423 826 nullo
439 771 600 844 magistratu
615 769 759 824 adiuuante
773 767 835 824 tolli
850 768 920 823 diem
934 765 1002 822 utile
1017 775 1071 838 est,
1086 776 1132 823 aut
1147 783 1209 822 cum

244 863 320 911 tanta
340 870 420 910 causa
442 862 499 929 est,
522 861 553 909 ut
575 869 644 926 opus
660 853 696 908 sit
712 853 828 908 oratoris
844 852 922 924 copia
936 849 981 906 uei
996 850 1030 906 ad
1044 850 1209 906 hortandum

245 939 289 994 uel
306 939 339 993 ad
353 937 520 1006 docendum3
538 953 654 1010 quorum
671 953 802 1010 generum
819 937 975 1007 inutraque
986 950 1100 1007 maguus
1112 941 1210 990 noster

244 1022 309 1077 Cato
325 1030 377 1081 cst.
407 1018 453 1079 41.
476 1021 603 1094 quodque
619 1013 765 1094 addit(ur)¹
786 1035 908 1076 causas
927 1018 1051 1092 popuii
1072 1025 1209 1088 teneto,

244 1113 287 1161 cst
301 1107 422 1160 senatori
442 1107 623 1160 necessarium
639 1120 720 1159 nosse
735 1119 792 1158 rem
806 1102 949 1176 publicam.
965 1101 1046 1174 idque
1057 1101 1110 1156 lato
1120 1109 1209 1174 patet,

245 1188 310 1262 quid
325 1187 422 1244 habeat
437 1188 568 1258 militum,
589 1187 654 1259 quid
669 1187 759 1243 ualeat
773 1189 892 1257 aerario,
911 1201 980 1259 quos
995 1187 1084 1240 socios
1099 1201 1144 1240 res
1157 1201 1210 1258 pan

244 1271 435 1342 hinniebant,
452 1289 521 1344 quos
537 1272 654 1342 amicos,
670 1287 739 1344 quos
754 1271 956 1344 stipendiarios,
974 1285 1027 1342 qua
1041 1269 1156 1342 quisque
1171 1269 1210 1323 sit

244 1357 317 1428 lege,
339 1354 507 1426 condicione,
528 1354 654 1423 foedere3
677 1363 770 1410 tenere
791 1353 1016 1410 consuetudinem
1036 1351 1207 1422 decernendi,

244 1455 327 1495 nosse
349 1438 471 1510 exempla
491 1439 631 1494 maiorum.
661 1437 761 1492 uidetis
781 1439 832 1492 iarn
852 1454 939 1512 genus
960 1437 1013 1492 hoc
1028 1451 1107 1491 omne
1123 1437 1209 1492 scien·

244 1523 308 1586 tiae,
326 1521 490 1594 diligentiae,
509 1522 670 1592 memoriae,
685 1522 744 1576 sine
755 1537 810 1594 quo
820 1529 930 1594 paratus
941 1535 1000 1576 esse
1010 1518 1209 1576 senatornuiio

244 1613 324 1678 pacto
339 1612 440 1678 potest.

310 1685 361 1746 42.
385 1688 514 1762 Deinceps
530 1695 595 1743 sunt
609 1705 671 1744 cum
682 1687 785 1762 populo
797 1689 927 1756 actiones,
943 1689 971 1743 in
984 1685 1082 1760 quibus
1093 1687 1210 1759 primum

246 1781 273 1828 et
288 1773 433 1828 maximum
448 1774 500 1827 uis
518 1772 644 1832 abesto.
674 1772 741 1828 nihil
757 1779 799 1828 est
817 1773 887 1827 enim
901 1773 1040 1827 exitiosius
1053 1769 1209 1826 ciuitatibus

246 1855 313 1914 nihil
328 1863 383 1912 tam
398 1858 564 1912 contrarium
583 1857 636 1912 iuri
652 1863 678 1911 ct
693 1856 815 1929 legibus,
836 1855 903 1912 nihii
923 1857 1011 1910 minus
1032 1861 1059 1910 et
1073 1853 1151 1909 ciuile
1166 1846 1211 1908 et²

246 1940 392 1996 humanum
413 1956 493 2012 quam
514 1941 666 2013 composita
687 1949 715 1995 et
735 1940 884 1996 constituta
898 1955 928 1994 re
943 1938 1052 2012 publica
1066 1939 1211 2010 quicquam

247 2026 291 2098 agi
305 2041 354 2097 per
369 2025 433 2081 uim.
464 2017 564 2096 (dein)³
584 2025 674 2097 pareri
694 2017 844 2096 iubet(ur)‘²
865 2023 1050 2093 intercessori,
1071 2036 1126 2094 quo
1142 2019 1211 2076 nihil

246 2109 446 2182 praestantius3
468 2107 583 2181 inpediri
604 2109 675 2164 enim
694 2105 791 2162 bonam
815 2123 871 2162 rem
892 2105 988 2162 melius
1003 2121 1083 2178 quam
1098 2104 1211 2160 concedi

247 2191 342 2248 malae.
372 2189 438 2246 XIX.
460 2190 532 2264 quod
549 2205 616 2246 uero
637 2192 735 2246 actoris
750 2189 831 2247 iubeo
846 2205 906 2246 esse
921 2189 1056 2260 fraudem,
1078 2189 1106 2244 id
1120 2196 1210 2244 totum

247 2274 302 2329 dixi
317 2289 350 2328 ex
366 2272 464 2344 Crassi,
480 2275 669 2346 sapientissimi
684 2274 810 2345 hominis,
823 2274 971 2330 sententia:
987 2289 1067 2346 quem
1080 2281 1122 2327 est
1133 2287 1210 2328 sena·

249 2365 292 2412 tus
309 2364 428 2426 secutus,
445 2372 507 2411 cum
522 2356 689 2412 decreuisset
703 2355 732 2413 C.
749 2356 858 2414 Claudio
875 2357 987 2415 consule
1000 2356 1033 2412 de
1048 2356 1095 2412 Cn.
1111 2354 1210 2411 Carbo·

199 2511 202 2518 Ι
247 2441 290 2496 nis
305 2440 440 2495 seditione
452 2439 600 2512 referente,
615 2441 702 2496 inuito
714 2457 757 2511 co,
774 2444 820 2514 qui
832 2458 892 2498 cum
904 2440 1005 2515 populo
1017 2447 1122 2514 ageret,
1139 2438 1210 2494 sedi·

247 2525 350 2580 tionem
365 2539 421 2578 non
434 2539 517 2597 posse
532 2521 604 2586 fieri,
627 2527 726 2599 quippe
741 2527 785 2581 cui
800 2525 878 2581 liceat
892 2524 1052 2596 concilium,
1074 2521 1154 2579 simul
1169 2529 1211 2578 at·

249 2624 302 2681 que
317 2609 497 2663 intercessum
512 2605 670 2682 turbarique
686 2618 813 2681 coeptum
828 2610 880 2680 sit,
902 2607 1045 2664 dimittere.
1074 2605 1147 2678 quod
1162 2607 1211 2678 qui

247 2698 398 2765 permonet,
416 2707 475 2747 curn
489 2693 532 2766 agi
544 2691 611 2747 nihil
622 2701 725 2766 potest,
741 2693 796 2747 uim
809 2693 924 2765 quaerit,
940 2693 1017 2748 ouius
1028 2689 1210 2764 inpunitatem

249 2775 348 2830 amittit
368 2773 418 2830 hec
432 2774 503 2848 lege.
533 2773 580 2834 43.
601 2778 726 2848 sequitur
746 2775 813 2830 illud
834 2777 1057 2832 intercessor
1076 2774 1128 2829 rei
1142 2788 1210 2828 ma·

247 2858 301 2913 lae
323 2858 496 2914 salutaris
518 2859 609 2916 ciuis
630 2866 717 2916 esto.
749 2860 809 2931 quis
824 2875 880 2915 non
895 2859 1016 2915 studiose
1031 2859 1072 2915 rei
1086 2855 1211 2931 publicae

249 2941 407 2998 subuenerit
421 2943 471 2999 hac
485 2951 539 2998 tam
554 2943 691 3017 praeclara
706 2943 774 3014 legis
789 2959 858 2998 uoce
873 2942 1015 2998 laudatus?

312 3025 382 3081 Sunt
397 3025 494 3082 deinde
510 3029 599 3101 posita
614 3025 751 3100 deinceps,
766 3043 833 3099 quae
846 3025 974 3082 habemus
986 3027 1104 3082 etiamin
1120 3023 1211 3100 publi·

248 3109 286 3164 cis
302 3111 433 3166 institutis
456 3118 537 3183 atque
558 3109 677 3183 legibus:
700 3111 861 3184 auspicia
882 3119 1066 3183 seruauto,
1088 3110 1211 3182 auguri

247 3202 402 3266 parente.
433 3203 475 3250 est
497 3202 585 3250 autern
604 3191 669 3249 honi
689 3196 800 3267 auguris
815 3195 978 3266 meminisse,
1001 3187 1069 3270 (sc)⁵
1090 3193 1211 3248 maximis

247 3279 288 3333 rei
309 3277 433 3351 publicae
453 3275 620 3350 temporibus
641 3286 751 3350 praesto
773 3293 833 3334 esse
853 3276 952 3334 debere
971 3277 1085 3350 Iouique
1104 3279 1211 3350 optimo

247 3408 449 3418 ῳ-..-

321 3472 341 3539 ¹)
357 3474 423 3523 addit
436 3471 493 3522 AB
505 3473 562 3522 edd.
594 3469 615 3539 ²)
630 3482 667 3523 cst
680 3476 720 3524 ed.
741 3475 772 3525 V.
787 3476 964 3538 superscripto
980 3474 1038 3524 οιΑ
1067 3471 1087 3539 ³)
1101 3474 1214 3524 Addidi.

248 3540 269 3609 ⁴)
283 3557 367 3608 parere
382 3543 447 3591 iubet
460 3542 517 3592 AB
527 3544 585 3594 edd.
616 3541 636 3608 ⁵)
650 3545 758 3594 Addidi.
