2700 4118
244 199 307 264 654
458 213 516 250 uos.
535 213 568 249 er
585 213 647 249 sou.
666 213 756 251 caeru
775 213 883 250 aornar.
902 196 936 250 II.
956 203 980 252 6.

244 356 275 402 ut
300 361 359 402 eum
381 353 520 400 matronae
542 343 588 400 uei
608 334 801 416 'praetextato1
824 343 936 400 comites
956 343 1135 406 abducuntur.
1167 343 1197 404 5.
1223 397 1228 403 .

244 429 402 484 iniuriarum
417 429 486 484 actio
502 433 549 482 aut
564 426 683 500 legitima
698 435 751 498 est,
767 433 813 482 aut
829 428 981 485 honoraria.
1017 427 1150 502 Legitima
1165 446 1198 487 ex

244 513 304 586 lege
320 511 461 568 duodecim
477 509 641 567 tabularum:
665 507 727 577 ‘Qui
749 510 873 566 iniuriam
896 510 974 567 alteri
996 506 1097 578 'ianit,²
1120 515 1196 585 quin-

244 613 297 670 que
319 604 346 651 et
373 588 489 670 uiginti³
516 594 619 668 ’poena
641 587 770 650 sunta’i
813 592 884 660 Quae
906 594 950 650 len
974 595 1107 669 generalis
1128 596 1196 660 luit;

245 681 354 736 luerunt
376 687 403 734 et
425 677 570 752 speciales,
594 677 671 734 uelut
692 677 751 733 illa:
781 673 890 740 ‘Manu
913 677 978 734 lusti
1000 680 1023 736 si
1043 673 1089 736 os⁶
1102 678 1196 756 fregit,

244 763 329 819 libero
345 757 438 830 ’corn3
458 754 563 818 'seruo⁷
581 775 618 818 or.
633 760 729 834 'poena
743 755 864 816 sunto.'⁸

307 845 372 920 Kap.
397 846 437 903 Vl.
481 845 567 902 idem
583 844 710 900 Paulus
733 843 849 901 codem
873 843 962 902 libro
984 839 1197 920 singulari‚⁹

245 929 306 986 sub
345 929 445 986 titulo
489 927 768 1003 quemadmodum
811 929 1021 985 iniuriarum
1065 939 1196 1004 agatur.

243 1012 268 1072 1.
293 1012 355 1081 ‘Qut
370 1021 459 1070 autem
475 1007 652 1077 iniuriarum'
673 1006 802 1084 inquit‚¹⁰
816 1011 893 1086 ‘agit,
909 1021 1012 1070 certum
1028 1012 1110 1084 dicat,
1133 1014 1198 1088 quid

245 1100 357 1154 iniuriae
372 1097 471 1154 iactum
487 1097 531 1166 sit,
549 1105 576 1152 et
591 1097 752 1152 taxationem
767 1105 851 1168 ponat
861 1111 917 1152 non
928 1091 1105 1169 ’maiorenr,¹¹
1118 1113 1197 1172 quam

245 1183 336 1256 quami
353 1181 534 1236 uadimonium
549 1179 649 1236 luerit?
692 1176 722 1238 2.
746 1178 853 1235 Certum
869 1179 943 1250 dicit,
962 1181 1008 1253 qui
1024 1196 1074 1237 suo
1090 1183 1198 1237 nomine

244 1265 565 1335 demonstrationum,
588 1279 676 1336 neque
690 1264 727 1319 ita
742 1271 772 1318 ut
787 1279 836 1336 per
853 1263 1061 1320 disiunctionem
1083 1265 1136 1321 hoc
1152 1271 1199 1322 aut

243 1349 309 1404 illud
337 1347 465 1404 accidisse
492 1346 708 1420 conprehendat;
737 1346 785 1404 sed
813 1353 844 1402 ut
872 1363 982 1404 necesse
1010 1347 1120 1419 habeat,
1152 1355 1198 1404 aut

245 1447 323 1488 unam
346 1432 453 1487 nomine
476 1446 526 1486 suo
548 1447 605 1486 rem
627 1430 783 1504 designare,
805 1438 852 1486 aut
873 1430 965 1503 plures
988 1433 1024 1488 ita
1045 1431 1196 1506 complecti,
1207 1439 1270 1490 [⁵⁵⁷]

244 1525 275 1572 ut
293 1530 391 1571 omnes
414 1529 460 1570 eas
475 1513 602 1570 accidisse
619 1523 734 1588 cogatur
754 1513 877 1588 probare.
920 1510 950 1572 8.
972 1513 1081 1572 Certum
1096 1523 1196 1588 autem,

245 1615 277 1654 an
292 1601 423 1654 incertum
438 1597 520 1669 dicat,
535 1599 655 1670 cognitio
671 1599 755 1671 ipsius
770 1598 900 1670 praetoris
916 1591 997 1655 est.¹²
1026 1597 1198 1656 Demonstrat

244 1692 333 1740 autem
349 1681 477 1758 hocloco
493 1689 604 1756 praetor
625 1696 680 1737 non
702 1697 797 1738 uocem
813 1681 935 1755 agentis,
958 1681 1005 1738 sed
1021 1683 1127 1756 qualem
1141 1682 1197 1738 ior·

245 1767 342 1825 mulam
358 1765 428 1822 edat.
466 1762 497 1822 4.
519 1765 627 1821 Certum
642 1781 697 1821 non
713 1764 787 1836 dicit,
804 1766 851 1840 qui
865 1765 929 1820 dicit
944 1765 1080 1840 pulsatum
1096 1759 1135 1823 ’se
1152 1766 1197 1822 uel

243 2005 297 2056 Sed
309 2006 426 2069 requitur
441 2004 551 2054 Paullus
564 1975 798 2054 diuisionem'illam
812 2019 847 2054 ecc
860 2019 899 2062 eo,
913 2005 983 2069 guod
994 2005 1116 2064 laeditur,
1129 2020 1197 2055 eum·

244 2084 321 2140 giam,
336 2077 367 2126 de
382 2091 433 2139 gua
447 2075 497 2124 oid.
513 2074 590 2124 Auci.
605 2076 641 2124 ad
649 2075 713 2125 Her.
724 2087 745 2132 4,
755 2085 788 2126 25.
815 2071 928 2124 ‘iniuriae
943 2081 1005 2137 sunt,
1016 2091 1075 2138 quae
1091 2083 1131 2124 aut
1144 2077 1197 2140 pul-

245 2148 336 2196 satione
351 2161 446 2209 corpuS,
457 2151 497 2194 aut
511 2145 620 2194 conuicio
636 2160 713 2207 aures,
725 2152 764 2194 aut
773 2146 851 2208 eliqua
861 2145 1006 2207 turpitudine
1016 2147 1087 2195 vitam
1096 2147 1197 2195 alicuius

244 2213 354 2267 uiolent'
419 2213 439 2281 ¹)
454 2222 613 2278 praetextatae
634 2215 674 2264 Vi.
690 2217 729 2265 ed.
744 2214 784 2264 Bi.
800 2221 945 2278 praetextato
961 2222 983 2264 te
997 2213 1028 2264 B.
1048 2215 1092 2264 Ve.
1125 2215 1198 2266 bade

242 2289 357 2351 fortasse
376 2289 422 2351 leg.
442 2292 588 2348 praetextato
607 2291 775 2348 praetentat-ae.
811 2285 848 2349 Cf.
863 2287 886 2346 §-
901 2297 921 2336 1.
945 2284 967 2334 1.
982 2285 1014 2334 de
1028 2287 1106 2335 iniur.
1123 2284 1159 2352 (a,
1171 2285 1198 2352 a)

245 2358 329 2422 ibique
348 2355 489 2405 Schrader.
555 2351 576 2420 ²)
595 2355 652 2404 iacit
673 2356 734 2405 Cdd.
754 2357 811 2404 edd.
840 2353 893 2405 Sed
910 2356 961 2404 oid.
983 2355 1045 2406 dett.
1061 2367 1198 2416 20,1.‚eac

245 2443 294 2491 guo
309 2427 384 2475 etlam
399 2427 483 2474 mollm
497 2426 566 2486 ierit,
581 2426 656 2478 alteri.
722 2422 743 2491 8)
760 2426 821 2475 Cdd.
835 2434 861 2476 et
878 2427 936 2474 edel.
955 2425 1055 2476 addunt
1069 2429 1197 2491 glossema

245 2496 410 2546 sestertiorum
425 2493 473 2559 (-re
488 2496 581 2544 sitrium
597 2494 657 2560 Vi).
687 2496 746 2544 Vid.
764 2496 829 2546 Fest.
845 2513 867 2546 u.
888 2495 973 2558 Viginti
987 2497 1098 2560 quinque.
1108 2513 1137 2560 g.
1148 2509 1195 2549 til.

245 2565 266 2632 ⁴)
281 2580 358 2629 poena
374 2562 476 2614 subitB
502 2564 546 2614 Ve.
571 2579 672 2628 poenam
690 2567 755 2615 subit
778 2566 818 2615 Vi.
834 2567 891 2616 edd.
956 2565 977 2632 ⁶)
992 2568 1130 2616 manifestos
1150 2567 1195 2617 Ve.

245 2637 382 2686 manilestus
402 2635 442 2683 Vi.
458 2648 528 2683 manu
542 2635 628 2684 lustina
643 2637 664 2684 si
678 2651 705 2686 os
720 2639 826 2701 egregia
840 2636 946 2686 Luciam.
962 2639 1005 2700 egl,
1019 2639 1047 2686 in
1061 2653 1110 2702 guo
1125 2645 1153 2687 ut
1166 2653 1196 2687 ue

244 2709 395 2764 omitterem,
411 2712 436 2754 et
449 2705 566 2754 codicum
579 2707 713 2769 scriptura
727 2707 862 2766 suadebat,
885 2722 959 2771 quom
977 2708 1037 2757 inde
1051 2715 1137 2757 natam
1150 2724 1195 2772 og·

242 2784 328 2841 geret,
343 2776 412 2840 guod
425 2775 551 2824 librarius
565 2778 660 2826 litteris
674 2779 696 2826 si
710 2780 811 2827 litteras
824 2779 842 2826 ti
856 2780 921 2827 mole
935 2780 1018 2841 repeti
1032 2778 1156 2837 eredidit,
1171 2787 1197 2828 et

244 2850 366 2912 antiquus
383 2861 480 2905 sermo,
499 2853 528 2896 ut
546 2849 573 2896 in
588 2862 633 2911 ope
653 2849 752 2897 consilio
767 2849 840 2906 aliis,
856 2848 1052 2898 commendabat.
1117 2847 1139 2914 ⁶)
1153 2849 1196 2898 Ita

250 2918 290 2967 Vi.
306 2924 425 2966 trecentos
439 2916 470 2966 B.
491 2917 535 2967 Ve.
551 2919 590 2968 ed.
604 2916 646 2966 Bi.
662 2925 822 2970 trecentorum
836 2918 941 2968 Lacdm.
961 2921 1010 2982 gi,-
1028 2920 1074 2968 sed
1092 2921 1196 2984 corrige

244 2989 357 3047 trecenti,
377 3004 433 3038 eum
451 3003 464 3037 s
482 2991 651 3053 exsequenti
668 3004 729 3038 uoce
747 2989 904 3039 adhaeserit.
977 2986 997 3055 ⁷)
1012 2988 1054 3054 (si)
1069 3004 1138 3038 seruo
1154 2989 1195 3038 Bi.

243 3061 348 3109 Laetum.
377 3059 416 3108 De
430 3067 503 3110 reela
517 3061 736 3123 interpunctione,
757 3075 832 3123 quom
850 3061 878 3109 in
896 3060 945 3110 tiae
960 3063 1014 3124 lege
1029 3061 1195 3122 restituimus,

243 3133 346 3196 eiusque
360 3145 436 3180 sensu
451 3131 497 3180 adi
510 3130 603 3180 illrum
616 3137 731 3180 nostrum
742 3126 847 3179 ‘Gaius'
859 3147 887 3194 g.
899 3143 944 3182 117.
956 3142 1002 3182 116.
1013 3141 1060 3182 15³.
1107 3127 1128 3196 8)
1138 3143 1196 3193 poe-

244 3216 297 3252 nam
312 3202 404 3250 subitor
418 3202 571 3250 extortiorum
584 3199 615 3248 B.
636 3200 680 3249 Ve.
702 3214 803 3263 poenam
823 3200 864 3250 Vi.
888 3215 988 3264 poenam
1007 3201 1085 3249 subito
1107 3207 1195 3249 sester-

243 3274 330 3322 tiorum
344 3273 402 3321 edri.
420 3272 549 3322 Glossema
565 3271 729 3320 sestertiorum
744 3273 817 3329 eieci,
831 3286 878 3320 nee
892 3286 989 3334 repono
1004 3285 1079 3333 asses,
1095 3285 1157 3335 quos
1171 3277 1196 3320 et

243 3345 285 3394 iric
299 3345 455 3393 decernuiros
470 3344 584 3392 amisisse
598 3343 736 3390 uerisimile
750 3348 795 3390 est.
856 3339 877 3406 ⁹)
897 3341 956 3391 Vid.
972 3348 1023 3392 not.
1038 3352 1089 3404 sgr.
1100 3356 1144 3404 gr.

246 3411 278 3479 ²⁰)
292 3429 328 3465 se.
345 3414 464 3462 Praetor.
487 3411 524 3475 Cf.
540 3413 572 3461 L.
583 3423 595 3462 t
605 3427 649 3474 pr.
669 3412 701 3460 D.
717 3412 748 3461 de
763 3413 842 3461 iniur.
859 3410 903 3477 (at,
919 3410 963 3476 10).
1032 3407 1064 3476 11)
1079 3413 1195 3460 minorem

243 3481 345 3545 (minore
365 3481 421 3546 Va.)
439 3483 500 3532 aad.
516 3483 573 3532 edd.
603 3482 661 3531 Vid.
677 3482 735 3531 libr.
750 3489 830 3532 nostr.
848 3478 953 3532 ‘Gaius'
970 3498 998 3545 p.
1014 3491 1135 3534 titt-tat.

246 3549 278 3617 ¹²)
294 3552 428 3603 Actionem
443 3553 533 3617 igitur,
549 3554 601 3602 nisi
615 3561 711 3603 certum
724 3554 837 3611 dicatur,
852 3552 1010 3618 denegantis.
