2684 4112
283 217 390 254 nemun
410 216 554 254 eteuuruuu
573 218 734 256 uuueuunru
752 219 886 262 utnuuuu.
1008 203 1072 268 447

556 353 593 415 D¹

509 477 608 535 iusim.

463 552 662 618 tiliusintu'uute

461 645 507 704 od.
522 646 694 720 iupleueritii

461 725 657 787 iumiliueh'turi

461 813 544 874 eleuat.
559 809 685 888 quunt'eu

510 907 538 956 ut

554 981 660 1042 meitiu.

554 1071 677 1125 tautueni

587 1152 713 1209 rstutuiib

460 1237 704 1294 cuudiuiolibtiseu

460 1321 693 1395 eculioqupudueu

460 1401 623 1462 iumhubuit²
637 1405 723 1482 pee9d

460 1483 582 1547 ierren·³
596 1480 729 1564 p'situduli

461 1567 546 1632 tium⁴
561 1573 707 1631 uoluutusd

458 1652 687 1732 rluuiu⁵potuit
701 1657 728 1714 id
771 1662 795 1716 ri

458 1743 659 1800 culioseruosu
702 1735 761 1800 cri⁶

458 1829 505 1901 uqi
590 1829 697 1882 iseruue

457 1903 615 1968 rciuuserit⁷
632 1907 688 1985 unffi
731 1927 792 1968 ume

459 1988 516 2050 Ιίο8
532 2002 561 2050 tu
577 1987 811 2070 up'emptur.pecu

327 2073 396 2156 (20)
456 2077 637 2135 ruosnhubuit

459 2177 560 2236 nossep

511 2246 689 2306 itmmissusin

511 2332 636 2388 eumediti

177 2507 197 2576 ¹)
212 2511 273 2574 Pege
287 2510 398 2574 matilde,
418 2513 431 2559 t
446 2510 523 2560 droite
538 2517 562 2560 et
575 2514 588 2559 i
603 2513 702 2574 geuthe.
731 2511 850 2577 Quelques
870 2513 946 2577 lignes
966 2528 1069 2580 presque

102 2582 223 2632 illisibles.
242 2582 309 2632 Bur.
337 2581 397 2632 Hoe
411 2597 486 2646 quant
500 2597 588 2632 nerum
601 2583 647 2642 uit,
662 2583 755 2633 docent
766 2599 857 2634 nereus
866 2596 950 2644 9-10,
965 2585 1069 2650 quidue·

102 2669 170 2711 eum,
185 2659 213 2702 ut
226 2653 278 2702 iuni
291 2654 319 2702 in
329 2653 498 2717 praefatione
511 2653 609 2704 dietum
623 2661 669 2713 eet,
684 2669 740 2704 eunt
754 2657 891 2706 conueniat
905 2656 937 2706 L.
948 2667 975 2708 tu
988 2657 1021 2706 D.
1036 2658 1069 2707 de

101 2723 217 2775 statulib.
232 2722 277 2788 (tu,
287 2723 319 2790 t),
336 2739 402 2789 quae
416 2725 513 2784 incipit
526 2724 612 2775 uerbis
627 2725 678 2774 Nou
693 2726 786 2776 ridetur
804 2741 848 2790 per
866 2728 1069 2777 statuliberem

103 2803 179 2859 sture,
194 2796 305 2859 explicit
318 2795 457 2860 peculium
470 2811 555 2846 seruus
570 2810 626 2845 nou
640 2797 755 2860 hebuit,
770 2799 875 2863 tinnula
889 2799 981 2858 uerba,
1004 2813 1069 2863 quae

102 2869 170 2916 leeta
188 2881 244 2916 eree
262 2866 399 2926 dicuntur,
418 2882 435 2916 n
453 2869 523 2917 veris
542 2868 671 2917 interdum
690 2874 787 2918 tanturn
806 2870 971 2934 discrepant,
993 2876 1020 2919 ut
1034 2885 1068 2919 an

102 2937 190 2988 eadem
208 2936 343 3002 utrobique
361 2939 463 3001 eeripta
478 2938 595 3002 fuerint,
615 2939 711 3002 facite,
735 2940 783 2989 red
801 2941 939 3002 immerito,
958 2939 1069 3000 dubites,

102 3009 301 3073 monendumque
315 3009 347 3059 de
361 3024 392 3059 ea
406 3023 436 3058 re
448 3009 539 3072 fuerit.
566 3009 682 3059 Ceterum
695 3017 756 3060 eunt
769 3022 903 3064 uerterent.
968 3005 989 3077 ¹)
1005 3011 1068 3075 quud

102 3079 165 3142 upud
179 3079 329 3128 uenditorem
344 3094 429 3130 seruus
444 3080 527 3129 hebuit
540 3080 571 3132 L.
585 3091 619 3132 ³5.
637 3082 680 3132 eit.
708 3079 763 3131 Vin
776 3083 942 3142 crediderim,
957 3083 984 3131 in
1002 3082 1031 3131 L.
1041 3093 1069 3134 ³⁶

98 3165 150 3213 pru
174 3165 260 3199 seruus
279 3151 355 3200 etium
378 3152 469 3200 lectum
489 3151 575 3214 future
598 3152 750 3214 mancipium.
820 3149 841 3218 ⁸)
860 3153 986 3217 pecuniam
1010 3167 1068 3202 cou-

102 3221 205 3270 dicionis
220 3221 307 3270 offerre
321 3235 370 3270 nou
384 3221 416 3270 L.
432 3231 465 3273 tt.
527 3217 548 3288 ⁴)
563 3221 709 3272 adulterum
724 3223 788 3273 euim
801 3225 922 3290 peculium
936 3223 968 3272 L.
984 3233 1018 3275 ut.

104 3288 125 3356 Β)
140 3291 231 3354 porrigi
249 3306 296 3341 nou
316 3291 349 3342 L.
363 3304 398 3346 uu.
463 3287 485 3357 ⁶)
505 3307 589 3343 seruus
604 3294 706 3346 ueuierit
726 3303 750 3344 et
767 3294 800 3345 L.
819 3305 853 3347 et.
920 3291 941 3358 τ)
956 3293 1069 3342 uenditor

102 3361 149 3411 uuo
164 3369 234 3426 rupta
248 3362 368 3424 peculium
382 3363 509 3412 retinuerit
522 3363 555 3412 L.
566 3374 600 3416 uu.
628 3365 661 3414 In
673 3381 696 3414 n.
707 3377 732 3417 lu
747 3367 831 3416 nostri
841 3365 905 3428 solii
918 3365 975 3413 eine
989 3362 1068 3412 dubio

102 3433 228 3496 uerirutunt
241 3440 314 3483 erat:
328 3434 409 3484 udiior
423 3433 469 3484 ude
485 3441 562 3498 rupta,
577 3436 604 3484 in
619 3451 642 3485 u.
653 3447 679 3487 18
691 3436 824 3485 retinuerit.
849 3435 889 3485 De
903 3433 986 3482 urcino
1001 3432 1067 3482 Dar.

103 3504 271 3568 eoyitauerat.
338 3500 359 3571 8)
374 3519 514 3570 quemquem
531 3506 593 3555 enim
609 3514 731 3569 exempto
750 3508 782 3555 sit
799 3505 860 3554 ectio
874 3503 905 3555 L.
919 3513 953 3556 tu.
973 3503 1068 3553 deinde

102 3575 207 3640 corrige
222 3581 254 3624 tm
264 3589 318 3638 pro
332 3582 366 3625 tu.
