2694 4110
336 176 371 210 ns
385 174 581 216 nonsmonmva
599 175 635 210 an
654 175 743 212 caasa
761 174 875 212 canossa.
1018 159 1076 224 799

12 295 13 322 ³
57 322 115 371 [aas]
128 309 234 362 sionem
254 305 403 374 induxisti,
421 304 568 377 perfectam
583 320 613 360 ac
629 296 765 360 ’solidam¹
783 306 830 361 tibi
845 308 966 380 praedii,
978 309 1013 363 de
1025 325 1081 380 qao

12 385 14 462 ζ
129 391 233 463 opiter,
249 390 427 446 donationem
449 389 524 445 obici
537 403 591 443 non
606 404 698 460 posse,
719 389 826 460 quando
842 390 912 462 apud
929 398 954 446 te
970 393 1027 446 eius
1043 392 1081 448 rei

128 474 287 546 proprietas
307 476 455 528 remansit.
486 470 544 527 Sed
557 487 610 528 nec
627 471 811 543 sanctionum
825 467 1022 544 depensicnes²
1037 474 1081 531 uel

127 572 177 630 per
204 572 280 622 cum,
301 556 345 612 cui
366 555 469 611 donata
490 571 539 611 res
552 573 609 612 non
625 562 700 627 erat,
716 555 764 612 aet
778 555 814 612 ab
830 558 977 613 actoribus
990 562 1081 630 ipsias

129 644 240 698 nomine
267 637 416 694 celebratae
438 631 542 695 'nunc3
566 638 613 694 tibi
635 639 731 694 obesse
752 633 915 696 aduersas*
935 655 998 697 carn
1015 658 1081 714 pos·

129 731 205 781 sant.
242 721 349 789 Quodsi
375 723 481 780 absens
502 726 587 780 etiam
611 729 689 780 taam
708 724 809 778 iustum
830 723 989 796 magistram
1010 741 1082 781 sum·

129 809 239 864 moneri
258 809 290 862 ai
307 807 342 862 de
360 809 541 879 possessione
557 806 643 878 feeit,
657 809 821 878 praesidem
831 811 1006 878 prouinciae
1021 809 1080 880 adi,

130 897 161 948 nt
175 894 200 946 is
220 905 283 946 enm
298 905 358 946 cam
373 891 580 946 comminatione
598 890 726 947 uidelicet
742 893 842 948 uenire
856 892 965 957 iubeat,
983 898 1010 948 et
1025 895 1081 950 aim

127 975 240 1046 factam
260 977 392 1032 ueniente
412 975 458 1030 die
484 991 523 1030 aa
538 973 725 1046 praefinitione
740 973 842 1048 allega,
863 981 893 1030 ut
913 977 936 1030 si
955 976 1123 1049 praesidi

129 1073 190 1115 rem
203 1059 387 1130 probandas,
407 1060 599 1115 aduersarius
614 1065 640 1114 te
655 1062 807 1116 restituere
823 1058 1013 1130 compellatur
1029 1057 1079 1115 PP.

129 1141 171 1198 vt.
187 1141 239 1198 kal.
256 1141 310 1204 ian
325 1141 446 1198 Messala
461 1148 489 1196 et
505 1141 594 1198 Grato
609 1137 717 1200 cnossi
733 1135 737 1218 l

191 1222 262 1283 289.
285 1217 306 1280 ⁶.
324 1266 330 1280 .
348 1270 355 1285 .
372 1263 380 1279 .
397 1224 526 1295 Nepae
515 1243 545 1281 an
561 1233 686 1296 excepta
699 1240 826 1297 persona
841 1241 894 1299 per
908 1225 1133 1300 stipendiariam
1137 1222 1181 1292 [aa]

129 1308 175 1366 uel
191 1307 329 1364 tributarii
337 1309 456 1380 praedii
472 1313 709 1380 mancipationem
723 1313 786 1366 sine
803 1315 978 1381 possesionis
990 1312 1079 1368 tradi·
1069 1296 1185 1400 iffi?

130 1389 206 1450 tione
226 1392 341 1448 donatio
360 1389 509 1465 perficitur.
549 1391 621 1448 Pone
636 1393 720 1466 igitur
734 1393 956 1466 sollicitudinem,
972 1399 998 1450 si
1014 1412 1080 1452 eon·
1107 1405 1157 1444 ΜΡ·

129 1482 196 1543 stat,
213 1491 284 1545 eam,
301 1479 350 1548 pai
363 1479 391 1530 in
406 1477 536 1547 praediis
558 1484 604 1532 tao
620 1480 732 1533 nomine
748 1477 841 1551 degit,
863 1495 930 1536 aton
940 1479 1081 1536 tradidisse

130 1576 172 1628 ea,
188 1559 232 1616 ael
247 1575 315 1633 quae
330 1561 405 1616 altro
417 1559 501 1632 fecit,
517 1575 555 1616 ea
571 1562 705 1622 mandato
717 1563 764 1616 net
776 1564 924 1618 uoluntate
936 1570 985 1618 tao
995 1563 1081 1634 faeta

130 1636 275 1700 'necanda⁷
290 1659 345 1702 aaa
360 1653 433 1700 sant.
464 1643 513 1699 PP.
531 1643 589 1700 Non
605 1644 653 1699 Oct
655 1684 806 1704 .......

192 1723 267 1785 290.
291 1721 312 1782 ⁸.
329 1767 337 1784 .
353 1773 360 1788 .
377 1770 384 1784 .
401 1729 513 1785 Secura
529 1743 592 1784 esse
602 1734 696 1798 potes,
713 1744 777 1784 cam
793 1727 906 1798 'preces
920 1733 986 1784 taas
1001 1721 1082 1784 fides⁹

130 1810 248 1869 adiuuet.
277 1810 402 1868 Ceterum
417 1813 494 1884 qaod
502 1814 654 1882 proponis,
675 1826 728 1866 nec
738 1809 917 1866 inhonestam
930 1814 1026 1882 patris
1041 1815 1083 1868 tai

130 1909 184 1951 nec
199 1894 324 1952 inutilem
339 1887 495 1950 'declarant
516 1893 692 1963 uoluntatem,
714 1909 778 1951 cnm
801 1898 831 1948 ta
845 1893 1037 1966 filiafamilias
1051 1901 1082 1952 at

131 1993 263 2048 mapnam
286 1991 414 2033 mereres
436 1979 614 2032 donationem
640 1974 671 2032 ab
692 1991 725 2032 eo
749 1975 900 2049 perfecisti:
927 1978 950 2031 si
974 1976 1081 2050 quidem

131 2052 275 2114 'staminis¹1
287 2075 399 2132 qaoque
409 2061 509 2118 liberis
518 2066 545 2115 et
557 2060 653 2118 addae
669 2063 699 2116 in
713 2062 855 2132 potestate
868 2075 921 2115 saa
934 2075 970 2116 ac
979 2061 1082 2132 familia

131 2142 291 2216 degentibus
305 2151 383 2216 pater
399 2143 566 2202 donationes
585 2143 823 2214 reaccenderet,
842 2147 955 2200 etiarnsi
972 2145 1003 2200 id
1020 2151 1082 2200 tan·

132 2229 246 2284 tandem
260 2228 302 2282 eis
312 2229 358 2284 aet
367 2231 456 2298 paulo
469 2227 536 2299 plas
552 2226 619 2284 adeo
631 2227 806 2282 emolumenti
816 2225 925 2291 tribuat,
939 2245 1024 2300 qaam
1033 2226 1081 2300 fa·

61 2331 120 2381 [aaa]
132 2312 211 2368 ciant
227 2316 330 2383 partes
349 2314 471 2368 omniurn
489 2312 645 2379 liberorum
672 2310 824 2385 aequales,
844 2310 918 2385 quod
934 2303 1028 2366 'sibi¹²
1049 2326 1082 2367 aa

205 2529 225 2597 ¹)
240 2532 315 2582 solam
334 2531 391 2581 Vot.
407 2531 464 2582 edd.
486 2532 524 2596 Cf.
540 2533 571 2581 L.
587 2545 606 2582 1.
622 2533 644 2594 ξ.
655 2544 675 2584 s.
699 2531 742 2582 Tb.
760 2531 785 2582 0.
801 2532 832 2582 de
846 2539 904 2582 mot.
920 2532 976 2584 bon.
992 2530 1081 2599 (s,1s):

133 2599 252 2653 ‘solidam
263 2603 455 2666 perfectamque
469 2599 628 2653 dominiam'.
698 2599 718 2667 l)
733 2601 803 2652 Hinc
818 2603 909 2666 incipit
923 2603 954 2651 L.
968 2615 989 2652 a.
1010 2601 1037 2652 0.
1050 2604 1082 2653 de

131 2674 190 2724 don.
210 2672 246 2739 (a,
265 2672 311 2738 54).
341 2669 383 2723 ‘Si
397 2674 547 2735 sanctiones
566 2671 727 2740 [exactiones
746 2679 787 2722 act
805 2671 913 2739 tributa]
930 2709 936 2721 .
952 2711 958 2724 .
974 2707 980 2722 .
996 2709 1002 2722 .
1018 2674 1082 2722 cele·
1106 2709 1109 2714 -

131 2743 221 2794 braine
235 2751 302 2802 sant,
317 2743 364 2793 tibi
378 2743 464 2793 obesse
478 2758 529 2794 non
540 2741 646 2807 potest’.
675 2779 681 2790 .
697 2779 703 2792 .
719 2779 725 2791 .
741 2779 747 2791 .
762 2743 844 2792 aiones
862 2743 921 2792 Vat.
937 2743 1082 2806 sanctiones

130 2815 169 2864 ed.
180 2814 273 2865 Hottw.
300 2812 370 2874 ane
378 2822 528 2878 sequantur,
538 2819 656 2877 spectare
665 2813 785 2861 videntur
794 2815 923 2877 querelam
933 2813 1082 2872 Massieiae,

130 2901 147 2934 a
160 2900 188 2935 se
202 2885 313 2948 praedio
328 2886 492 2948 praefectam
505 2885 592 2934 iustum
611 2883 749 2944 magistram
767 2889 911 2933 summotum
930 2897 983 2932 esse
998 2883 1030 2932 ab
1044 2898 1082 2943 eo,

131 2962 222 3004 contra
237 2971 308 3019 quem
321 2955 491 3020 supplicabat.
538 2950 560 3018 8)
570 2953 615 3002 Ea
629 2952 657 3002 V
657 2951 678 3002 θ.
692 2953 731 3002 ed.
744 2953 856 3003 Momms.
867 2967 913 3002 non
928 2953 986 3002 Vnt.
1005 2952 1083 3004 Hanc

131 3039 183 3073 rem
194 3031 285 3086 postea
296 3026 395 3087 factam
408 3026 520 3076 nondam
534 3024 610 3074 ICtoa
623 3024 749 3074 docuerat
762 3023 895 3074 Massirio.
947 3021 968 3089 ⁴)
982 3023 1014 3073 In
1034 3023 1061 3073 V
1062 3023 1083 3074 ἆ.

126 3100 258 3157 postrema
277 3096 364 3158 littera
383 3111 396 3144 a
414 3103 459 3145 est.
496 3095 566 3156 Quae
584 3093 737 3159 sequantur,
757 3095 792 3144 ad
808 3096 960 3145 sententiam
973 3095 1078 3143 restitui

133 3164 170 3227 (ΖΓ.
186 3163 217 3212 L.
234 3175 266 3214 tt.
282 3174 315 3214 ta.
335 3165 367 3214 D.
382 3166 414 3214 de
429 3166 507 3215 indic.
522 3163 553 3230 (a.
569 3163 600 3229 1).
666 3163 686 3231 ὅ)
701 3181 726 3215 α.
741 3176 788 3216 aaa.
853 3163 1083 3229 ⁶)Sensamresti·

131 3235 225 3284 tuendo
239 3235 381 3286 declaravi.
411 3235 499 3286 Primo
513 3250 589 3285 aaran
603 3242 662 3286 ante
676 3236 826 3299 stipendiarii
845 3235 872 3284 V
873 3234 893 3284 t.
908 3234 982 3284 babet
995 3248 1018 3296 p.
1044 3234 1083 3296 Cf.

130 3307 152 3367 ξ.
168 3317 217 3356 aaa.
282 3301 358 3370 ⁷)Ita
377 3305 574 3370 Vespasiani
593 3307 651 3356 Vas.
717 3303 738 3372 8)
753 3305 940 3356 [tamrestitai.
1005 3300 1027 3367 ⁹)
1042 3303 1084 3352 Ita

130 3391 165 3426 esc
183 3375 211 3425 V
213 3374 233 3424 ὁ.
250 3375 363 3426 Momms.
378 3379 418 3426 ed.
435 3393 519 3428 ..με
533 3377 592 3428 tides
611 3377 669 3427 Vot.
745 3373 779 3441 ¹⁰)
794 3376 892 3425 dederat
910 3388 969 3424 macc
985 3374 1084 3436 factam

131 3446 236 3496 declarat
255 3446 285 3495 V.
361 3443 393 3510 ¹¹)
413 3447 473 3497 Vox
487 3449 541 3498 alin
555 3463 631 3498 mana
646 3449 682 3497 ad
693 3449 834 3510 marpinem
848 3445 994 3506 adscripta,
1009 3450 1042 3506 et,
1057 3451 1085 3492 at

126 3523 200 3580 pato,
213 3519 341 3582 ptossensa
354 3520 425 3569 nocis
441 3515 563 3568 ‘tiberis'.
616 3514 649 3581 ¹⁹)
662 3517 722 3568 *ibi
735 3517 765 3565 V.
785 3517 828 3566 tibi
843 3516 882 3565 ed.
897 3515 990 3566 Hottw.
