2700 4118
320 195 379 230 noe.
398 193 431 230 ur
447 193 509 230 uon.
529 193 618 232 suoru
636 193 744 230 consen.
763 176 823 232 VII.
843 183 867 231 3.
886 183 911 232 4.
1028 179 1089 242 671

6 393 7 396 ¹
203 325 270 400 Καρ.
291 324 333 382 ΙΙΙ.
378 323 544 398 Ulpianus
573 321 662 379 libro
683 340 773 382 xvru.
796 326 833 381 ed
861 326 1009 384 edietum
1032 327 1093 384 sub

6 403 7 406 ’
94 415 108 450 *
142 411 247 468 titulo
275 410 303 464 si
334 407 532 482 quadrupes
565 409 764 482 pauperiem
794 403 960 467 dederit.¹
1003 407 1028 469 1.
1051 411 1093 467 ln·

72 496 208 552 [⁵⁷411uriu
220 493 338 550 occisum
354 507 414 548 esse
429 493 524 548 rnerito
539 490 676 548 adiicitur:
693 507 748 547 non
764 492 834 546 enirn
849 491 951 550 sufficit
964 497 1093 569 occisum,

141 579 187 636 sed
204 584 313 651 oportet
335 575 430 630 iniuria
451 574 478 630 id
500 591 560 631 esse
582 573 690 634 iactum.
734 573 850 631 Proinde
865 577 887 631 si
902 580 962 677 quis
984 595 1093 636 seruum

142 665 273 720 latronem
289 658 431 728 occiderit,
451 658 512 731 lege
528 657 632 732 Aquilio
648 673 703 714 non
719 665 842 728 tenetur,
865 661 926 733 quie
939 653 1093 736 ’(ιηὶιινία)2

142 764 197 804 non
213 742 317 801 occidit.
363 739 391 799 2.
415 741 467 798 Sed
482 750 510 797 et
525 757 712 815 quemcunque
726 742 806 798 ulium
823 741 896 799 ierro
912 761 941 800 se
956 753 1093 817 petentem

144 832 189 904 qui
203 827 338 889 occiderit,
354 843 408 884 non
423 825 558 882 uidebitur
572 827 666 882 iniuria
680 825 819 882 occidisse.
843 825 957 883 Proinde
972 831 996 884 si
1008 829 1094 885 iurem

143 922 321 981 nocturnum,
349 927 429 985 quem
450 909 493 966 lex
515 909 654 966 duodecim
683 909 832 966 tabularum
856 911 1010 968 omnimodo
1033 928 1095 986 per·

143 999 226 1055 mittit
240 993 441 1066 occidore‚·aut
456 994 596 1068 diurnum,
613 1009 692 1066 quem
707 987 872 1066 'aeque31er
888 995 1032 1068 permittit,
1048 995 1096 1052 sed

142 1085 179 1140 itu
200 1080 323 1150 demum,
345 1081 367 1134 si
389 1094 419 1134 se
441 1078 497 1135 telo
519 1076 657 1134 defendet:
684 1076 836 1149 uideamus,
859 1095 891 1133 en
913 1077 974 1152 lege
989 1079 1096 1153 Aquilia

145 1164 286 1222 teneatur?
324 1161 355 1218 Et
370 1162 532 1235 Pomponius
549 1160 666 1236 dubitet,
689 1177 752 1217 num
769 1161 833 1218 hoec
848 1157 905 1217 len⁴
924 1164 960 1218 sit
983 1164 1010 1218 in
1034 1179 1094 1220 usu.

143 1245 172 1308 3.
195 1247 223 1304 Si
239 1239 313 1319 quis⁵
334 1244 418 1300 'metu
439 1238 577 1319 (mortis)⁰
599 1244 686 1302 iurem
702 1245 841 1314 occiderit,
864 1262 918 1302 non
933 1245 1095 1317 dubitamus,

145 1333 211 1404 quin
232 1330 294 1402 iege
310 1329 413 1400 Aquilia
435 1344 490 1384 non
513 1335 649 1384 teneatur:
672 1330 714 1384 sin
736 1337 839 1402 eutem,
863 1346 923 1386 oum
942 1339 1035 1404 posset
1051 1329 1096 1386 ed·

145 1413 328 1488 prehendere,
356 1411 450 1468 meluit
472 1411 609 1483 occidere,
636 1414 721 1486 magn
743 1421 801 1484 est,
828 1421 859 1470 ut
881 1416 976 1470 iniuria
998 1414 1097 1473 iecisse

146 1495 283 1553 uideatur:
307 1509 373 1568 ergo
395 1496 473 1554 etiem
495 1495 556 1569 lege
571 1494 692 1552 Cornelio
715 1490 873 1553 tenebitur.⁷
917 1496 948 1556 4.
972 1498 1097 1555 iniuriam

146 1589 236 1638 sutem
251 1580 371 1652 occipere
387 1578 430 1636 hic
444 1595 495 1636 nos
510 1585 621 1652 oporiet
636 1595 690 1636 non
707 1580 931 1653 quemadmodum
944 1583 1013 1638 eirca
1027 1584 1097 1638 iniu-

145 1667 243 1720 riarum
266 1664 409 1734 actionem,
432 1663 622 1720 contumelium
644 1663 791 1736 quendam,
813 1663 861 1719 sed
881 1664 953 1736 quod
970 1681 1024 1720 non
1039 1667 1098 1720 iure

39 1812 43 1818 ,
146 1749 310 1817 factumest,
327 1747 379 1804 hoe
394 1757 435 1804 est
450 1757 544 1804 contra
560 1749 615 1811 ius,
633 1747 732 1817 idest,
751 1747 774 1802 si
789 1746 866 1818 culpe
883 1747 943 1818 quis
960 1747 1096 1802 occiderit.

146 1831 184 1888 Et
206 1831 353 1904 relique.

208 1915 274 1986 Καρ.
290 1914 331 1968 IV.
360 1913 525 1986 Ulpianus
548 1911 638 1966 libro
661 1919 785 1966 octauo
808 1911 846 1966 de
869 1910 995 1967 officio
1019 1929 1098 1985 pro·

146 1998 304 2054 consulis
327 1995 387 2050 sub
410 1995 517 2050 titulo
541 1994 578 2048 de
600 1987 762 2049 furibus.⁸
805 1991 829 2048 1.
847 1993 930 2050 Fures
946 1994 978 2050 ed
994 1988 1096 2051 iorum⁹

146 2079 299 2136 remittendi
327 2085 390 2134 sunt
413 2077 517 2142 diurni;
545 2077 686 2132 ‘nocturni
709 2071 852 2150 quoque¹⁰
879 2085 952 2133 extra
976 2078 1097 2134 ordinem

222 2261 241 2329 1)
256 2263 341 2312 Etiam
355 2263 386 2311 de
400 2262 449 2311 noc
463 2263 537 2311 titulo
551 2260 675 2324 Ulpianus
689 2263 789 2326 quidem
798 2264 918 2326 exposuit
932 2262 975 2312 lib.
989 2263 1097 2313 XVIII.

148 2336 184 2386 od
197 2335 320 2389 edictum:
334 2334 380 2382 sed
393 2347 457 2396 quae
470 2339 620 2396 sequuntur,
635 2333 686 2380 iam
700 2333 736 2382 ad
747 2341 891 2397 sequentem
904 2334 942 2382 tit.
959 2331 1007 2382 ‘od
1020 2336 1098 2398 lepem

148 2401 290 2470 Aquiliam’
310 2405 479 2466 pertinuisse,
501 2404 651 2467 quioculos
670 2402 955 2468 Collectorissuperat‚
977 2418 1020 2453 res
1040 2406 1099 2466 ipsa

148 2477 223 2526 docet
236 2482 260 2522 et
275 2473 397 2523 Pithoeus
410 2473 562 2522 observarit.
592 2472 705 2522 Ceterum
719 2473 783 2524 doec
801 2475 896 2536 partim
913 2479 1017 2523 exstant
1031 2475 1062 2522 L.
1077 2487 1098 2526 3.

149 2557 161 2597 5
172 2561 214 2609 pr.
230 2546 253 2606 5.
264 2557 284 2594 1.
304 2544 335 2592 D.
347 2544 382 2593 ad
391 2547 439 2607 lep.
450 2542 536 2607 Aquil.
548 2541 579 2608 (e,
589 2541 619 2609 4).
668 2538 689 2609 ²)
704 2542 792 2607 Suppl.
803 2543 844 2593 Bl.
892 2540 912 2610 ³)
923 2542 968 2593 Sic
978 2551 1048 2594 recte
1057 2543 1097 2593 Bt.

148 2616 208 2678 Ipse
217 2613 247 2663 B.
262 2613 337 2663 dohet
350 2628 438 2678 meque.
490 2610 511 2678 ⁴)
528 2613 588 2662 Cdd.
604 2621 629 2662 et
642 2613 699 2662 edd.
714 2615 813 2663 addunt
827 2629 881 2664 uon.
904 2613 939 2662 At
952 2615 1000 2664 doc
1010 2629 1057 2663 non
1072 2617 1099 2663 in

148 2686 264 2750 sequenti
277 2685 387 2748 periodo
404 2689 465 2746 post
478 2684 529 2745 lege
543 2683 634 2746 Aquilia
648 2687 712 2733 mole
727 2686 857 2745 omissum,
871 2699 906 2733 em
919 2686 1035 2750 margine
1049 2685 1099 2734 duc

148 2756 287 2806 aberravit.
340 2752 360 2819 ⁶)
375 2755 420 2803 cisi
435 2754 488 2818 quis
502 2753 533 2802 B.
548 2754 607 2819 Dip.
623 2755 662 2803 ed.
678 2753 719 2803 ΒΖ.
750 2754 879 2814 Fortasse,
894 2771 950 2804 cum
964 2756 1099 2805 antecedat

149 2828 172 2876 in
187 2841 243 2882 usu,
260 2825 414 2890 geminando
430 2825 489 2888 sere
508 2827 572 2889 lep:
591 2824 687 2874 Nosmet
705 2826 726 2874 si
745 2824 848 2888 quidem.
911 2821 934 2889 ⁶)
949 2832 1019 2874 noctu
1036 2825 1098 2875 Cdd.

148 2897 219 2955 edd,
233 2896 279 2945 sed
291 2894 322 2944 B.
337 2897 389 2955 sic,
404 2902 432 2944 ut
445 2901 508 2943 metu
522 2895 636 2946 scribere
650 2897 764 2958 coepisse
779 2896 910 2953 uideatur,
925 2910 960 2944 ex
974 2910 997 2944 m
1008 2903 1100 2958 postea

148 2968 246 3016 demum
260 2981 289 3014 no
302 2966 390 3028 factm
404 2967 471 3014 unde
485 2981 519 3015 erc
533 2966 592 3031 Dip.
608 2973 672 3014 metu
686 2967 779 3024 morde,
794 2966 863 3030 quod
874 2980 964 3015 sensere
974 2968 1099 3029 postulet,

148 3037 271 3086 dedimus.
298 3035 362 3084 Nam
376 3035 430 3099 Ulp.
442 3036 483 3085 dis
492 3037 528 3084 od
536 3038 707 3100 quaestionem
717 3038 740 3098 ξ.
751 3048 770 3086 4.
782 3037 943 3100 propositam
953 3036 1098 3099 respondet.

150 3104 170 3170 ἲ)
187 3105 251 3156 Nam
265 3109 379 3156 consulto
393 3122 448 3155 eum
458 3106 554 3168 fecisse
568 3121 619 3156 non
633 3106 779 3163 dubitatum·
793 3108 817 3156 si
831 3108 912 3171 ipirur
922 3108 997 3156 etiam
1008 3113 1100 3156 contro

148 3178 197 3234 ius,
207 3177 265 3226 dolo
275 3177 340 3226 malo
351 3177 476 3226 occidisse
486 3178 596 3225 uidetur.
642 3173 663 3241 8)
676 3177 775 3226 Partim
785 3175 912 3228 exstotL
924 3188 943 3225 1.
960 3175 992 3224 D
1004 3177 1099 3238 deser.

148 3246 215 3296 batn.
231 3245 281 3312 (47,
296 3246 340 3310 li).
405 3243 459 3310 ⁹2).
474 3261 496 3310 q.
513 3243 589 3294 “ad
579 3261 620 3296 eus
637 3244 809 3296 ordinarium’
825 3246 858 3294 L
873 3257 893 3294 4.
915 3245 947 3292 D.
962 3245 1017 3294 eod.
1035 3245 1099 3293 Gett

149 3329 182 3375 11,
197 3329 239 3374 18..
254 3316 379 3366 audiendi
393 3318 587 3381 ipiturtuntum,
602 3332 657 3366 cunr
669 3317 756 3379 forum
770 3318 801 3366 de
816 3317 902 3366 causis
912 3313 1032 3364 ciuilibus
1042 3315 1101 3378 api-

148 3393 191 3435 tur
206 3389 379 3437 inconvento.
406 3387 443 3450 Cf.
458 3388 496 3435 tit.
508 3399 540 3437 11.
556 3398 640 3438 coc.
655 3388 708 3448 §.n
724 3388 763 3435 tit.
775 3396 807 3436 14.
823 3396 876 3437 ee.
891 3385 959 3434 unde
971 3380 1100 3446 ‘forenses

149 3453 274 3506 actiones'
290 3457 357 3508 I..1.
372 3459 395 3518 ἓ
411 3470 430 3507 1.
454 3455 762 3521 tructemundus).
838 3451 1098 3519 ¹⁰)ooctcrniquaeB

149 3527 347 3590 quodturniquem
366 3527 406 3576 Vi.
426 3534 450 3576 et
464 3528 572 3576 nocturni
585 3527 625 3590 qui
645 3527 689 3576 Vc.
709 3525 864 3588 nocturnique
879 3524 918 3573 ed.
933 3523 973 3573 Bt.
