2696 4120
424 258 486 294 onir
505 259 609 298 resurr.
628 239 676 296 ΠΙ.
694 245 804 300 zie-43.
1032 239 1097 308 295

128 412 276 480 patronum
292 401 429 458 naturales
444 399 532 473 libari,
548 417 603 456 non
619 400 707 457 solnm
725 401 833 474 quasin
848 407 984 473 potestate
999 401 1095 456 mortis

130 501 253 563 tempore
268 485 359 560 hahet,
381 494 424 542 set
439 487 519 542 etiam
535 486 694 558 emancipati
709 487 780 542 etin
795 483 968 557 adoptionem
983 483 1055 555 dati,
1071 488 1098 540 si

129 573 211 630 modo
228 571 317 645 aliqua
333 588 366 626 ex
380 577 456 644 parte
472 569 585 626 heredes
600 571 696 644 scripti
711 571 779 641 sint,
796 575 847 626 aut
859 572 1017 640 praeteriti
1025 585 1095 626 aon·

62 670 117 724 {eret
132 667 173 714 tra
199 655 305 712 tabulas
333 656 488 712 testamenti
507 653 640 711 bonorum
661 655 863 728 possessionem
884 669 917 708 ex
938 653 1026 710 edicto
1049 668 1095 726 pe·

130 734 259 799 tierint:¹
289 757 351 796 nam
379 739 535 796 exheredati
562 739 637 796 nullo
667 739 747 796 modo
773 737 910 812 repellunt
938 746 1093 811 patronum.

129 823 180 886 42.
204 826 302 882 Postea
325 824 387 898 lege
402 823 482 897 Papia
504 831 581 879 ancta
603 831 668 879 snut
689 824 748 878 iura
763 831 952 896 patronorum,
974 823 1049 896 quod
1062 821 1096 878 ad

129 911 326 984 locupletiores
341 907 454 964 libertos
470 908 602 981 pertinet:
626 916 735 964 cantum
758 915 800 963 est
823 909 892 962 anim
916 903 946 962 e'a
969 906 1041 979 lege,
1065 914 1096 962 ut

130 1012 163 1052 er
182 994 260 1050 bonis
282 995 357 1062 eins,
378 994 425 1066 qui
445 993 635 1048 sestertiorum
655 1009 833 1050 nummorum
856 998 969 1048 centum
990 991 1096 1047 milium

128 1081 257 1151 piurisue
267 1077 460 1151 patrimonium
471 1076 626 1149 reliquerit,
641 1085 669 1132 et
680 1077 822 1150 panciores
835 1091 915 1148 qnam
928 1084 983 1130 tres
996 1073 1097 1130 liberos

131 1162 257 1234 habebit,
280 1164 340 1218 sine
356 1161 380 1216 is
397 1169 559 1216 testamento
575 1159 647 1216 iacto
663 1163 721 1216 siue
743 1161 873 1216 intestato
893 1168 1018 1216 mortuus
1035 1160 1096 1229 erit,

132 1247 217 1304 uirilis
234 1263 295 1320 pars
311 1255 427 1319 patrono
443 1244 587 1312 debeatnr;
601 1245 692 1318 itaque
708 1261 769 1299 oum
783 1261 864 1300 unum
881 1241 965 1298 lilium
983 1258 1097 1300 nnamue

131 1330 215 1388 liliam
227 1331 354 1386 heredem
360 1330 503 1402 reliquerit
514 1328 636 1398 libertus,
649 1322 785 1402 'perinde²
795 1344 857 1401 pars
866 1327 1096 1401 dimidiapatrono

132 1415 263 1486 debetur,
285 1416 360 1471 acsi
382 1416 440 1470 sine
464 1413 520 1470 ullo
544 1411 599 1470 lilio
617 1411 706 1469 liliaue
728 1403 901 1486 ²(testatus)³
924 1419 1095 1484 moreretur3

132 1515 195 1557 cum
211 1515 278 1556 uero
294 1499 365 1556 duos
380 1499 482 1554 duasne
498 1497 611 1554 heredes
626 1498 779 1572 reliquerit,
796 1499 875 1554 tertia
893 1514 955 1570 pars
971 1495 1097 1569 debetur,

131 1585 156 1642 si
173 1592 228 1640 tres
244 1583 390 1657 relinquat,
407 1581 550 1656 repellitur
569 1590 712 1656 patronus.
749 1579 799 1640 43.
821 1582 851 1637 ln
866 1581 944 1638 honis
960 1580 1096 1638 libertina·

131 1685 192 1725 rum
218 1667 320 1724 nnllam
340 1667 466 1724 iniuriam
481 1668 596 1744 ¹antiqno
616 1669 675 1722 inre
700 1666 872 1740 patiebantur
891 1667 1011 1739 patroni:
1036 1680 1097 1722 enm

132 1755 204 1810 enim
228 1753 278 1808 hae
299 1754 328 1807 in
349 1761 529 1825 patronorum
551 1751 672 1824 legitima
696 1750 780 1807 tutela
803 1759 909 1820 essent,
938 1767 994 1805 non
1018 1749 1097 1804 aliter

131 1837 236 1894 scilicet
259 1845 450 1894 testamentum
472 1836 561 1892 iacere
580 1843 706 1908 poterant
729 1851 809 1908 quam
831 1844 946 1910 patrono
970 1842 1097 1896 anctore;

130 1923 222 1996 itaque
238 1923 296 1976 siue
311 1929 407 1978 auctor
422 1921 455 1976 ad
467 1928 660 1977 testamentum
672 1919 821 1974 iaciendum
835 1916 878 1992 (is)
893 1911 896 1995 l
909 1911 1165 1987 ⁴laotuserut,137,

132 2013 184 2062 aut
205 2007 240 2062 de
255 2022 285 2062 se
307 2010 391 2078 queri
409 2007 529 2062 debebat
547 2006 631 2061 lieres
646 2022 664 2059 α
681 2005 785 2060 liberta
800 2020 858 2060 non
874 2007 879 2064 Ι
896 2001 1023 2072 relictus,
1047 2007 1097 2058 aut
1110 2004 1128 2042 t·
1142 2011 1161 2040 ³·

130 2095 225 2163 ipsum
241 2106 280 2148 eu
296 2097 482 2162 testamento,
504 2089 630 2146 sineres
645 2090 681 2145 ab
700 2102 735 2144 ec
757 2091 881 2154 retitctus
904 2093 976 2156 erat,
1000 2101 1096 2160 seque·

131 2173 211 2230 hatur
233 2168 396 2234 hereditas.⁵
423 2177 446 2230 si
470 2191 536 2232 uero
558 2182 655 2230 auctor
671 2177 675 2240 i
693 2175 717 2228 ei
740 2173 826 2228 lactus
849 2187 905 2227 non
921 2180 990 2240 erat,
1013 2179 1041 2226 et
1056 2171 1097 2225 in·

207 2306 227 2375 ²)
244 2307 302 2360 Non
316 2310 382 2358 satis
395 2315 520 2358 accurate
534 2308 583 2358 lioc
597 2308 693 2366 aarum
707 2314 757 2365 est,
777 2309 855 2370 eulpa
870 2314 966 2363 tamen,
986 2311 1014 2353 nt
1028 2305 1098 2354 vide·

133 2389 185 2439 tur,
201 2382 285 2444 ipsius
301 2379 368 2430 Gaii.
400 2379 433 2428 In
451 2381 613 2442 emancipato
632 2393 711 2443 ecque
730 2380 757 2427 in
777 2378 941 2440 adoptionem
960 2376 1034 2434 dato,
1054 2377 1100 2440 qui

132 2466 228 2501 rursus
242 2453 419 2514 emancipatus
433 2457 484 2508 est,
498 2451 657 2514 requiritur,
677 2457 705 2498 ut
719 2457 765 2498 ant
781 2449 858 2498 neres
876 2449 991 2510 scriptus
1005 2449 1040 2496 sit
1054 2453 1100 2496 aut

128 2524 293 2587 praeteritus
308 2537 328 2572 e.
343 2528 359 2572 t.
375 2521 396 2571 b.
407 2523 595 2584 possessionem
609 2523 756 2584 acceperit,-
775 2522 802 2568 in
817 2535 846 2570 eo
861 2535 935 2578 nero,
951 2521 996 2583 qui
1009 2520 1037 2568 in
1051 2519 1099 2568 ad-

133 2595 238 2658 optione
251 2594 374 2644 extranei
388 2599 438 2650 est,
459 2600 487 2641 ut
500 2609 517 2640 a
533 2593 650 2640 naturali
665 2599 744 2655 patre
763 2591 839 2641 lieres
856 2593 972 2654 scriptus
990 2591 1037 2648 sit,
1056 2589 1100 2638 cui

133 2673 159 2714 et
181 2666 233 2728 ipsi
258 2665 390 2714 commisso
410 2678 461 2726 per
484 2665 564 2712 atium
587 2663 671 2712 edicto
698 2679 718 2712 c.
738 2670 754 2712 t.
773 2661 795 2712 b.
816 2663 948 2725 possessio
971 2661 1099 2723 competit.

135 2735 258 2786 Fortasse
277 2742 360 2784 tamen
374 2735 430 2782 ¹iam
449 2740 509 2783 ante
527 2733 701 2783 lastinianum
715 2739 776 2796 post
797 2740 837 2781 ant
854 2733 993 2782 exciderat
1015 2744 1100 2779 rursus

134 2807 279 2869 emancipati
298 2814 328 2857 et.
416 2800 437 2870 ²)
456 2803 502 2858 Sic
516 2804 602 2853 Instit.
622 2804 721 2867 proinde
739 2801 829 2867 Suppi.
844 2802 883 2852 St.
896 2819 924 2867 p.
942 2801 1050 2852 XXXI.
1066 2816 1101 2851 em

133 2885 195 2927 nota
211 2876 363 2940 confusione
377 2882 497 2925 notarum
512 2877 539 2924 in
553 2875 603 2925 iae
619 2890 688 2925 voce.
712 2873 772 2938 Ipse
782 2877 931 2938 promiscue
942 2875 1029 2937 posui,
1045 2888 1102 2923 cum

135 2949 166 2998 de
186 2948 293 2997 diuersa
311 2947 503 3012 sipuifieatioire
523 2947 635 2996 nondum
654 2952 757 2996 constet.
832 2941 853 3012 ³)
868 2945 970 2994 Addidi
989 2947 1047 2992 item
1066 2959 1101 2992 eac
1148 2971 1151 2974 -

134 3018 209 3069 bonis
225 3017 288 3069 cad.
303 3017 366 3069 Inst.
381 3025 406 3067 et
423 3017 575 3081 Theophila,
593 3032 738 3081 quanquam
752 3017 776 3066 is
790 3023 909 3066 testatum
923 3020 1102 3066 commemorat
1170 3015 1177 3022 '

135 3090 186 3138 iam
200 3089 364 3138 antecedenti
377 3091 520 3138 enuntiato.
592 3085 613 3150 ⁴)
629 3087 764 3152 Reliquam
773 3094 877 3152 partem
891 3087 969 3136 huius
983 3087 1010 3147 §i
1024 3086 1100 3134 initio

135 3175 204 3210 unna
218 3161 325 3210 reiectis
344 3161 390 3217 iis,
410 3175 476 3224 quae
494 3162 522 3208 in
541 3159 598 3210 edd.
613 3171 631 3210 1.
646 3171 665 3210 n.
679 3159 716 3208 ad
733 3158 979 3222 hiatus,euplendos
993 3157 1100 3222 excopi-

135 3238 264 3290 taveram‚
283 3247 317 3280 ece
341 3226 386 3279 V't
403 3247 419 3280 a
439 3231 562 3296 Krtipero
582 3229 652 3294 (terit.
677 3229 809 3280 Versueie
824 3246 852 3292 p.
868 3228 918 3292 131)
939 3230 1036 3285 relato,
1055 3227 1102 3276 sed

135 3303 193 3365 ipsa
221 3297 266 3350 Vnt
289 3303 392 3367 cognito
416 3304 493 3351 etiam
519 3303 624 3350 reiectis
643 3302 778 3365 plerisque
805 3301 987 3364 supplementis
1008 3298 1102 3346 Kr.nis

135 3374 225 3435 refeci.
258 3372 297 3422 De
317 3373 413 3436 querela
431 3373 527 3436 patroni
546 3373 580 3436 ef.
601 3383 626 3435 a,
644 3384 678 3422 40.
745 3369 766 3436 ⁵)
784 3371 949 3422 Correetione
969 3382 1033 3430 opus
1050 3381 1101 3416 non

136 3449 181 3494 est.
212 3443 251 3506 Cf.
267 3443 298 3494 L.
312 3455 332 3494 s.
353 3445 376 3505 ξ.
392 3453 411 3494 s.
433 3443 464 3494 D.
479 3444 562 3493 mand.
577 3442 622 3509 (aa,
637 3440 660 3508 1)
682 3443 738 3492 Gai.
751 3455 773 3505 4,
789 3455 821 3495 ar.

208 3548 234 3618 ξ.
254 3553 295 3600 ta.
314 3572 347 3592 =
367 3552 391 3612 ξ.
408 3562 428 3601 a.
455 3549 550 3600 Leod.
577 3539 1103 3613 Of.L.16.D.deiurepatr.(8t‚1t).
1181 3591 1188 3604 ,
1223 3565 1226 3572 ·

137 3615 161 3686 ἓ.
176 3623 218 3672 43.
240 3621 278 3684 Of.
297 3620 353 3684 Ulp.
368 3633 407 3684 29,
422 3631 442 3670 a.
464 3620 507 3672 Fr.
522 3621 553 3670 de
568 3621 657 3683 ipisci
670 3621 692 3682 ξ.
709 3631 742 3670 12.
762 3634 844 3682 supra
859 3631 879 3680 1,
895 3629 941 3684 ιφ,
