2680 4112
256 173 320 237 146
618 189 674 224 anx.
693 188 847 224 rouronws.

318 317 346 378 3.
367 320 433 375 ltem
452 320 480 374 in
495 317 589 374 eodem
605 316 674 372 libro
696 317 749 372 hoc
763 317 893 390 scriptum
913 326 969 374 est:
991 317 1056 374 (lum
1078 335 1112 374 ex
1126 335 1211 394 geue·

255 403 329 459 ribus
345 404 482 459 hominurn
497 401 655 474 suilragium
671 399 789 470 seratur,
811 403 912 458 curiata
927 403 1035 458 comitia
1050 419 1126 471 esse3
1148 419 1210 459 cum

255 505 288 544 ex
303 503 387 544 censu
403 495 430 542 et
444 494 541 556 aetate,
557 485 717 555 centuriata,
732 500 792 538 cum
808 500 840 539 eu
856 484 1014 559 regionibus
1029 493 1057 541 et
1067 486 1144 557 locis,
1161 489 1209 542 tri-

255 571 328 630 buta.
364 571 512 627 centuriata
537 576 627 624 autem
645 568 761 624 comitia
786 569 856 624 intra
876 571 1027 642 pomerium
1050 567 1108 625 lieri
1134 569 1210 626 neias

255 671 325 720 esse,
342 655 404 726 qnia
420 654 565 709 exercitum
583 658 657 707 entra
672 649 765 707 urbem
780 653 905 725 imperari
921 659 1061 726 oporteat,
1077 653 1148 708 intra
1163 671 1209 710 ur·

255 738 314 795 bem
328 739 453 812 imperari
463 738 505 792 ius
517 753 573 793 non
585 737 629 792 sit.
653 743 795 808 propterea
807 737 957 792 centuriata
967 738 994 792 in
1008 753 1103 810 campo
1114 737 1209 792 blartio

255 821 348 878 baberi
363 822 561 893 exercitumque
576 819 699 892 imperari
714 817 840 890 praesidii
856 836 935 876 causa
946 820 1066 886 solitum,
1083 822 1209 894 quoniam

254 905 373 980 populus
394 912 465 961 esset
483 905 511 959 in
532 901 670 976 sullragiis
691 901 810 958 ierendis
832 910 990 977 occupatus.
1013 933 1047 944 -
1072 903 1142 962 Gell.
1160 902 1266 975 15,rsn

256 989 306 1046 27.
323 988 351 1059 S.
368 987 398 1044 4.

318 1121 347 1181 4.
368 1121 399 1198 (i)
421 1123 564 1180 libertinis
580 1139 646 1180 uero
669 1122 744 1178 nullo
761 1124 819 1178 iure
835 1123 874 1178 uti
889 1126 1035 1196 praetextis
1049 1123 1157 1197 licebat,
1180 1141 1211 1180 ac

255 1210 341 1266 multo
357 1211 444 1265 minus
459 1207 626 1281 peregrinis,
645 1205 743 1278 quibus
765 1205 839 1262 nulla
859 1215 931 1264 esset
946 1223 1007 1264 cum
1022 1207 1148 1264 Romanis
1163 1225 1210 1264 ne·

256 1293 401 1350 cessitudo.
445 1291 497 1347 Sed
517 1301 612 1364 postea
632 1290 821 1346 libertinorum
847 1307 957 1364 quoque
982 1290 1044 1348 liliis
1069 1300 1210 1365 praetexta

255 1392 382 1434 concessa
398 1383 440 1431 est
455 1391 487 1431 en
502 1391 581 1430 causa
593 1374 651 1442 tali,
667 1390 746 1446 quam
757 1371 790 1429 Μ.
802 1372 907 1430 Laelius
922 1370 1023 1448 augur1
1038 1376 1133 1432 reiert.
1163 1377 1210 1449 qui

255 1459 326 1516 bello
347 1459 448 1514 Punico
474 1457 594 1515 secundo
616 1451 812 1514 'decemuiros²
833 1457 897 1514 dicit
918 1475 950 1514 ex
972 1459 1210 1516 senatusconsulto

254 1551 368 1618 propter
388 1541 472 1597 multa
492 1541 614 1615 prodigia
634 1539 718 1596 libros
733 1539 879 1614 Sibyllinos
895 1541 992 1598 adiisse
1014 1552 1056 1614 et,
1080 1545 1209 1616 inspectis

255 1628 312 1696 his,
329 1627 485 1696 nunciasse,
506 1626 533 1680 in
549 1625 676 1698 capitolio
692 1624 896 1698 supplicandum
911 1625 1163 1700 lectisterniumque
1177 1642 1210 1682 ex

255 1710 352 1767 collata
368 1711 438 1782 stipe
453 1708 620 1780 iaciendum,
641 1710 678 1764 ita
694 1717 724 1764 ut
738 1708 878 1764 libertinae
893 1726 1019 1783 quoque,
1035 1726 1103 1782 quae
1126 1711 1211 1784 longa

256 1802 332 1850 ueste
347 1801 506 1862 uterentur,
528 1793 555 1848 in
571 1809 628 1848 earn
642 1808 698 1848 rem
715 1793 854 1865 pecuniam
874 1791 1121 1851 subministrarent.
1151 1802 1210 1850 acta

255 1879 339 1953 igitur
357 1877 508 1934 obsecratio
524 1884 565 1932 est
580 1878 671 1950 pueris
693 1877 835 1949 ingenuis,
854 1877 973 1949 itemque
994 1877 1138 1948 libertinis,
1160 1876 1210 1933 sed

255 1970 282 2018 et
296 1960 460 2036 uirginibus,
475 1961 597 2034 patrimis
613 1961 813 2032 matrimisque,
835 1960 1075 2032 pronunciantibus
1091 1977 1208 2018 carmen.

254 2063 286 2102 ex
304 2063 358 2120 quo
374 2061 548 2115 concessum,
571 2052 601 2100 ut
615 2043 802 2100 libertinorum
818 2060 926 2116 quoque
941 2042 1008 2114 lilii,
1030 2046 1076 2118 qui
1091 2062 1123 2100 en
1138 2047 1211 2100 iusta

255 2129 384 2186 duntaxat
409 2127 605 2185 matrefamilias
631 2128 687 2184 nati
713 2127 845 2198 fuissent,
874 2135 966 2202 togam
992 2136 1159 2202 praetextam
1182 2136 1211 2184 et

254 2214 344 2270 lorum
366 2215 394 2268 in
409 2213 480 2268 collo
502 2229 552 2286 pro
569 2211 657 2266 bullae
678 2211 776 2266 decore
797 2219 945 2282 gestarent.
960 2240 1000 2252 -
1018 2210 1136 2270 Macrob.
1152 2213 1209 2270 Sat.

256 2299 284 2367 1,
301 2298 329 2354 o.
346 2295 373 2367 s.
392 2295 441 2352 13.

561 2405 650 2472 SEX.
673 2407 923 2474 POMPONIVS

404 2502 458 2570 (sub
477 2504 596 2554 Hadriano
616 2511 640 2553 et
657 2506 836 2570 insequentibus
855 2507 1057 2576 imperatoribus).

465 2603 568 2660 Libro
591 2605 764 2679 singulari
787 2607 996 2680 regularum.

317 2705 342 2766 1.
368 2705 401 2762 Et
416 2707 563 2762 seruitutes
573 2705 663 2776 diuidi
678 2723 731 2762 non
747 2715 878 2780 possunt3
899 2724 959 2763 nam
975 2725 1065 2765 earum
1085 2725 1150 2764 usus
1171 2711 1210 2766 ita

255 2807 394 2848 connexus
410 2799 461 2860 est,
477 2797 517 2860 ut,
534 2792 580 2864 qui
596 2806 656 2846 eum
666 2791 809 2863 partiatur,
827 2799 949 2848 naturam
959 2793 1017 2848 eius
1029 2787 1211 2867 corrumpat³

327 2938 347 3007 ¹)
356 2941 462 2991 Minime
471 2941 592 3004 spondeo,
600 2941 668 2991 bunc
675 2943 780 2991 eundem
789 2943 860 2991 illum
868 2941 986 2991 Laelium
996 2943 1106 2993 Felicem
1110 2945 1212 3008 fuisse.-

253 3018 429 3077 argumentum
436 3018 518 3060 tamen
526 3013 608 3060 simile
618 3018 656 3060 est
663 3011 808 3070 etLaelius,
818 3027 834 3060 u
844 3011 913 3062 ICtis
916 3013 1107 3076 posterioribus
1115 3016 1142 3064 in
1152 3017 1212 3066 iure

254 3084 326 3132 civili
332 3085 407 3131 semel
416 3089 513 3131 tantum
523 3084 562 3130 uel
571 3081 610 3130 bis
620 3083 722 3140 citatus,
732 3085 814 3148 magis
823 3084 890 3131 iuris
896 3083 998 3146 publici
1009 3086 1049 3133 uel
1060 3087 1134 3134 sueri
1142 3088 1210 3136 anti-

254 3152 394 3217 quitatibus
401 3167 504 3215 operum
514 3152 616 3202 dedisse
624 3153 733 3201 uidetur.
752 3152 875 3202 Eiusdem
882 3152 971 3202 Laelii
978 3169 1012 3203 eae
1019 3169 1076 3204 nme.
1085 3154 1211 3206 librorum

250 3224 392 3287 fidepossit
401 3224 476 3271 etiam
483 3237 546 3280 esee,
557 3223 719 3286 quodsnpru,
727 3222 918 3273 Laebmnmrum
926 3240 977 3274 non
984 3225 1041 3274 sine
1050 3225 1212 3277 dubitatione

252 3296 343 3356 secuti,
355 3293 381 3344 0.
391 3293 467 3342 Aeliu
482 3292 555 3342 Gallo
563 3305 583 3344 t.
594 3291 729 3342 tribuimus
733 3293 913 3359 fragmentum.
931 3293 1013 3345 Multo
1023 3298 1211 3360 antiquiorem,

253 3365 322 3414 uiL.
333 3365 435 3414 Aelium
448 3362 570 3413 Stilonem
583 3370 688 3422 taceam,
701 3365 737 3412 ud
751 3379 823 3428 quem
837 3365 913 3413 etium
923 3365 1078 3428 referendus
1094 3366 1163 3416 Ptin.
1179 3367 1211 3417 N.

252 3435 288 3484 Η,
305 3447 381 3494 14,1t.
394 3436 472 3497 §.15.‚
488 3434 512 3483 0.
526 3433 625 3494 Aelius,
640 3436 713 3483 onius
730 3435 801 3498 apud
815 3435 915 3483 Festum
929 3437 1055 3499 quaedam
1069 3444 1161 3488 entant
1177 3454 1214 3488 eac

253 3509 372 3557 oratione
383 3507 540 3570 fragmenta.
572 3501 591 3571 ⁹)
606 3505 651 3554 Eae
661 3504 721 3553 Iuni
736 3507 784 3567 qj.‚·
799 3505 936 3554 duumuiros
947 3506 1005 3556 edd.
1033 3503 1054 3573 8)
1066 3504 1123 3556 ‘Eae
1135 3508 1214 3560 libris
