2700 4118
341 209 399 245 uos.
418 209 458 245 er.
477 210 537 245 nou.
556 209 645 246 suoru
664 207 770 246 aornar.
789 191 836 246 IV.
855 197 880 245 4.
1025 193 1087 258 659

139 347 261 396 ramento
276 347 390 413 rogatus
405 338 493 394 estad
509 338 644 411 gladium,
665 339 710 394 uel
725 341 803 394 etiam
818 339 909 410 illum,
933 341 980 413 qul
996 357 1090 413 operas

139 441 217 494 suas,
239 431 270 480 ut
291 439 351 481 cunr
374 422 466 478 bestiis
488 430 637 496 pugnaret,
659 415 781 479 locauit.¹
824 419 852 479 3.
874 423 926 479 Sed
946 432 973 479 et
992 425 1090 481 iudicio

140 506 247 581 publico
263 507 415 562 damnatum
436 506 498 562 licet
519 503 670 562 interficere
688 508 714 562 in
729 503 862 562 adulterio
884 507 1090 580 deprehensum,

140 592 184 648 uel
206 589 340 646 ’libertum
356 583 462 645 uxoris²
484 589 528 645 uel
543 606 621 645 suum
636 588 681 645 uel
696 582 873 662 'paternum,³
893 598 990 647 ettam
1006 593 1090 647 ciuem

140 675 288 731 Romanum
311 689 390 747 quam
411 672 547 728 latinum:
570 673 634 745 'quo
657 673 718 728 loco
741 681 768 728 et
791 671 933 729 dediticius
954 669 1091 734 habetur.⁴

141 756 170 814 4.
194 757 247 812 Sed
262 765 289 811 ct
303 757 386 830 patris
402 765 429 811 et
444 758 535 812 matris
550 765 577 811 et
592 755 639 812 lilii
654 765 681 812 et
696 755 765 812 liliae
781 755 905 813 libertum
928 759 1094 830 permittitur

143 841 273 898 occidere.
310 839 338 898 5.
355 838 437 895 llehet
452 848 540 896 autom
555 838 678 914 profiteri
700 832 814 918 ’(νεηι)5
837 840 907 913 apud
922 856 993 911 eum,
1016 843 1093 897 cuius

142 925 292 981 iurisdictio
308 933 350 980 est
365 940 397 979 eo
412 923 484 994 loco,
499 923 545 979 ubi
556 924 664 995 occidit,
680 931 706 978 et
720 939 832 980 uxorem
848 923 991 997 dimittere.
1015 922 1093 991 Quod

142 1011 165 1065 si
187 1025 242 1064 non
264 1007 374 1077 lecerit,
402 1008 510 1080 impune
531 1023 586 1063 non
613 999 789 1063 ’interleclt.⁶
836 1002 865 1065 6.
888 1007 1030 1064 Sciendum
1052 1017 1095 1064 est

143 1101 247 1163 autem,
270 1091 362 1148 diuum
379 1091 493 1148 Marcum
509 1099 536 1146 et
551 1091 725 1147 Commodum
741 1092 927 1164 rescripsisse,
949 1107 1027 1160 eum,
1048 1094 1095 1166 qui

143 1169 305 1232 adulterum⁷
328 1175 431 1230 inlicite
445 1175 625 1245 interfecerit,
648 1175 744 1231 leniori
758 1190 845 1248 poena
863 1176 960 1248 puniri.
998 1174 1095 1232 Sedet

142 1259 254 1330 Magnus
270 1253 436 1314 Antoninus⁸
451 1259 572 1330 pepercit
586 1260 635 1328 eis,
658 1260 704 1332 qui
722 1257 860 1314 adulteros
881 1258 1035 1314 inconsulto
1052 1277 1095 1315 oa·

143 1342 202 1398 lore
218 1341 290 1398 ducti
306 1340 508 1397 interfecerunt.
545 1339 583 1396 Et
605 1342 748 1414 reliqua.

74 1423 129 1472 [⁵6²]
208 1423 333 1497 llap.lV.
383 1422 471 1479 ldem
499 1423 622 1480 Paulus
651 1425 769 1481 eodem
797 1424 889 1482 libro
920 1427 1096 1501 singulari

145 1516 178 1564 et
200 1506 316 1564 titulo.
353 1505 378 1566 1.
403 1505 453 1573 Qui
475 1510 534 1562 iure
556 1511 643 1564 mariti
664 1508 710 1565 uel
732 1503 835 1581 patris⁹
857 1518 981 1582 accusat,
1004 1519 1096 1584 potest

145 1601 173 1648 et
195 1593 252 1648 sine
278 1591 424 1648 calumniae
446 1607 531 1664 poena
556 1593 639 1648 uinci:
668 1585 725 1648 si¹⁰
747 1594 805 1648 iure
833 1597 951 1650 extranei
979 1604 1095 1664 accusat,

144 1683 236 1749 potest
250 1675 395 1732 calumniae
409 1691 496 1748 poena
508 1678 610 1748 puniri;
626 1676 673 1731 sed
691 1683 791 1730 tantum
804 1685 867 1748 post
878 1676 946 1731 duos
962 1672 1096 1732 menses¹¹

218 1849 238 1916 ¹)
252 1851 305 1901 Hic
320 1851 351 1902 ob
366 1843 577 1917 dpotocs'lsvcoa
590 1852 648 1912 sere
662 1851 806 1900 exciderit:
819 1851 889 1912 quiue
904 1851 957 1899 leno
972 1850 1016 1899 luit
1026 1853 1096 1914 quine

144 1931 219 1970 artem
234 1922 348 1969 ludicram
363 1929 416 1969 anta
431 1922 494 1981 lecit,
510 1922 564 1968 inne
579 1935 674 1968 scenam
690 1920 791 1968 saltandi
805 1920 944 1968 cautandiue
959 1935 1030 1969 causa
1041 1936 1098 1984 pro-

145 1992 195 2039 diit.
227 1990 264 2052 Of.
280 1991 312 2037 L.
327 2002 353 2039 aa
364 2006 407 2051 pr.
423 1990 454 2037 D.
470 1990 494 2036 lt.
510 1997 526 2036 t.
585 1987 1096 2055 ²)Hicnullomodoomittipotait‚cf.

145 2060 176 2110 L.
192 2070 225 2108 24.
240 2061 283 2110 eit.
303 2061 374 2106 etiam
393 2059 434 2107 Vi.
454 2059 588 2107 libertinum
603 2058 633 2107 B.
653 2059 698 2108 Ve.
713 2059 771 2108 edd.
790 2059 838 2109 doc
853 2060 953 2122 factam
972 2076 1006 2109 ea·
1025 2061 1098 2110 liber-

145 2137 194 2178 tum
210 2143 246 2176 ux.
302 2125 324 2192 3)
340 2130 357 2176 i.
372 2144 394 2177 e.
405 2129 493 2191 patris
506 2131 599 2178 axoris
614 2131 653 2178 vel
666 2131 708 2178 sui
721 2130 855 2179 demortui.
916 2127 937 2194 4)
952 2129 1018 2179 Earn
1032 2134 1098 2181 enim

146 2202 189 2248 lea
203 2197 274 2247 Ialio
292 2199 403 2247 nondam
421 2206 542 2254 noocrat;
562 2200 608 2248 sed
625 2213 659 2248 aaa
673 2201 799 2248 sententia
814 2201 869 2249 cias
882 2207 927 2249 aut
946 2202 1010 2250 cinis
1025 2201 1097 2252 Rom.

146 2276 191 2318 aut
210 2268 302 2316 Latini
320 2271 376 2318 loco
395 2267 527 2318 habendas
544 2276 613 2328 erat,
633 2270 667 2332 cf.
685 2269 741 2319 Gai.
756 2282 782 2328 s,
798 2281 893 2322 at-ta.
921 2269 982 2319 Cdd.
1002 2278 1026 2320 et
1040 2273 1097 2324 edd.

147 2341 210 2388 lzaec
224 2338 302 2387 cerba
316 2340 400 2401 inepte
414 2339 451 2388 ad
464 2341 558 2388 calcem
568 2341 590 2400 ξ.
601 2352 621 2390 4.
636 2342 790 2398 reiecerunt,
806 2341 872 2390 unde
886 2340 936 2390 lzac
946 2343 1098 2391 reuocanda

147 2416 229 2458 erant.
277 2407 298 2473 5)
313 2409 371 2458 Hoc
386 2410 485 2458 caecidit
499 2409 529 2458 ob
544 2411 695 2460 antecedens
705 2412 746 2459 ·rl.
773 2410 810 2473 Cf.
823 2407 957 2460 ‘testandae
967 2412 1003 2460 rei
1013 2409 1095 2460 causa'

147 2480 179 2528 L.
194 2489 220 2529 aa
230 2494 273 2541 pr.
293 2480 326 2528 D.
345 2480 369 2527 d.
390 2489 407 2528 t.
428 2480 501 2542 infra
519 2496 541 2529 c.
560 2491 593 2529 12.
616 2483 638 2542 ξ.
653 2491 673 2532 5.
748 2477 768 2546 ⁶)
783 2480 827 2529 Ea
844 2479 913 2532 Saul.
935 2484 967 2544 ej.
987 2483 1099 2530 interficit

149 2549 210 2598 Gdd.
226 2549 283 2597 cdd.
335 2546 356 2614 7)
371 2549 409 2598 De
424 2550 545 2598 adultera
560 2566 627 2600 nanc
642 2553 755 2614 loquitur
770 2551 801 2599 L.
813 2562 846 2602 38.
861 2553 883 2612 ξ.
894 2563 915 2602 8.
934 2552 966 2600 D.
977 2551 1001 2600 lt.
1012 2560 1039 2610 t.,
1053 2553 1100 2602 sed

148 2619 184 2668 idi
198 2620 331 2683 legendum
345 2620 447 2668 uidetur
461 2621 540 2668 uxoris
559 2622 583 2668 in
602 2621 718 2670 adulterio
738 2622 917 2684 deprehensum.
984 2619 1005 2686 8)
1021 2622 1048 2670 Is
1062 2630 1099 2672 ast

150 2689 313 2750 Caracallus,
332 2692 435 2753 eiusque
454 2691 554 2739 videtur
573 2705 627 2740 esse
646 2691 678 2740 L.
693 2703 714 2742 4.
738 2691 763 2740 0.
778 2692 802 2740 lt.
818 2699 835 2742 t.
851 2690 887 2757 (s,
902 2690 925 2757 s)
945 2695 1099 2756 rescriptam

148 2762 214 2820 item,
230 2767 257 2807 at
266 2759 298 2808 L.
309 2771 329 2810 s.
341 2759 373 2808 ib.
390 2760 494 2810 Iuliano
505 2762 600 2819 datam,
610 2763 679 2825 quod
688 2778 755 2810 nanc
765 2762 920 2812 Alemandro
930 2763 1097 2812 adscribitur.

148 2827 170 2894 9)
185 2829 215 2878 Β.
230 2830 273 2879 laic
286 2832 379 2892 repetit
392 2831 441 2894 qui,
457 2832 523 2879 ande
540 2832 662 2881 Pithoeus
676 2833 711 2890 id,
726 2833 795 2896 quod
808 2847 892 2881 omnes
904 2832 965 2881 Gdd.
977 2833 1008 2882 ab
1023 2835 1098 2882 initio

147 2900 248 2961 labent,
263 2903 354 2950 omisit.
422 2897 454 2965 ¹⁰)
469 2900 540 2950 Idem
549 2909 627 2964 pater
642 2905 681 2951 ael
695 2904 810 2952 maritas.
872 2899 905 2966 ¹¹)
922 2903 1031 2954 Priores
1045 2904 1098 2952 edi·

148 2978 216 3020 tores
225 2971 268 3020 dic
278 2972 415 3034 periodum
424 2987 562 3034 perperam
573 2974 706 3034 finierant,
716 2971 757 3021 Bl.
768 2974 843 3022 etiam
853 2975 876 3034 ξ.
887 2985 916 3030 1.,
927 2974 996 3037 qaod
1004 2974 1098 3036 effecit,

148 3048 175 3089 at
189 3048 242 3090 tota
255 3043 381 3089 scatentia
395 3056 446 3090 non
461 3043 656 3106 intelligeretur.
680 3042 865 3092 Accusatorem
874 3049 964 3092 tantum
974 3051 1029 3106 post
1039 3043 1098 3092 duos

147 3124 242 3158 menses
256 3113 399 3160 calumniae
414 3127 493 3160 caasa
508 3114 613 3174 puniri,
632 3113 680 3163 doc
695 3113 771 3162 nitito·
785 3128 852 3171 esse,
871 3128 942 3163 nemo
957 3129 1007 3164 non
1022 3115 1098 3163 videt.

147 3179 200 3230 Sed
214 3179 322 3229 Paallas
336 3181 383 3230 loa
398 3182 470 3238 dicit,
485 3184 603 3230 maritam
617 3185 656 3232 ael
667 3191 768 3245 patrem
781 3185 882 3232 exactis
896 3182 994 3232 duodus
1008 3185 1098 3232 mensi·

148 3250 202 3308 llas,
217 3249 316 3314 quibus,
326 3253 441 3300 exclusis
450 3253 519 3309 aliis,
530 3255 641 3318 proprio
656 3255 713 3302 iare
723 3261 855 3311 accusant,
870 3255 941 3302 intra
950 3255 1017 3302 alios
1027 3259 1099 3316 quat·

148 3327 207 3370 taor
221 3336 318 3370 manses
332 3323 390 3369 iure
404 3324 524 3370 extranei
537 3338 662 3372 accusare
673 3338 756 3386 posse.
782 3322 832 3388 (Os.
844 3322 875 3370 L.
887 3335 919 3372 11.
935 3325 958 3383 §-
967 3334 987 3372 o.
1003 3322 1034 3370 D.
1046 3323 1070 3370 ll.
1081 3329 1098 3370 t.

147 3390 206 3456 etc.)
235 3391 374 3454 Propriam
393 3407 453 3441 aero
474 3407 561 3442 earam
583 3395 623 3442 ius
642 3395 751 3442 maxime
769 3394 886 3442 consistit
907 3394 934 3440 in
956 3394 1099 3440 calumniae

149 3461 306 3522 irrepanitate,
321 3477 394 3524 qaam
405 3469 497 3525 postca
511 3470 663 3512 accusantes
672 3465 804 3518 amittunt,·
819 3463 853 3524 cf.
864 3462 895 3510 L.
906 3473 939 3512 st.
955 3463 978 3522 ξ.
989 3474 1009 3511 1.
1025 3462 1057 3510 D.
1068 3463 1099 3512 de

148 3531 238 3579 minor.
256 3529 287 3595 (4,
300 3529 331 3594 4).
347 3532 379 3580 L.
394 3544 414 3582 a.
437 3533 461 3581 0.
477 3533 500 3581 lt.
516 3540 533 3581 t.
548 3530 579 3598 (o,
594 3531 629 3599 a);
650 3533 716 3582 ande
730 3539 851 3596 apparet,
866 3547 930 3596 qaae
945 3531 976 3580 L.
992 3544 1024 3584 14.
1041 3535 1062 3595 ξ.
1078 3545 1098 3584 u.

833 3619 887 3673 42*
