2680 4118
338 237 397 272 nos.
417 238 450 272 nu
467 237 530 272 non.
548 237 638 272 nnovn
656 236 763 272 concas.
783 219 854 272 XVI.
876 225 899 272 1.
1025 219 1088 284 695

139 361 218 442 (oo)¹
238 375 401 424 commenta:
425 365 485 422 ideo
501 381 639 422 aerumnas
656 374 735 440 atque
750 381 850 438 poenas
865 364 967 420 debitas
983 374 1011 422 et
1025 382 1089 422 con·

139 453 232 525 dignas
248 451 300 506 illis
316 451 469 507 statuimus.
513 445 541 506 6.
563 448 688 505 iubemus
703 465 827 520 namque,
843 457 965 506 auctores
982 449 1088 523 quidem

139 551 169 590 ao
184 536 318 608 principes
333 549 386 588 una
401 549 461 589 cunr
484 533 665 588 abominandis
685 533 826 604 scripturis
841 547 935 587 eorum
958 535 1089 589 seueriori

138 633 242 691 poenae
257 617 356 687 subici,
379 617 416 672 ita
431 624 461 671 ut
476 615 605 672 flammeis
626 617 734 688 ignibus
756 622 916 670 exurantur:
940 615 1088 672 'consecta-

138 694 225 756 neos²
247 716 329 770 uero,
357 707 493 773 eiusque
516 700 660 756 ’aduersus
683 691 769 756 deos³
796 700 981 754 contentiosos
1004 701 1089 772 capite

3 809 7 860 p
65 797 128 846 [599]
140 785 231 856 puniri
258 785 453 856 praecipimus,
479 792 622 840 eteorum
649 783 719 838 bona
746 779 811 837 fisco
840 789 935 837 nostro
961 783 1088 838 uindicari

138 867 281 923 sancimus.
316 862 341 922 7.
359 867 386 922 Si
402 868 446 940 qui
462 883 526 922 sane
542 869 620 935 etiarn
636 866 770 936 honorati,
787 873 832 920 aut
847 864 988 921 cuiuslibet
1004 865 1089 938 digni·

3 939 8 1004 i
81 1003 98 1024 ,
139 953 217 1021 tatis,
241 950 285 1006 uel
307 952 428 1016 maioris,
457 966 588 1022 personae
610 949 643 1004 ad
665 950 733 1004 hanc
755 948 899 1004 inauditam
922 957 950 1004 et
971 956 1088 1022 turpem,

138 1042 218 1107 atque
234 1050 282 1107 per
296 1035 383 1090 omnia
398 1032 525 1088 iniamem
539 1041 656 1100 sectam,
677 1032 721 1087 uel
736 1032 768 1086 ad
783 1031 932 1088 doctrinam
948 1031 1089 1088 Persarum

138 1134 167 1173 se
190 1117 391 1188 transtulerint,
414 1132 508 1172 eorum
531 1116 689 1188 patrimonia
710 1113 775 1172 fisco
791 1123 885 1171 nostro
901 1115 1029 1172 adsociari
1051 1115 1089 1170 la·

138 1202 208 1272 cies,
236 1193 399 1273 ’ipsosque¹
427 1197 610 1254 teanensibus
639 1197 683 1254 uel
711 1197 926 1255 Proconensibus
956 1193 1090 1254 metallis¹

138 1284 205 1340 dari.
249 1281 278 1338 8.
301 1283 334 1338 Ut
357 1283 441 1354 igitur
463 1283 585 1354 stirpitus
608 1283 740 1354 amputari
761 1281 828 1338 mala
842 1282 907 1338 haec
921 1283 1042 1354 nequitia
1057 1281 1090 1338 tle

139 1365 246 1421 saeculo
261 1365 416 1421 beatissimo
433 1372 528 1420 nostro
544 1365 646 1438 possit,
669 1365 779 1422 deuotio
796 1373 840 1420 tua
861 1367 941 1420 iussis
957 1383 988 1422 ac
1004 1373 1090 1422 statu·

139 1449 174 1503 tis
197 1448 398 1522 tranquillitatis
421 1456 529 1504 nostrae
548 1449 679 1504 maturius
702 1448 884 1506 obsecundare
904 1445 960 1524 ¹(ne
975 1457 1090 1508 cuncte·

139 1525 224 1608 tur).6
260 1532 317 1590 bat.
333 1531 418 1605 pridie
434 1531 489 1587 llal.
507 1533 615 1604 Aprilis,
630 1525 828 1589 Alexandriae.⁷

228 1612 329 1675 Explicit
344 1613 425 1662 titulus
440 1611 469 1662 de
484 1613 664 1672 mathematicis,
679 1613 793 1662 maleficis
808 1618 832 1659 et
845 1613 996 1662 Manichaeis.

565 1795 661 1830 INCIPIT

299 1898 362 1938 mr.
377 1897 441 1937 xm.
471 1897 512 1936 nn
528 1894 680 1935 neormam
695 1869 929 1936 svocnssronn.⁸

201 1990 265 2062 llap.
289 1989 309 2045 l.
353 1989 539 2062 Scriptura
567 1987 683 2040 diuina
711 1986 761 2040 sic
791 1979 914 2040 dicit29
956 1981 979 2041 1.
1008 1983 1089 2040 lliliae

138 2071 270 2143 Saliadae,
293 2071 428 2126 adstantes
450 2079 511 2126 ante
533 2069 641 2141 Moysen
665 2078 692 2124 et
708 2067 863 2124 Eleazarum
884 2061 1090 2124 ’sacerdotem¹⁰

138 2164 166 2212 et
180 2156 315 2228 principes
338 2161 417 2226 atque
441 2169 545 2208 omnem
568 2159 690 2207 senatum
711 2150 828 2207 filiorum
844 2151 923 2206 lsrael
942 2153 969 2206 in
985 2150 1088 2206 loribus

139 2237 301 2294 tabernaculi
324 2238 486 2304 testimonii,
510 2236 648 2292 dixerunt:
685 2233 713 2292 2.
737 2235 831 2290 ‘Pater
852 2243 946 2290 noster
965 2242 1089 2290 mortuus

138 2329 195 2378 est:
212 2330 240 2376 et
254 2320 301 2376 filii
318 2337 372 2376 non
387 2320 497 2375 fuerant
509 2322 542 2388 ei,
560 2318 606 2374 sed
623 2317 701 2375 filiae.
731 2315 760 2376 3.
774 2317 807 2373 Et
821 2318 881 2374 ideo
898 2334 952 2374 non
968 2317 1089 2374 deleatur

138 2421 235 2461 nomen
257 2405 340 2478 patris
355 2405 443 2460 nostri
459 2403 593 2459 demedio
609 2401 693 2458 tribus
706 2419 780 2458 suae.
817 2401 874 2457 Non
890 2409 931 2456 est
947 2403 971 2458 ei
985 2417 1087 2458 mascu-

138 2489 190 2545 lus.
221 2488 285 2543 bate
296 2486 373 2543 nobis
389 2489 587 2560 possessionem
602 2487 629 2540 in
645 2487 733 2542 medio
749 2486 861 2541 fratrum
876 2487 961 2558 patris
976 2486 1087 2542 nostri?

137 2571 165 2630 4.
190 2570 222 2626 Et
245 2571 343 2626 obtulit
365 2570 470 2644 lloyses
492 2573 650 2644 petitionem
673 2587 764 2626 earum
786 2568 911 2624 'Domino
934 2562 1024 2628 deo.¹¹
1058 2566 1086 2626 5.

210 2718 230 2787 ¹)
245 2721 289 2770 Ex
303 2723 396 2770 uicinia
410 2721 504 2770 litteris
516 2722 651 2785 pertinaci.
713 2718 735 2785 ¹)
750 2722 767 2770 i.
782 2735 803 2768 e.
820 2721 864 2783 qui
877 2721 989 2768 eiusdem
1002 2726 1087 2769 sectae

136 2799 204 2850 sant,
220 2799 248 2840 ut
260 2793 363 2854 saepius
377 2791 448 2854 opud
460 2790 601 2840 Sidonium.
621 2797 793 2839 consentaneos
807 2789 838 2837 B.
859 2789 899 2838 Vi.
915 2790 972 2838 edd.
987 2804 1086 2839 consen·

64 2868 67 2878 '
136 2871 220 2912 taneus
239 2863 284 2911 Ve.
304 2868 470 2911 consectantes
483 2860 581 2910 Boron.
642 2857 663 2924 ⁸)
680 2861 709 2909 ad
724 2875 766 2908 eos
783 2860 853 2918 cdd„
869 2867 897 2909 ut
905 2867 978 2922 puto,
993 2875 1027 2908 eac
1041 2859 1087 2908 adu

137 2934 194 2982 deos
206 2933 312 2995 sactum.
336 2933 395 2980 adeo
410 2932 477 2993 edd,
491 2932 560 2994 quod
573 2946 623 2981 non
638 2933 762 2996 intelligo.
793 2931 978 2980 Conseetoneos
992 2932 1029 2978 ita
1043 2930 1087 2978 de·

135 3019 213 3061 mum,
227 3005 252 3052 si
265 3004 409 3065 persistant
427 3003 455 3050 in
473 3003 663 3065 oppugnatione
681 3001 787 3050 deorum
807 3000 890 3058 Rom,
912 3007 992 3050 morte
1006 3001 1088 3062 plecti

135 3073 217 3136 Impp.
228 3075 321 3122 uoluat.
346 3071 384 3134 Of.
395 3073 417 3132 ξ.
430 3083 450 3121 a.
497 3069 518 3134 ⁴)
532 3070 631 3120 Boron.
642 3072 706 3134 ipsos
717 3086 809 3134 quoqne
818 3070 849 3122 B.
865 3070 921 3119 edd.
937 3071 984 3133 ipsi
994 3084 1086 3133 quoque

141 3143 182 3192 Vi.
198 3144 250 3205 ipso
266 3156 358 3205 qnoque
378 3141 422 3190 Ve.
488 3139 509 3207 ⁵)
528 3141 638 3200 Quorum
653 3142 719 3189 illud
732 3143 759 3190 in
773 3141 882 3199 Arabio,
897 3141 945 3190 boc
960 3141 987 3188 in
1002 3141 1087 3189 insula

136 3214 171 3262 od
185 3212 369 3275 Propontidem
382 3210 564 3269 exercebatur,
580 3218 712 3274 utrumque
726 3211 839 3260 hobitum
857 3210 992 3272 letiferum.
1026 3209 1085 3257 Viri.

135 3285 277 3346 scriptores
296 3299 312 3331 α
328 3282 434 3332 Pitltoeo
453 3289 477 3330 et
490 3280 573 3330 Btum.
593 3282 628 3330 ad
645 3281 669 3330 lt.
689 3283 705 3329 l.
726 3281 852 3330 laudatos.
927 3275 946 3341 ⁶)
965 3277 1038 3338 Quod
1056 3277 1086 3326 ob

135 3355 326 3402 similitudinem
340 3353 410 3402 uocic
424 3352 454 3400 ob
469 3352 597 3402 secundare
608 3353 719 3414 periisse
730 3351 838 3400 uidetur.
861 3349 957 3397 festinet
971 3363 1005 3396 eac
1016 3347 1086 3397 Pata.

129 3425 168 3490 je.
183 3426 265 3486 suppl.
281 3423 337 3472 edd.
391 3419 411 3488 7)
425 3438 449 3470 o.
465 3432 587 3474 lea-295.
603 3429 631 3470 ut
645 3423 753 3470 uidetur.

207 3492 227 3555 ¹)
241 3493 315 3542 Haec
335 3494 437 3558 integra
455 3492 530 3541 babet
547 3491 578 3540 B.
643 3489 664 3555 ⁰)
682 3491 783 3541 Numer.
799 3501 837 3546 tt,
852 3499 934 3538 1-11.
1008 3483 1040 3552 ¹⁰)
1055 3486 1086 3536 B.

136 3564 273 3612 sacerdotes
292 3563 336 3612 Ve.
357 3563 398 3611 Vi.
414 3562 454 3611 ed.
469 3562 509 3610 Bt.
562 3559 594 3626 ¹¹)
609 3560 639 3609 B.
660 3561 704 3610 Ve.
720 3574 800 3609 coram
816 3560 860 3608 duo
880 3559 921 3608 Vi.
936 3558 975 3606 ed.
990 3556 1031 3607 Bl.
