2680 4112
486 245 545 282 obn
561 247 656 282 inscio.
674 228 696 280 Ι.
715 233 793 284 2-6.
1050 230 1113 296 173

152 379 290 435 Romanus
309 377 407 450 partim
423 391 473 432 suo
489 377 611 449 proprio,
627 377 722 448 purtim
739 376 874 432 communi
892 379 1011 434 omnium
1027 379 1114 436 ltomi·

151 479 219 520 num
243 463 302 516 iure
330 460 425 516 utitur.
452 475 521 532 quoe
546 459 652 533 singula
678 457 766 532 qualia
786 461 857 530 sint,
880 460 938 516 suis
959 461 1025 518 locis
1049 479 1112 536 pro·

151 561 297 621 ponemus.

218 627 248 687 2.
265 627 380 684 Constat
394 633 483 683 nutent
495 627 538 682 ius
549 629 631 684 civile
642 625 736 700 populi
748 620 871 684 Romani¹
881 643 914 684 ex
925 628 1043 703 legibus,
1056 629 1113 703 plc-

152 714 269 778 hiscitis
286 718 398 768 senatus
415 710 558 782 consultis,
576 709 818 768 constitutionibus
835 713 1000 786 principum,
1018 713 1113 772 edictis

154 812 263 866 eorum,
280 796 326 868 qui
342 796 384 850 ius
397 793 518 850 edicendi
530 794 639 859 babent,
651 795 789 868 responsis
802 794 982 868 prudentium.
1013 793 1043 855 3.
1059 795 1114 854 Len

154 889 214 950 cst,
241 877 315 953 quod
335 877 454 951 populus
475 876 550 934 iubet
570 887 651 950 utque
681 879 831 934 constituit.
866 878 1036 951 plebiscitum
1061 890 1112 950 est,

155 963 231 1037 quod
245 961 323 1038 plebs
338 958 417 1018 iubet
434 969 515 1034 nique
536 963 688 1018 constituit.
726 960 802 1035 plebs
824 969 941 1018 autema
963 964 1066 1037 populo
1080 981 1113 1020 eo

156 1049 255 1118 distat,
277 1044 350 1120 quod
373 1045 468 1119 populi
488 1045 669 1118 appellatione
689 1047 809 1102 uniuersi
828 1047 902 1102 ciues
917 1046 1114 1120 significantur,

155 1129 357 1188 connumeratis
379 1134 466 1186 etism
479 1131 614 1202 patriciis3
636 1128 722 1202 plebis
744 1137 833 1186 autem
854 1130 1037 1202 appellatione
1056 1131 1115 1187 sine

156 1215 277 1290 patriciis
293 1215 378 1270 ceteri
392 1215 467 1270 ciues
482 1211 686 1286 significantium
701 1212 772 1270 uude
788 1212 851 1270 oiim
864 1214 970 1287 patricii
980 1213 1114 1283 dicebant,

157 1297 305 1372 plebiscitis
327 1313 358 1354 sc
380 1313 436 1353 non
460 1299 559 1368 teneri,
583 1298 647 1370 quin
669 1299 726 1352 sine
748 1297 908 1354 auctoritate
931 1313 1025 1356 eorum
1048 1298 1115 1355 luctu

158 1389 267 1449 essent3
282 1380 329 1438 scd
343 1388 439 1454 postes
457 1383 462 1450 l
481 1379 524 1436 lex
534 1379 677 1436 Hortensio
692 1380 745 1436 leta
760 1389 812 1452 est,
829 1396 881 1454 quo
894 1391 1001 1438 cnutum
1017 1392 1068 1453 cst,
1085 1391 1115 1438 ut
1125 1404 1149 1452 2.

85 1475 149 1526 [198]
163 1464 300 1538 plebiscita
314 1466 469 1520 uniuersum
485 1464 614 1537 populum
630 1472 768 1522 tenerent:
790 1466 880 1537 itaque
902 1481 934 1522 eo
951 1465 1031 1522 modo
1047 1466 1115 1538 legi·

162 1547 216 1604 bus
230 1556 373 1620 exaequata
386 1557 463 1604 suot.
492 1544 520 1605 4.
541 1549 654 1604 Senatus
669 1547 824 1606 consultum
840 1557 897 1618 est,
914 1549 988 1622 quod
1003 1559 1114 1606 senatus

159 1631 237 1688 iubet
259 1638 338 1704 etque
360 1633 518 1708 constituit;
541 1631 622 1704 idque
644 1631 712 1706 legis
736 1633 821 1690 uicem
844 1634 964 1706 optinet,
992 1634 1114 1706 quamuis

156 1716 242 1774 luerit
257 1717 421 1788 quaesitum.
447 1711 476 1774 5.
491 1713 656 1772 constitutio
668 1718 795 1790 principis
812 1724 863 1786 est,
880 1716 953 1790 quod
968 1719 1116 1790 imperator

156 1799 270 1858 docrem
287 1799 332 1856 ucl
353 1799 441 1856 edicto
457 1799 502 1856 uel
516 1798 632 1873 epistula
647 1801 797 1858 constituit.
826 1814 877 1856 neo
898 1815 1022 1872 umquam
1038 1799 1115 1856 dubi·

157 1892 247 1940 tatum
263 1891 316 1954 est,
339 1885 403 1956 quin
425 1881 452 1938 id
474 1883 542 1956 legis
557 1883 644 1946 uicem
660 1886 791 1956 optinent,
814 1897 874 1938 cum
895 1884 954 1955 ipse
969 1885 1116 1956 imperator

156 1983 209 2042 per
228 1967 319 2041 legem
338 1968 479 2039 imperium
500 1967 620 2039 accipiet.
664 1961 693 2022 6.
715 1965 841 2040 ’lEdicta
867 1973 934 2022 sont
951 1974 1115 2038 praecepta

159 2068 269 2121 eorum,
287 2054 338 2124 qui
351 2055 396 2108 ius
411 2052 541 2108 edicendi
554 2043 699 2125 babent.)²
715 2049 756 2106 ius
773 2058 863 2106 autem
879 2047 1001 2105 edicendi
1018 2047 1116 2106 habent

235 2215 257 2284 ¹)
276 2217 383 2268 Retinui
400 2233 435 2266 esc
453 2218 491 2266 ed.
507 2229 542 2276 9.,
561 2233 617 2266 cum
636 2217 682 2265 iuri
701 2217 767 2264 ciuili
785 2217 809 2265 b.
828 2218 845 2264 l.
864 2223 954 2280 operte
972 2222 1117 2278 opponatur

157 2305 231 2340 omne
254 2290 291 2337 ius
313 2303 358 2352 quo
379 2288 467 2336 utimur
485 2290 508 2349 ξ.
529 2299 549 2338 8.
569 2295 593 2336 et
611 2288 645 2348 cf.
665 2285 760 2336 Isidos.
781 2301 819 2336 or.
839 2297 861 2350 5,
879 2297 905 2344 9,
926 2297 946 2336 8.
966 2293 1076 2334 coustant
1094 2293 1118 2335 st

158 2357 263 2427 (sutem)
279 2360 330 2408 iura
339 2371 369 2421 pr
383 2357 410 2406 V
410 2354 431 2391 ‘i
444 2357 501 2407 edd.
512 2359 563 2406 iura
570 2359 651 2420 facto,
667 2365 694 2406 ot
703 2357 866 2420 posidonius
880 2357 896 2406 ο·
904 2373 910 2417 ;
925 2371 983 2405 nom
994 2357 1044 2404 iura
1055 2371 1077 2420 p.
1089 2355 1115 2404 it.

154 2433 259 2496 partim
273 2431 350 2478 ctiam
363 2429 431 2478 iuris
447 2429 561 2493 pontium
574 2435 646 2486 sunt,
665 2429 709 2477 cni
722 2427 764 2477 bic
779 2429 851 2477 locus
868 2441 919 2477 non
934 2433 979 2475 est.
1007 2433 1117 2476 constant

160 2509 242 2550 autem
256 2501 308 2548 iuro
327 2498 461 2564 (propria)
479 2499 519 2547 ed.
538 2514 593 2548 meo
606 2511 626 2548 1.
654 2505 747 2547 constat
765 2505 844 2546 sutem
863 2499 899 2546 ius
919 2497 1059 2546 Romanum
1077 2497 1116 2546 ed.

162 2571 213 2636 Bp.
227 2581 247 2622 5.
280 2575 391 2618 constant
405 2607 411 2618 .
427 2606 433 2618 .
448 2570 499 2617 iuro
518 2576 599 2617 nostru
618 2570 649 2630 ej.
669 2567 776 2617 Bremer
797 2566 838 2632 (de
861 2567 916 2630 top.
936 2569 1015 2616 instit.
1028 2583 1054 2630 p.
1070 2565 1115 2631 48).

165 2637 330 2706 ¹)Suppleui
349 2640 561 2688 adsentiendum.
599 2638 676 2688 Hanc
697 2640 763 2687 enim
784 2638 925 2688 edictorum
945 2638 1117 2700 definitionem

160 2794 186 2854 ξ.
198 2802 234 2842 11.
244 2789 267 2838 Ι.
276 2791 313 2838 iit.
323 2791 366 2839 cit.
375 2803 435 2854 quoe
442 2783 546 2856 singula]
556 2789 572 2837 i.
581 2803 602 2838 c.
613 2803 678 2852 quae
687 2789 938 2852 singulapraecepta
945 2803 979 2836 on
987 2787 1041 2835 siue
1050 2787 1118 2834 iuris

158 2862 278 2928 pontium
296 2861 350 2909 siue
368 2861 436 2908 iuris
454 2861 540 2910 civilis
558 2861 610 2908 sint
628 2866 674 2908 etc.
701 2857 739 2920 Cf.
759 2869 779 2914 1,
794 2869 828 2908 58.
843 2867 876 2910 55.
892 2869 925 2908 to.
940 2869 974 2908 88.
989 2869 1022 2907 89.
1033 2867 1067 2907 84.
1082 2867 1117 2907 88.

160 2944 199 2984 89.
214 2942 262 2983 tos.
278 2941 324 2982 119.
340 2941 386 2980 189.
402 2940 510 2980 199199.
530 2941 550 2992 s,
565 2939 591 2980 cs
604 2943 655 2992 seq.
671 2939 704 2980 ie.
724 2939 744 2985 9,
759 2939 792 2978 99.
808 2939 855 2978 131.
870 2929 931 2978 154.
992 2922 1017 2994 9.
1033 2929 1057 2977 8.
1079 2927 1117 2988 Cf.

161 3005 189 3064 §-
204 3000 263 3054 81.
283 3003 321 3050 tit.
341 3003 384 3050 cit.
400 2999 431 3048 L.
452 3009 471 3050 t.
483 3015 526 3064 pr.
542 2999 574 3047 D.
590 2999 627 3048 tit.
648 3001 690 3048 cit.
713 2998 764 3046 Cic.
788 2997 848 3060 Top.
864 3008 884 3055 5,
899 3009 932 3048 88.
988 2993 1012 3066 ξ.
1029 2999 1053 3046 3.
1079 2996 1117 3058 Cf.

162 3075 189 3134 §-
203 3084 225 3124 4.
241 3071 264 3120 Ι.
279 3071 311 3120 de
325 3073 383 3119 iure
397 3077 449 3118 nat.
465 3069 496 3134 (1,
511 3069 533 3130 9)
548 3069 608 3134 ibiq.
623 3067 764 3118 Schrader.
810 3065 834 3136 ξ.
851 3071 875 3118 4.
897 3068 935 3131 Cf.
951 3069 974 3129 ἓ.
989 3077 1010 3118 5.
1025 3065 1046 3115 Ι.
1063 3067 1118 3116 eod.

162 3143 234 3194 Lo.
249 3141 392 3206 D.dele9.
407 3139 454 3189 SC,
469 3139 499 3203 (1,
514 3138 545 3205 8).
600 3135 625 3207 ᾗ.
642 3141 666 3190 5.
688 3139 725 3201 Cf.
741 3140 764 3199 ἓ.
781 3150 801 3189 5.
817 3139 839 3187 Ι.
854 3139 886 3188 dc
900 3141 958 3187 iure
972 3143 1024 3186 nol.
1041 3137 1072 3201 (1,
1086 3135 1118 3200 9).

162 3209 190 3280 ξ.
206 3215 231 3264 6.
256 3211 294 3275 Of.
313 3213 337 3274 ἕ.
352 3223 371 3262 t.
388 3210 411 3266 I.
426 3211 482 3260 eod.
500 3211 551 3260 Cic.
574 3211 609 3259 cd
622 3209 701 3258 Attio.
721 3221 741 3267 o,
761 3221 781 3259 1.
800 3211 823 3270 ξ.
839 3219 871 3259 15.
909 3204 1060 3273 quaestores]
1081 3207 1119 3254 De

163 3298 254 3332 eorum
264 3281 445 3331 iurisdictione
455 3281 489 3344 cf.
503 3281 553 3330 Cic.
565 3281 643 3330 divin.
655 3291 687 3330 1⁷.
699 3281 721 3340 5.
732 3287 765 3330 55.
784 3277 869 3329 Sclzol.
885 3280 921 3328 ad
931 3279 982 3328 otc.
994 3278 1073 3325 divin.
1085 3286 1118 3327 15.

162 3355 189 3415 §-
203 3365 239 3404 48.
258 3369 333 3418 quam
342 3352 484 3416 delegatam
494 3351 621 3400 aedilibus
632 3349 790 3400 Cirtensibus
800 3351 827 3398 in
838 3350 978 3413 prouincia
989 3346 1118 3403 Numidia,

163 3439 241 3489 quom
254 3431 377 3490 quaestor
386 3424 553 3486 proconsulis
563 3422 672 3485 Africae
683 3435 733 3469 non
745 3421 827 3482 focile
836 3419 933 3475 adibat,
948 3430 1119 3480 1155558959-

163 3496 246 3544 vimus
263 3510 298 3546 ex
318 3493 416 3542 Renier
434 3492 457 3542 Ι.
477 3492 509 3542 Α.
528 3503 588 3544 8195.
607 3491 652 3558 (τι
669 3489 867 3540 Orelli-Henzcn
888 3486 959 3552 8855.)
980 3496 1039 3536 1859.
1059 3496 1118 3536 1889.

163 3577 300 3619 81988149.
317 3573 379 3618 2³25.
