2700 4118
340 269 683 308 nou1r11vnr1nu1nnaeu.
703 253 787 308 XXII.
807 261 902 310 e-ta.
1028 257 1091 324 597

139 408 242 457 certum
265 415 364 472 corpus
386 407 443 470 est,
473 407 501 456 et
522 415 610 473 neque
632 413 742 458 cernere
767 403 903 474 uniuersi,
931 419 1019 478 neque
1040 421 1093 479 pro

139 483 238 540 herede
260 499 364 556 perere
378 491 507 556 possunt,
537 493 567 540 ut
588 483 701 540 heredes
724 483 803 540 liant:
832 494 940 542 senatus
967 488 1093 546 consulto

141 577 228 624 tamen
243 583 402 622 eoncessum
418 575 474 633 est,
498 576 528 623 ut
544 584 558 623 a
572 567 677 624 libertis
699 570 754 626 suis
776 568 887 626 heredes
897 572 1013 626 :institui
1029 587 1091 644 pos·

140 653 204 708 sint.
236 650 288 706 Sed
303 648 508 708 fideicommissa
524 652 657 708 hereditas
673 650 850 724 municipibus
861 656 969 709 restitui
986 663 1093 727 potest;

139 725 279 807 'denique¹
293 734 345 790 hoc
355 743 465 791 senatus
478 735 603 791 consulto
615 739 851 809 prospectum'est.
873 733 902 794 6.
919 731 1002 794 ²ileos
1014 738 1091 794 here·

140 818 187 874 des
202 819 344 874 instituere
360 834 414 874 non
430 834 573 890 possumus
589 827 772 892 praetereas,
794 835 863 891 quos
883 819 1005 876 ’senatus
1026 836 1092 877 corr·

140 894 241 958 suitis³
269 901 546 960 constitutionibusue
576 904 727 976 principum
759 905 902 959 instituere
934 919 1092 960 concessum

140 996 196 1056 est,
218 987 297 1042 sicuti
318 985 408 1042 ionem
424 985 586 1059 Tarpeium,
607 986 758 1058 Apollinem
780 986 956 1060 Didymaeum
973 980 1093 1056 ’hiiieti‚⁴

140 1069 249 1125 hiertam
271 1071 298 1124 in
314 1068 413 1139 Gallia,
436 1070 582 1126 Mineruam
602 1070 740 1140 diensem,
763 1069 904 1126 Herculem
924 1070 1093 1140 Gaditanum,

139 1154 247 1209 Dianam
263 1151 393 1224 Elesiam‚
408 1151 519 1210 Matrem
534 1153 645 1209 deorum
661 1149 851 1226 ’Sipylenem,⁵
874 1171 942 1227 quae
957 1154 1092 1228 Smyrnae

140 1238 258 1308 colitur,
278 1243 305 1291 et
321 1235 474 1292 Caelestem
488 1237 616 1294 ’Selenen
632 1237 711 1294 deam
727 1231 920 1312 Carthaginis.⁶
1008 1281 1010 1286 ,

204 1312 244 1376 ⁷⁷.
266 1318 368 1374 Seruos
395 1319 509 1377 heredes
536 1323 678 1377 instituere
706 1338 865 1394 possumus,
895 1329 1005 1378 nostros
1032 1336 1092 1378 cum

141 1402 281 1472 libertate,
305 1400 407 1457 alienos
427 1406 485 1460 sine
504 1403 642 1474 libertate,
664 1421 819 1462 communes
835 1422 895 1462 eum
910 1406 1034 1464 libertate
1049 1404 1093 1462 uel

141 1484 202 1542 sine
214 1485 350 1546 libertate,
395 1483 423 1542 8.
448 1481 526 1542 ⁸ilurn
543 1505 666 1558 seruum,
682 1491 728 1561 qui
744 1497 848 1546 tautum
863 1491 891 1544 in
906 1489 983 1546 honis
999 1497 1094 1546 noster

142 1577 199 1640 est,
223 1585 274 1626 nec
294 1585 354 1627 oum
374 1568 498 1629 libertate
520 1571 646 1630 heredem
668 1573 810 1630 instituere
825 1566 829 1650 i
847 1587 1008 1646 possumus,
1032 1561 1198 1648 qura198³i³

141 1653 311 1710 Latinitatem
333 1658 522 1730 consequitur,
552 1656 623 1729 quod
653 1671 707 1710 non
729 1655 836 1728 proficit
858 1655 891 1711 ad
918 1657 1093 1712 hereditatem

140 1737 303 1811 capiendam.
348 1734 376 1795 9.
402 1733 525 1797 ⁹hiienos
545 1755 640 1796 seruos
660 1739 771 1794 heredes
787 1739 930 1794 instituere
950 1753 1094 1811 possumus

141 1839 187 1878 eos
203 1829 324 1892 tantum,
345 1828 460 1896 quorum
479 1839 538 1879 cum
554 1822 671 1878 dominis
687 1823 838 1878 testamenti
856 1821 999 1876 factionem
1014 1819 1094 1876 hahe-

140 1923 210 1962 mus.
253 1901 300 1961 10.
325 1899 510 1962 ¹⁰Comrnunis
539 1921 635 1960 seruus
657 1921 718 1959 eum
746 1904 870 1960 libertate
891 1909 965 1958 recte
988 1903 1094 1975 quidem

140 1989 220 2058 heres
247 1989 399 2043 instituitur
425 1991 501 2062 quasi
529 1989 656 2061 proprius
679 1987 737 2058 ’pro
764 1995 842 2060 parte
869 1980 1014 2053 nostra;¹¹
1036 1988 1093 2042 sine

141 2069 264 2125 lihertate
280 2078 369 2136 auteur
386 2073 462 2144 quasi
483 2071 586 2136 alienus
601 2076 714 2142 propter
728 2072 793 2125 socii
809 2078 921 2142 partem.
966 2066 1006 2125 11.
1028 2069 1093 2124 Pro·

69 2168 129 2217 [sos]
141 2155 217 2226 prius
233 2169 329 2208 seruus
344 2169 405 2209 oum
420 2153 542 2210 libertate
558 2154 637 2208 heres
650 2154 790 2208 institutus
806 2155 830 2210 si
842 2151 948 2224 quidem
959 2155 986 2208 in
1002 2153 1093 2208 eadem

142 2253 220 2292 eausa
235 2238 427 2310 permanserit,
443 2253 474 2292 er
491 2244 652 2292 testamento
667 2235 735 2293 liber
750 2245 777 2292 et
793 2237 872 2292 heres
888 2234 933 2306 iit,
950 2235 978 2291 id
994 2244 1036 2292 est
1047 2251 1094 2291 ne·

142 2322 289 2392 cessarius3
334 2313 405 2399 [12¹]
429 2320 502 2394 quod
517 2320 587 2376 siah
603 2321 663 2393 ipso
679 2329 810 2376 testatore
825 2321 936 2376 uiuente
951 2321 1093 2375 manumis-

142 2421 188 2459 sus
204 2403 248 2458 uel
264 2403 394 2458 alienatus
409 2407 456 2478 sit,
476 2421 526 2460 suo
542 2403 651 2459 arbitrio
668 2405 711 2460 uel
726 2406 802 2460 iussu
817 2405 946 2477 emptoris
962 2402 1093 2459 heredita·

142 2495 196 2543 tem
212 2486 284 2542 adire
299 2495 401 2559 potest.
445 2487 494 2544 sed
509 2491 532 2544 si
546 2489 604 2543 sine
619 2487 743 2544 libertate
758 2489 794 2543 sit
808 2489 966 2559 institutus,
984 2488 1092 2543 omnino

216 2685 236 2755 ¹)
251 2689 342 2738 Malim
356 2690 440 2753 deque.
493 2687 513 2756 ²)
529 2691 568 2754 Cf.
578 2691 629 2740 Dio
640 2701 674 2749 55,
684 2702 703 2740 2.
726 2691 802 2752 Corp.
812 2692 891 2740 inser.
905 2689 949 2740 Gr.
960 2701 1020 2741 8288.
1031 2699 1092 2741 8885.

142 2771 201 2811 8888.
216 2770 277 2810 2824.
291 2771 352 2812 2828.
363 2773 423 2812 2848.
434 2772 494 2812 2848.
516 2761 571 2812 Fal.
582 2777 611 2824 p.
621 2773 660 2812 889
670 2777 721 2824 seq.
768 2756 788 2824 ⁸)
805 2761 1018 2810 senatusconsulto
1034 2761 1092 2809 Vae.

141 2831 198 2880 edd.
255 2827 275 2894 ⁴)
290 2831 335 2880 Eae
350 2831 500 2882 Mommseaa'
514 2834 546 2894 ej.
562 2833 633 2880 sicuti
653 2831 710 2880 Vat.
725 2832 782 2880 edd.
808 2830 846 2894 Cf.
863 2831 915 2880 FlI.
931 2847 959 2894 p.
975 2841 1021 2882 889.

142 2898 164 2966 ⁶)
178 2901 316 2964 sipelensim
336 2901 394 2951 Vat.
415 2901 562 2964 Sipylensem
580 2903 620 2951 ed.
634 2901 683 2966 Bp.
710 2901 747 2965 Cf.
764 2900 819 2950 FlI.
834 2903 850 2950 i.
867 2917 888 2952 c.
953 2897 975 2966 ⁶)
990 2901 1093 2950 salinen-

141 2985 192 3020 sem
210 2973 355 3033 carthaginis
380 2971 437 3022 Vat.
457 2973 497 3022 ed.
515 2972 564 3038 Bp.
592 2972 629 3036 Cf.
645 2972 789 3022 Herodian.
804 2981 825 3030 5,
839 2983 859 3023 8.
880 2971 934 3020 FiI.
950 2973 966 3020 l.
982 2987 1004 3021 e.
1024 2971 1093 3020 Sido·

140 3055 239 3090 nensem
249 3041 354 3092 Laeliae.
365 3045 397 3105 qp'.
409 3044 485 3091 etiam
499 3058 530 3092 ea
541 3043 575 3092 de
589 3058 669 3092 causa
682 3043 834 3100 reiicieada,
850 3042 918 3106 qaod
927 3057 973 3091 nee
983 3043 1093 3104 proprie

140 3111 204 3161 haee
219 3112 268 3160 dea
281 3114 321 3162 εἰσ
335 3112 515 3175 appellabatur
529 3120 555 3162 et
566 3115 680 3176 euspicio
694 3114 753 3162 inde
768 3119 894 3170 oreretur,
910 3114 984 3176 quasi
997 3111 1094 3162 Sidone

140 3180 180 3247 (at
198 3182 318 3232 Minerva
332 3181 379 3232 Ilii
392 3181 451 3247 ete.)
470 3183 518 3233 doc
535 3185 701 3248 priviiepiam
711 3183 829 3244 ¹haberet.
863 3183 931 3231 deam
946 3181 1094 3242 Carthaginis

136 3267 189 3314 pro
204 3251 339 3314 Carthagini
354 3251 398 3318 (cf.
416 3253 470 3302 FiI.
486 3255 503 3302 l.
518 3251 552 3318 e.)
567 3269 635 3303 nanc
649 3269 680 3302 ea
693 3256 802 3304 maxime
817 3254 848 3302 de
863 3267 947 3302 caasa·
958 3252 1093 3314 praefero,

141 3323 210 3386 qaod
228 3323 353 3386 Ulpianus
367 3325 473 3372 variare
488 3325 629 3374 orationem
644 3331 712 3374 amat
726 3331 750 3373 et
763 3323 832 3387 qaod
844 3322 893 3371 hoa
907 3336 998 3370 namen
1017 3335 1094 3382 saepe

137 3395 247 3456 proprie
262 3395 311 3443 dea
325 3401 498 3456 nuncapatur.
550 3391 569 3458 7)
584 3394 628 3443 Ad
641 3396 678 3456 ἐξ.
690 3405 770 3444 5-18.
787 3393 821 3455 cf.
835 3391 891 3440 Gai.
902 3401 973 3449 2,185
986 3405 1036 3454 seq.
1048 3405 1092 3453 pr.

141 3465 179 3524 §5-
191 3475 259 3514 1—e.
279 3463 301 3512 Ι.
317 3464 349 3513 de
363 3464 451 3512 hered.
466 3467 524 3512 inst.
540 3463 571 3528 (a,
582 3463 625 3529 14).
672 3461 693 3528 ⁸)
710 3464 748 3526 Cf.
759 3462 801 3514 lih.
812 3475 891 3510 meum
903 3457 1007 3509 ‘Caius'
1019 3475 1048 3522 p.
1059 3470 1092 3511 58.

142 3529 163 3594 ⁹)
182 3533 220 3594 Of,
235 3533 267 3581 h.
282 3545 307 3584 m
318 3549 362 3596 pr.
378 3534 409 3583 h.
426 3544 459 3584 oa.
479 3534 510 3582 D.
527 3535 559 3583 de
573 3535 626 3583 her.
643 3536 701 3582 inst.
717 3532 761 3596 (se,
776 3532 807 3596 5).
861 3527 893 3596 10)
911 3531 948 3594 Os.
959 3530 990 3578 Ι..
1001 3543 1022 3582 a.
1038 3532 1061 3592 §.
1072 3542 1092 3582 s.

140 3629 176 3638 -
190 3603 222 3650 L.
233 3615 254 3654 8.
269 3603 301 3652 D.
317 3602 350 3656 to.
363 3603 439 3653 Paci.
450 3616 471 3662 8,
481 3617 502 3655 8.
517 3606 540 3664 ξ.
551 3615 570 3655 8.
621 3600 654 3667 ¹¹)
663 3603 752 3652 Malim
766 3608 865 3666 propter
878 3609 970 3664 partem
979 3609 1093 3670 nostram.
