2680 4118
523 197 558 233 os
576 196 737 234 vsrravcrv.
1041 179 1099 243 747

151 331 190 387 ris
206 329 325 385 extranei
340 325 490 385 heredesi’
523 320 615 403 ’(Et)¹
637 327 690 399 ait,
713 335 740 384 et
755 325 825 384 iiiios
843 344 893 402 pro
908 325 1044 402 legatariis
1059 330 1104 386 ha·

151 411 270 484 hendos,
292 419 321 468 et
336 411 436 468 mortui
451 419 556 484 partem
571 411 754 467 interituram:
778 413 931 468 Aristonem
953 421 1042 469 autem
1060 411 1105 469 ad·

152 503 259 566 notare,
274 495 340 553 haec
354 509 419 551 uera
434 509 505 552 esse.
543 502 571 551 et
585 502 650 550 sunt
665 509 738 550 uera.

215 575 266 636 89.
299 572 378 650 ²Ufp.
399 576 433 634 ad
454 576 581 634 Sabinum
604 575 648 633 lib.
671 569 772 636 'iiiii³
815 578 850 634 fic
871 577 919 634 illo
941 577 1105 652 Pomponius

153 661 268 733 dubitat,
292 663 315 718 si
330 661 475 735 fugitiuus,
490 662 516 717 in
532 677 587 734 quo
604 660 776 718 ususfructus
792 677 867 717 mens
882 671 935 732 est,
956 662 1107 735 stipuletur

153 744 271 820 aliquid,
293 745 338 802 uel
360 738 527 818 ’mancipio⁴
549 745 676 818 accipiat,
704 761 736 800 an
760 760 808 818 per
830 745 882 801 hoc
903 746 1008 819 ipsum,
1030 747 1106 820 quasi

153 838 225 900 utar,
236 829 365 885 retineam
378 828 585 886 usumfructum.
612 830 753 902 magisque
765 827 892 899 admittit,
904 829 1025 885 retineri.
1046 843 1107 886 nam

153 928 236 987 saepe
251 913 355 970 etiamsi
370 910 559 987 praesentibus
581 913 667 968 seruis
689 927 744 968 non
767 919 883 983 utamur,
906 920 994 968 tamen
1016 927 1108 968 usum·

154 997 273 1054 fructum
287 997 446 1068 retinemus,
470 1005 499 1051 ut
514 1003 580 1069 puta
594 1003 752 1068 aegrotante
766 1011 857 1066 seruo,
880 989 973 1072 ’fuci)⁵
994 995 1107 1067 infante,

152 1083 229 1138 cuius
245 1095 344 1154 operae
358 1078 448 1136 nullae
458 1087 533 1150 sunt,
549 1078 593 1136 uel
604 1079 725 1136 deiectae
737 1079 884 1135 senectutis
900 1079 1016 1135 homine.
1047 1093 1107 1134 nam

153 1173 182 1221 et
197 1165 220 1220 si
235 1179 329 1236 agrum
350 1177 472 1233 aremus,
495 1161 558 1219 licet
573 1171 627 1218 tam
647 1162 746 1218 sterilis
763 1163 814 1232 sit,
837 1170 867 1218 ut
889 1163 979 1220 nulfus
1002 1162 1108 1218 fructus

153 1254 292 1316 nascatur,
306 1248 455 1304 retinemus
467 1238 700 1302 'usumfructum.⁶
721 1245 837 1302 lulianus
851 1255 938 1302 tamen
950 1245 995 1308 lib.
1008 1245 1106 1302 XXXV.

155 1330 215 1402 [fig.
228 1329 331 1399 scribit,
349 1329 519 1385 etiamsinon
535 1329 683 1402 stipuletur
698 1331 764 1402 quid
777 1344 874 1386 seruus
890 1330 1022 1404 fugitiuos
1037 1331 1108 1386 intra

155 1427 268 1483 annum,
297 1412 466 1486 mancipioue
493 1414 620 1487 accipiat,
649 1421 738 1470 tamen
764 1415 875 1471 retineri
901 1414 1107 1470 usumfructum.

155 1493 229 1552 ‘nam
252 1512 304 1569 qua
326 1493 454 1568 ratione’‚
477 1497 574 1570 inquit,
600 1496 745 1552 ‘retinetur
767 1513 780 1552 a
802 1500 976 1570 proprietatis
1000 1497 1108 1554 domino

82 1593 144 1646 [ase]
154 1581 303 1655 possessio,
324 1581 428 1636 etiamsi
442 1583 469 1636 in
484 1580 549 1655 fuga
564 1594 661 1638 seruus
676 1581 722 1651 sit,
743 1581 801 1654 pari
816 1583 921 1638 ratione
936 1584 1016 1638 etiam
1031 1596 1109 1637 usus·

153 1665 260 1722 fructus
274 1679 330 1722 non
348 1662 504 1724 amittitur!

216 1743 269 1806 90.
291 1790 300 1806 .
317 1789 324 1803 .
340 1790 349 1805 .
365 1740 430 1805 ⁷tib.
446 1747 467 1804 f.
482 1747 516 1803 de
531 1746 690 1820 interdictis,
714 1745 861 1802 subtituto
897 1746 939 1802 ‘ln
961 1761 1038 1818 eum,
1060 1748 1106 1820 qui
1117 1757 1215 1834 {Ei'ssp

153 1833 307 1908 legatorum
321 1833 439 1900 nomine,
455 1845 511 1887 non
526 1829 666 1885 uoluntate
677 1830 745 1895 eius,
762 1831 806 1884 cui
817 1827 949 1885 bonorum
963 1831 1106 1902 possessio
1116 1826 1213 1878 ritiov-

153 1917 215 1972 data
231 1916 298 1986 crit,
317 1910 490 1988 possidebit!
528 1912 556 1968 Si
571 1913 715 1967 usufructu
730 1911 819 1983 legato
835 1912 981 1986 legatarius
996 1912 1109 1969 fundum

154 2004 268 2053 nanctus
289 1997 339 2066 sit,
362 1993 427 2052 'non
442 1989 586 2069 competit⁸
608 1995 780 2051 interdictum
802 1996 931 2052 aduersus
947 2011 1026 2066 cunr,
1048 1997 1110 2070 quia

153 2095 210 2136 uon
225 2078 348 2153 possidet
360 2076 489 2152 legatum,
505 2078 552 2135 sed
566 2079 659 2152 potius
674 2078 783 2140 fruitur.
813 2078 876 2136 fnde
891 2088 922 2136 ut
937 2080 1109 2136 interdictum

153 2176 409 2222 vr1ross1osr1s
432 2162 498 2218 utile
518 2162 571 2219 hoc
591 2163 699 2218 nomine
722 2164 886 2236 proponitur
902 2159 947 2237 (et)
968 2177 1109 2232 rnorem,

155 2248 287 2320 quianon
302 2244 435 2320 possidet,
452 2242 555 2320 (etiam)
573 2239 654 2301 utile⁹
676 2245 765 2315 datur,
789 2245 862 2318 quod
878 2239 999 2302 tolitcr¹⁰
1021 2247 1110 2302 conci·

154 2329 281 2404 piendum
303 2336 359 2386 est:
384 2344 468 2394 onon
486 2345 529 2388 ns
549 2342 602 2388 ms
622 2343 714 2388 sorus
735 2344 853 2388 uoueri
872 2346 990 2388 nostrum
1005 2343 1109 2388 roser-

154 2427 227 2484 oss,
243 2428 391 2480 ovonovn
406 2429 517 2472 vrnnrs
532 2427 673 2483 resume,
696 2427 844 2478 ovonovn
859 2428 943 2472 mono
958 2428 1042 2472 usuc
1057 2429 1109 2470 rs·

155 2511 250 2567 unsri,
268 2510 426 2561 uvonrnvs
441 2510 644 2566 resalutamus,
659 2511 815 2554 vrnnrnrs
830 2490 1040 2556 rnvunsnrs.¹¹

228 2679 248 2750 ¹)
262 2683 308 2733 Ex
321 2683 382 2748 Dip.
396 2684 520 2747 supplevi.
574 2679 594 2748 ⁸)
609 2682 656 2733 Est
669 2683 702 2733 L.
717 2693 750 2736 12.
766 2685 788 2746 ξ.
803 2694 824 2734 a.
843 2683 875 2732 D.
890 2683 922 2732 de
937 2684 1020 2747 ususr.
1035 2682 1068 2749 (t,
1077 2683 1108 2750 1).

155 2750 177 2820 ⁸)
191 2753 236 2804 Em
250 2755 310 2820 Dip.
326 2753 382 2802 xvt.
403 2753 461 2803 Vat.
476 2753 516 2804 ed.
531 2753 624 2802 Hollao.
689 2750 711 2818 4)
725 2753 869 2817 mancipium
888 2753 947 2804 Vat.
961 2754 1000 2803 ed.
1015 2753 1109 2805 Holtw.

155 2823 176 2960 33
191 2825 236 2946 'ix
249 2819 504 2946 iactitat-,i
519 2823 651 2943 'iiiiii
664 2823 1102 2944 fittit⁰ttttt“itt“ta

153 2911 268 3015 nostrss'm
283 2966 371 3028 praef.
437 2961 458 3030 ⁸)
472 2930 518 3014 Sti
532 2979 566 3013 ear
585 2964 612 3014 V
613 2962 633 3013 f.
648 2965 688 3014 ed.
704 2930 818 3016 Momms.
834 2931 1023 3027 competit'Vat.
1044 2935 1110 3014 com:

153 3036 214 3098 petit
228 3033 310 3099 (utile)
325 3035 364 3084 ed.
375 3035 469 3085 Hottw.
516 3031 538 3100 ⁹)
555 3033 628 3084 Nunc
639 3034 812 3085 demoratione
823 3051 898 3084 onom
908 3035 1045 3097 periodum
1055 3049 1109 3084 esse

154 3105 210 3153 vidi
217 3118 320 3168 comque
327 3104 383 3166 feci
392 3103 529 3154 scribendo
540 3104 595 3152 Inda
606 3110 633 3152 ut
640 3102 707 3169 (inde
716 3111 739 3153 et
749 3105 773 3154 V
773 3113 807 3155 at.
815 3112 840 3154 et
849 3105 889 3156 ed.
897 3120 952 3154 meo
962 3107 1110 3153 alteroccam

154 3172 258 3239 ceteris)
267 3179 358 3236 etpost
367 3174 458 3236 possid.
467 3181 491 3221 et
498 3173 616 3224 addendo
625 3176 758 3236 oetpotias
764 3175 918 3239 pominondo
927 3181 958 3222 et.
966 3172 1010 3237 (=
1019 3171 1108 3236 etium).

157 3242 190 3310 ¹⁰)
205 3243 251 3294 Sic
265 3258 335 3293 nunc
348 3245 453 3326 scripsi.
483 3243 522 3306 Os.
537 3243 569 3292 L.
585 3256 605 3294 1.
620 3245 644 3305 ἓ.
658 3255 678 3294 8.
694 3245 726 3292 l).
742 3245 811 3308 quod
824 3246 872 3325 lep:
888 3241 933 3306 (ta,
947 3241 979 3322 a).
999 3241 1031 3290 In
1051 3241 1109 3290 Vat.

149 3315 377 3447 iiiiii?
392 3312 1002 3446 titittttttttt·tiittitttttit
1015 3311 1109 3430 itti

158 3453 231 3512 Quod
241 3455 333 3504 Hoitao.
345 3454 498 3518 proposuit:
513 3449 585 3502 ‘Utile
600 3459 684 3502 autem
698 3452 862 3502 interdictum
875 3451 943 3514 quod
956 3447 1108 3516 lepotorum’

153 3525 264 3586 spatium
279 3525 389 3573 excedit.
414 3523 471 3572 utiie
486 3523 567 3572 datur.
597 3521 714 3572 Videlicet
731 3522 770 3572 ed.
787 3521 900 3571 Momms.
974 3517 1007 3587 ¹¹)
1021 3527 1109 3578 cetera,
