2672 4112
249 231 291 290 48
590 239 617 275 tt.
637 237 747 274 eveum
765 237 865 273 cremo.

248 365 336 441 quod
357 367 495 440 praesit
509 363 738 421 caerimoniis
753 371 786 418 et
800 365 924 426 sacris,
941 361 1105 434 alterum,
1120 364 1213 438 qued

247 453 510 524 interpretetur
542 446 772 504 fatidicorum
799 454 834 503 et
861 448 992 502 uatium
1020 445 1132 504 celata
1158 450 1212 504 in·

247 535 404 608 cognita,
438 547 581 608 quorum
609 539 749 586 senatus
776 530 999 604 populusque
1026 532 1211 588 aeeiuerit:

247 621 464 691 interpretes
493 623 603 672 autem
625 614 721 672 louis
744 614 866 688 optimi
887 615 1047 676 maxumi.
1069 614 1212 687 publici

248 717 411 774 augures,
442 701 560 774 signis
597 706 632 754 et
667 699 838 772 auspiciis
874 705 1015 771 postera
1051 697 1211 770 uidente,

248 784 472 858 disciplinam
501 789 663 851 tenent03
698 779 744 840 21.
771 781 1066 853 sacerdotesque,
1094 783 1214 838 uineta

249 871 458 942 uirgetaque
479 874 513 923 et
534 866 681 922 salutem
704 865 1060 939 popuii'augurant03
1081 867 1212 939 quique

249 959 353 1027 agent
374 967 445 1007 rem
466 947 582 1006 duelli
608 951 738 1023 quique
765 941 1064 1023 propopulrrem¹,
1093 951 1212 1023 auspi·

250 1038 337 1094 cium
365 1040 613 1109 praemonente
640 1032 777 1106 oilique
805 1040 1085 1106 optemperanto;
1113 1031 1213 1090 diue·

248 1135 390 1192 rumque
410 1119 483 1174 iras
504 1115 716 1191 prouidento
731 1117 850 1188 sisque
872 1124 1083 1190 apparente,
1106 1115 1214 1174 caeli·

249 1219 314 1279 que
328 1202 467 1276 fulgere
488 1199 799 1274 regionibnsretis
819 1206 1056 1274 temperante,
1079 1199 1212 1256 urbem·

249 1303 312 1363 que
343 1295 376 1342 et
403 1300 507 1358 egros
537 1278 583 1339 et²
610 1283 739 1357 templa
767 1281 916 1340 liberata
946 1291 978 1339 et
1006 1282 1117 1340 elicta
1152 1284 1213 1339 ha-

250 1371 368 1433 beutc;
397 1383 552 1442 quaeque
575 1384 687 1441 augur
708 1368 856 1436 iniusta,
884 1366 1037 1438 nelcsta,
1064 1368 1212 1438 uitiosa,

249 1453 324 1510 dire
349 1451 529 1524 deiixerit,
563 1451 670 1506 inrita
698 1451 905 1524 iniectaque
932 1459 1055 1522 sunto,
1083 1452 1212 1524 quique
1257 1522 1261 1529 Ι

248 1551 315 1592 non
338 1535 512 1609 paruerit,
534 1533 661 1607 capital
684 1541 773 1592 esto.

312 1619 354 1675 lli.
391 1617 597 1688 lioederum,
636 1619 750 1691 pacis,
788 1616 888 1688 belli,
930 1617 1213 1692 indotiarumque

249 1694 420 1760 natorum³
450 1700 592 1756 fetiales
622 1701 773 1774 iudices,
804 1702 917 1758 nuntii
955 1709 1082 1760 sunto:
1118 1699 1212 1760 belle

248 1787 484 1860 disceptante.

311 1869 476 1944 Prodigia
504 1876 538 1925 ct
559 1877 727 1942 portenta
749 1868 788 1924 ad
810 1862 991 1926 Etruscoe⁴
1012 1869 1212 1942 aruspices,

248 1957 278 2012 si
292 1961 435 2011 senatus
455 1952 792 2024 iussit,delerunto,
806 1950 1018 2026 Etrurlaque
1038 1954 1212 2026 principie

248 2037 466 2112 disciplinam
489 2036 626 2097 doceto.
660 2034 890 2111 quihuediuls
910 2036 1103 2107 creuerint,
1127 2051 1212 2110 pre·

248 2119 1142 2194 ouranto,idemquefulguraatqueobstitaplento.

311 2205 484 2261 Nocturna
505 2203 687 2260 mulierum
714 2203 896 2260 sacriiioie
918 2219 956 2260 ne
977 2209 1086 2260 sunto
1108 2220 1211 2278 prae·

248 2298 301 2345 ter
323 2287 410 2358 olle,
438 2302 523 2360 quae
550 2303 612 2359 pro
633 2286 761 2360 populo
782 2288 851 2342 rite
873 2287 975 2343 lieni:
1004 2303 1092 2343 neue
1114 2303 1212 2360 quem

247 2372 415 2428 initiante
430 2371 513 2440 nisi,
529 2378 565 2424 ut
579 2369 731 2442 adsolet,
746 2369 865 2447 Cereri
881 2370 1013 2428 Graeco
1028 2387 1141 2430 sacro.

311 2449 359 2512 22.
392 2451 533 2509 Sacrum
560 2455 790 2526 commissum,
826 2454 915 2528 quod
943 2470 1052 2528 neque
1079 2457 1212 2528 expiari

248 2538 405 2612 peterit,
438 2537 540 2609 impie
574 2539 792 2594 commissum
828 2546 922 2594 esto:
959 2537 1049 2612 quod
1078 2540 1211 2612 expiari

248 2621 398 2695 poterit,
420 2619 553 2693 publici
576 2620 780 2678 sacerdotes
805 2624 980 2695 expiante.

311 2703 437 2760 Loedis
463 2703 635 2777 publicis,
664 2705 752 2779 qaod
780 2707 854 2762 eine
883 2705 1059 2764 curriculo
1081 2713 1116 2762 et
1137 2707 1211 2764 eine

247 2789 447 2846 certatione
482 2804 666 2862 corporum
694 2789 773 2861 liet,
808 2788 1012 2864 popularem
1037 2789 1212 2846 laetitiam

246 2874 279 2928 in
308 2879 408 2928 centu
436 2879 469 2927 et
493 2871 623 2928 lidibus
651 2881 682 2928 et
710 2872 810 2930 tibiis
838 2871 1041 2930 moderante
1070 2889 1211 2949 eamque

250 2971 323 3012 cum
345 2955 457 3012 diuum
480 2955 613 3013 honore
634 2957 823 3031 iungunto.

310 3037 353 3094 lix
374 3040 498 3112 patriis
520 3039 654 3096 ritibus
677 3049 817 3114 optume
838 3039 996 3106 colunto,

309 3121 447 3178 Praeter
469 3122 587 3180 ldeeee
608 3126 729 3180 matris
751 3124 916 3196 famulos,
944 3139 1077 3198 eosque
1103 3127 1210 3184 iustis

246 3206 387 3279 diebus,
409 3222 450 3262 ne
472 3209 547 3280 quis
570 3210 694 3282 stipem
715 3210 849 3282 cogito.

318 3407 339 3477 ¹)
362 3409 413 3460 AB
429 3395 567 3476 popularem
586 3413 643 3462 edd.
682 3409 703 3479 ²)
725 3409 774 3482 [et]
789 3415 831 3464 ed.
844 3414 874 3464 V.
910 3412 931 3480 ³)
951 3417 1072 3484 inditium
1091 3425 1212 3469 oratorum

245 3481 301 3601 228
309 3483 352 3602 ἷῙά.
372 3481 403 3532 V.
437 3481 459 3548 ⁴)
476 3484 584 3547 prodigia
602 3490 712 3538 nortenu
731 3485 762 3533 ed
780 3483 894 3536 Etruscos
913 3494 937 3536 et
955 3489 1079 3554 errupiees
1093 3488 1149 3538 AB
1161 3485 1210 3558 [et]

189 3575 192 3582 ·
245 3567 285 3602 e.
333 3588 339 3601 .
