2672 4112
568 203 590 238 0.
609 201 750 245 bonumve
768 200 877 238 estuve.

483 439 517 506 O.
541 436 773 515 AoVILLIVs
798 436 967 503 GALLVS

592 560 697 626 (praetor
716 575 738 610 a.
758 577 780 609 u.
800 560 857 625 ota).

308 670 333 730 1.
355 671 521 728 Stomachari
542 669 649 728 Canius.
685 666 738 722 Sed
759 667 825 741 quid
845 666 967 722 lacerati
994 667 1114 724 nondum
1136 670 1208 726 enim

244 754 393 830 Aquillius,
416 754 522 827 collega
537 761 564 808 et
579 751 714 808 familiaris
729 767 821 820 meus,
842 750 993 823 protulerat
1008 751 1041 806 de
1057 751 1120 806 dolo
1136 752 1205 808 malo

245 839 384 898 iormulas.
415 837 444 893 ln
459 836 555 910 quibus
570 838 638 909 ipsis
653 850 713 892 cum
729 850 761 890 ex
783 851 815 890 eo
838 841 1023 906 quaereretur,
1047 834 1112 907 quid
1135 844 1208 892 esset

244 923 323 979 dolus
346 922 449 978 malus?
470 918 665 994 respondebat:
692 934 753 974 cum
776 926 848 972 esset
862 917 935 974 aliud
950 918 1113 989 simulatum,
1135 919 1207 974 aliud

245 1015 343 1063 actum.
360 1035 398 1045 -
415 1003 468 1061 Cic.
490 1003 524 1060 de
546 1001 617 1060 ollio.
640 997 670 1072 3,
694 1001 742 1057 14.
765 1001 795 1072 S.
812 1001 861 1060 60.
893 999 934 1056 (11.
956 1017 979 1056 1.
998 1000 1090 1072 iss.
1108 1002 1158 1059 61.
1175 1002 1207 1058 de

244 1098 299 1146 nat.
317 1089 392 1146 deor.
410 1087 440 1160 3,
456 1087 504 1146 30.
522 1087 552 1158 S.
570 1086 621 1143 74.

307 1188 336 1247 2.
360 1187 470 1244 Solebat
497 1187 580 1260 igitur
602 1185 749 1260 Aquillius,
778 1184 882 1259 collega
910 1192 938 1240 et
960 1183 1094 1241 familiaris
1116 1201 1257 1258 meus‚[1s]

245 1289 328 1347 quum
350 1273 384 1327 de
406 1270 532 1327 litoribus
555 1277 698 1343 ageretur,
722 1285 791 1342 quae
814 1269 901 1324 omnia
916 1267 1023 1341 publica
1038 1285 1098 1325 esse
1112 1270 1206 1342 uultis,

246 1355 436 1430 quaerentibus
458 1356 501 1423 iis,
524 1354 557 1408 ad
580 1370 649 1427 quos
671 1354 698 1408 id
720 1351 882 1426 pertinebat,
906 1352 970 1425 quid
986 1361 1060 1410 esset
1074 1354 1149 1426 litus,
1169 1355 1207 1408 ita

245 1439 371 1495 delinire:
395 1439 460 1514 ‘qua
483 1435 582 1494 lluctus
603 1435 873 1492 111111111ῑ’.-1111.
894 1435 962 1508 l'op.
984 1436 1013 1492 7.
1036 1436 1064 1507 S.
1086 1436 1136 1494 32.
1152 1436 1207 1508 ¹Ci.

245 1523 339 1580 boeth.
356 1521 396 1578 lll.
412 1537 440 1595 p.
456 1519 527 1578 333.
544 1513 626 1576 01111.
643 1519 754 1587 Quintil.
767 1519 787 1580 l.
804 1519 833 1576 0.
850 1517 879 1590 5,
895 1519 945 1574 ult.
963 1519 990 1590 S.
1008 1519 1058 1576 34.

308 1620 338 1680 3.
362 1649 404 1662 -
421 1622 449 1676 G.
465 1619 589 1676 Visellius
605 1621 697 1690 Varro,
714 1622 791 1694 graui
806 1617 901 1676 morbo
918 1628 1071 1694 correptus,
1086 1629 1207 1678 trecenta

246 1707 318 1762 milia
339 1721 477 1762 nummum
502 1703 533 1760 ab
556 1705 666 1760 Otacilia
685 1705 840 1774 Laterensi,
862 1719 922 1758 cum
945 1719 997 1776 qua
1018 1707 1207 1763 commercium

246 1790 361 1846 libidinis
376 1789 519 1862 habuerat,
535 1805 652 1862 expensa
667 1787 732 1843 ierri
747 1786 798 1843 sibi
813 1803 909 1860 passus
925 1795 968 1842 est
983 1803 1015 1844 eo
1032 1789 1161 1859 consilio,
1177 1796 1208 1844 ut

248 1875 270 1930 si
285 1873 456 1946 decessisset,
474 1874 505 1930 ab
521 1871 663 1929 heredibus
679 1889 736 1927 eam
753 1886 881 1926 summam
893 1879 1014 1944 peteret;
1033 1889 1111 1945 quam
1123 1871 1207 1946 legati

247 1975 333 2032 genus
349 1974 409 2014 esse
423 1957 522 2030 uoluit,
537 1956 704 2013 libidinosam
715 1955 902 2011 liberalitatem
918 1953 1001 2009 debiti
1013 1957 1121 2011 nomine
1133 1955 1208 2012 colo·

246 2042 340 2099 raudo.
366 2041 456 2099 Euasit
467 2042 563 2098 deinde
574 2040 699 2096 Visellius
712 2056 744 2095 111
758 2039 804 2095 1111
820 2045 980 2112 tempestate
995 2037 1127 2094 aduersus
1142 2049 1208 2096 uota

248 2126 383 2184 Otaciliae.
415 2125 487 2193 Quae
503 2126 611 2194 offensa,
636 2122 709 2196 quod
732 2139 807 2196 spem
830 2122 943 2196 praedae
965 2139 1030 2177 suae
1050 2132 1137 2178 morte
1153 2139 1207 2178 nou

247 2217 424 2280 maturasset,
454 2225 485 2264 111
509 2211 592 2264 amica
615 2205 773 2278 obsequenti
796 2205 886 2261 subito
909 2205 1063 2261 destrictam
1085 2205 1208 2261 foenera-

247 2295 341 2349 tricem
364 2308 445 2366 agere
467 2293 558 2365 coepit
572 2306 695 2344 nummos
714 2289 843 2362 petendo,
867 2306 936 2363 quos
951 2296 981 2344 ut
995 2287 1086 2345 fronte
1101 2291 1208 2345 inuere-

247 2376 345 2448 cunda,
359 2376 395 2431 ita
406 2377 477 2430 inani
488 2373 662 2448 stipulatione
678 2381 838 2446 captauerat.
865 2373 900 2427 be
918 2388 970 2446 qua
981 2388 1011 2428 re
1023 2371 1051 2428 G.
1065 2372 1207 2449 Aquillius,

248 2462 290 2516 uir
304 2476 416 2533 magnae
432 2459 597 2515 auctoritatis
613 2463 641 2512 et
656 2457 768 2512 scientia
782 2458 849 2512 iuris
865 2455 951 2511 ciuilis
967 2456 1111 2528 excellens,
1128 2456 1207 2512 iudex

248 2542 380 2614 addictus,
400 2542 524 2598 adhibitis
538 2543 566 2597 in
578 2541 719 2597 consilium
733 2539 898 2614 principibus
914 2541 1042 2611 ciuitatis,
1065 2540 1207 2614 prudentia

248 2636 278 2683 et-
289 2627 421 2700 religione
437 2643 485 2682 sua
504 2626 643 2681 mulierem
663 2625 773 2698 repulit.
789 2655 830 2664 -
847 2623 935 2680 Valer.
952 2623 1020 2679 11111.
1037 2623 1067 2694 8,
1086 2623 1113 2679 2.
1132 2624 1161 2696 S.
1179 2623 1207 2680 2.

310 2725 339 2784 4.
402 2721 434 2795 ὅς
443 2717 542 2802 (Γάϊος
552 2716 701 2799 Ἀκύλιος)
757 2767 763 2782 .
782 2771 788 2785 .
805 2768 812 2782 .
829 2729 880 2798 qui
890 2723 1207 2798 (0.1111111111111111,

248 2804 631 2886 φησινᾶμεληθεισῶνποτε
643 2814 703 2865 τῶν
754 2813 901 2883 neplcctas
916 2809 1074 2882 aliquando
1090 2811 1209 2865 cloacas

248 2889 370 2972 τάφρων
385 2891 435 2951 eccl
454 2888 557 2970 μηκέτι
572 2891 702 2971 droppen·
754 2909 807 2949 nec
830 2895 952 2964 amplios
981 2910 1086 2966 aquom
1112 2899 1209 2948 trans·

248 2974 363 3054 μένων,
395 2974 464 3048 τοὺς
496 2973 615 3053 τιμητὰς
647 2971 703 3051 τὴν
753 2980 894 3033 mittentes
915 2995 933 3032 o
955 2976 1121 3033 censoribus
1135 2993 1210 3048 pur·

248 3057 461 3142 ἀνακάθαρσιν
477 3055 638 3120 αὐτῶνκαὶ
650 3056 705 3135 τὴν
754 3061 867 3134 pondos
895 3067 922 3116 et
948 3061 1121 3132 reficiendos
1146 3060 1211 3116 mile

249 3141 408 3223 ἐπισκευὴν
429 3144 530 3223 χιλίων
551 3147 704 3222 μισθῶσαι
755 3147 870 3202 talentis
883 3147 996 3202 locatas
1011 3159 1081 3201 csse.

249 3228 409 3294 ταλάντων.
440 3265 477 3274 -
509 3233 615 3306 Dionys.
644 3228 701 3288 llal.

252 3317 282 3391 a,
300 3318 349 3376 er.
