2680 4112
366 273 393 308 m.
412 272 540 308 vanamne
559 273 691 309 rmsssms
710 275 845 314 convrrrva.
1021 267 1083 326 103

199 425 268 491 *M
291 425 511 492 VALERIVS
534 425 762 494 Messenen
785 427 1004 495 CORVINVS

485 515 605 581 (eiusdem
619 517 721 583 aetatis).

441 615 491 672 De
520 617 767 689 auspiciis.

181 721 208 781 1.
232 723 322 797 Super
340 724 390 780 hac
412 740 443 779 re
462 726 529 780 meis
551 723 639 781 uerbis
655 725 693 781 nil
708 742 777 800 opus
792 725 853 798 luit,
874 729 1000 800 quoniam
1015 727 1085 785 liber

119 809 154 865 ll.
168 807 307 864 Messallae
329 809 439 882 auguris
460 807 493 864 dc
514 809 638 881 auspiciis
660 811 772 882 primus,
795 827 856 867 cum
871 811 937 867 haec
951 812 1084 868 seribere·

119 909 190 962 rnus,
211 893 283 949 sorte
306 891 402 948 adluit.
431 891 579 965 Propterea
601 908 634 947 ex
649 909 681 948 co
694 892 763 950 libro
779 892 861 949 uerba
876 896 959 967 ipsius
975 895 1083 952 llessal·

119 977 160 1032 lae
181 975 406 1050 subscripsimus:
437 975 626 1032 ‘Patriciorum
647 977 762 1050 auspicia
784 979 811 1032 in
834 977 897 1032 duas
919 987 983 1034 sunt
998 979 1083 1035 diuisa

119 1068 282 1133 potestates.
327 1058 437 1116 blasima
461 1069 525 1116 sunt
551 1059 710 1131 consulum,
736 1068 903 1134 praetorum,
929 1078 1082 1120 censorum.

118 1143 212 1217 Neque
233 1152 325 1200 tamen
345 1159 440 1200 eorum
461 1144 581 1200 omnium
603 1145 672 1200 inter
687 1160 716 1199 se
732 1145 824 1201 eadem
839 1153 885 1200 aut
900 1144 1020 1200 eiusdem
1034 1163 1083 1220 po·

119 1229 237 1298 testatis,
259 1227 321 1282 ideo
342 1226 416 1300 quod
436 1227 557 1300 collegae
578 1243 633 1283 non
654 1236 718 1283 sunt
738 1243 865 1284 censores
880 1229 1023 1284 consulum
1038 1237 1084 1286 aut

118 1320 286 1384 praetorum,
301 1319 442 1383 praetores
457 1310 600 1368 consulum
615 1319 688 1368 sunt.
714 1311 777 1367 ldeo
792 1327 881 1386 neque
895 1313 1021 1368 consules
1037 1322 1084 1370 aut

120 1403 265 1466 praetores
275 1394 430 1452 censoribus
441 1411 529 1467 neque
541 1411 669 1451 censores
686 1395 843 1450 consulibus
855 1405 901 1452 aut
912 1397 1082 1470 praetoribus

124 1475 252 1533 ’turbant
270 1487 314 1534 aut
330 1479 449 1534 retinent
469 1472 623 1552 auspicia3¹
646 1486 673 1535 at
692 1495 820 1536 censores
835 1481 906 1536 inter
924 1497 964 1552 sc,
985 1498 1082 1538 rursus

71 1572 115 1621 [es]
120 1569 265 1636 praetores
284 1562 461 1634 consulesque
481 1563 554 1618 inter
568 1578 597 1617 se
612 1571 639 1618 et
653 1564 749 1618 uitiant
764 1573 791 1619 et
807 1562 937 1620 obtinent.
970 1564 1082 1622 Praetor

118 1647 172 1701 etsi
187 1644 294 1719 collega
309 1645 428 1705 consulis
443 1654 493 1715 est,
511 1661 598 1718 neque
609 1655 760 1719 praetorem
771 1664 860 1721 neque
872 1648 1011 1704 consulem
1022 1651 1082 1706 iure

117 1745 219 1802 rogare
240 1737 340 1802 potest,
364 1739 393 1785 ut
415 1729 523 1802 quidem
543 1745 594 1786 nos
616 1747 630 1784 a
651 1730 834 1803 superioribus
854 1734 1004 1805 accepimus
1019 1741 1081 1789 ante

117 1813 186 1868 baec
207 1821 330 1885 tempora
350 1821 486 1870 seruatum
508 1807 588 1870 esse²
608 1821 637 1869 et
651 1817 718 1871 utin
734 1817 925 1870 commentario
942 1817 1022 1871 tertio
1036 1817 1082 1872 de·

117 1898 188 1952 cimo
205 1895 234 1955 G.
252 1896 376 1954 'luditani
391 1904 476 1970 patet,
494 1891 588 1970 ‘quia3
602 1899 743 1970 imperium
760 1898 848 1952 minus
859 1907 979 1970 praetor,
996 1901 1082 1954 maius

117 1980 201 2036 habet
221 1981 327 2051 consul,
351 1989 378 2036 et
398 1997 412 2036 a
432 1982 537 2036 minore
556 1981 671 2054 imperio
692 1983 777 2036 maius
792 1988 838 2036 aut
853 1982 961 2036 maioris
976 1981 1082 2054 collega

117 2058 228 2138 rogari⁴
243 2067 303 2120 iure
317 2081 372 2122 non
387 2058 524 2138 potest'.⁶
552 2080 603 2120 uos
627 2064 669 2120 bis
685 2063 851 2137 temporibus
866 2072 991 2136 praetore
1005 2081 1082 2138 prae·

118 2156 194 2203 tores
216 2156 327 2204 creante
349 2157 474 2204 ueterum
496 2149 685 2204 auctoritatem
708 2149 810 2202 sumus
825 2149 910 2204 secuti
932 2164 1020 2221 neque
1040 2149 1082 2205 his

117 2233 236 2288 comitiis
256 2233 283 2288 in
307 2233 427 2306 auspicio
444 2233 552 2288 luimus.
584 2231 717 2288 Censores
732 2225 838 2304 aeque⁰
855 2248 909 2287 non
925 2231 1021 2287 codem
1036 2249 1082 2288 ro·

117 2324 220 2390 gantur
251 2317 370 2390 auspicio
402 2324 482 2388 atque
511 2316 636 2371 consules
666 2324 694 2371 et
722 2324 870 2388 praetores.
905 2315 1082 2388 Reliquorum

117 2401 327 2472 magistratuum
349 2401 452 2456 minora
473 2408 536 2456 sunt
552 2401 678 2472 auspicia.
708 2399 770 2455 laloo
785 2398 824 2454 illi
839 2401 969 2470 minores,
985 2399 1012 2454 bi
1028 2416 1083 2454 ma·

116 2485 191 2539 iores
206 2485 381 2557 magistratus
397 2483 574 2556 appellantur.
605 2483 752 2538 Minoribus
767 2484 863 2539 creatis
880 2483 1082 2556 magistratibus

119 2565 230 2622 tributis
253 2569 371 2623 comitiis
397 2567 585 2640 magistratus,
600 2569 641 2622 ius
668 2559 745 2622 eius⁷
771 2567 874 2622 curiata
900 2567 979 2622 datur
1004 2567 1081 2641 legc3

117 2651 235 2707 maiores
250 2651 407 2710 centuriatis
422 2652 538 2707 comitiis
554 2648 645 2711 liunt'.
660 2679 703 2692 -
718 2649 786 2710 Gell.
805 2649 854 2720 13,
871 2649 920 2708 15.
938 2647 965 2724 S.
980 2649 1010 2708 4.
1041 2650 1080 2706 Gi.

116 2732 189 2790 liest.
207 2752 233 2790 v.
251 2734 352 2792 llinora
366 2736 485 2808 itemque
500 2736 599 2791 maiora
614 2735 731 2808 auspicia
745 2752 774 2807 p.
792 2733 862 2790 157.

190 2888 210 2955 ¹)
229 2891 369 2941 Contraria
384 2891 529 2940 osteadens
544 2891 664 2953 auspicia
677 2890 837 2953 accipiendo.
869 2885 890 2954 ²)
905 2888 951 2940 Sic
965 2905 1034 2940 nanc
1048 2905 1083 2940 eac

116 2965 147 3023 ιγ’.
159 2962 200 3010 ed.
210 2973 232 3012 s.
243 2963 347 3024 scripsi.
368 2962 504 3024 accepimus
519 2968 559 3009 aut
572 2968 626 3010 ante
636 2961 695 3010 hacc
710 2967 816 3024 tempera
831 2967 951 3010 serratum
966 2968 1003 3010 est
1019 2961 1081 3010 Cdd.
1173 3009 1175 3013 ,

115 3032 173 3081 edd.
185 3032 343 3082 etiammeae
357 3043 378 3080 1.
386 3043 405 3081 a.
437 3027 457 3095 ³)
472 3031 593 3081 Fortasse
607 3031 708 3082 excidit
725 3027 840 3094 ‘inquit'.
871 3027 893 3096 4)
909 3031 995 3080 Meam
1010 3045 1083 3080 erro-

115 3117 169 3152 rem
184 3101 237 3167 (ed.
251 3101 283 3168 2.)
296 3101 532 3166 corrigendosque
546 3101 582 3150 od
592 3117 679 3151 aeram
687 3101 762 3150 codd.
772 3103 931 3163 scriptoram
945 3107 969 3150 et
979 3100 1082 3150 Hertzit'

114 3173 153 3222 ed.
171 3175 280 3230 recessi,
299 3174 352 3222 nisi
370 3173 439 3235 qaod
447 3187 499 3235 pra
520 3173 610 3220 maiore
629 3172 726 3234 collega,
742 3171 810 3235 qaod
826 3172 920 3220 durius
938 3171 1083 3230 videbator,

115 3259 195 3292 meam
209 3251 236 3292 et
249 3245 300 3292 iam
320 3243 351 3290 P.
367 3241 485 3291 Merulae
499 3245 532 3306 qi.
547 3242 644 3292 maioris
659 3242 749 3304 college
763 3243 868 3292 retinui.
907 3238 929 3305 ⁶)
943 3241 993 3291 Ed.
1009 3254 1028 3292 1.
1040 3242 1083 3290 bic

115 3315 229 3363 nondam
239 3315 377 3377 finiverunt
387 3313 524 3376 periodum
539 3319 653 3376 caeptam
667 3319 727 3362 tanc
741 3329 757 3362 α
780 3329 801 3361 υ.
813 3313 874 3376 quia.
914 3307 935 3378 ⁶)
950 3311 1084 3376 Inteltipe:

114 3391 141 3433 at
155 3385 245 3436 eadem
259 3385 380 3446 auspicia
395 3398 446 3433 aon
460 3382 559 3432 babent.
587 3379 606 3448 ⁷)
622 3383 663 3432 secl
679 3383 763 3431 iustius
774 3383 848 3433 codd.
861 3383 918 3431 edd.
927 3381 970 3429 sed
980 3383 1017 3429 ius
1028 3382 1080 3428 eius

113 3457 274 3519 scripseram
288 3454 356 3504 libro
370 3469 423 3504 meo
440 3450 522 3503 ‘Seru
542 3449 619 3502 tuat!
635 3469 663 3516 p.
679 3464 726 3504 tot.
747 3453 803 3504 edd.
821 3466 840 3503 1.
861 3464 881 3502 e.
902 3451 944 3499 sed
959 3465 994 3498 err
1011 3456 1083 3499 ante-

113 3526 221 3575 cedente
228 3528 306 3576 litera
313 3531 416 3574 enatam
425 3525 534 3574 videtur.
548 3523 586 3587 Of.
599 3523 650 3574 Cic.
657 3525 688 3574 de
695 3523 768 3589 legib.
777 3535 824 3586 e,t.
834 3522 970 3586 quieceret,
982 3519 1083 3584 populus

113 3605 204 3659 creato,
220 3597 288 3661 eique
303 3596 340 3644 ius
355 3595 467 3644 caecandi
482 3595 543 3644 dato.
