2672 4112
234 235 274 294 68
573 243 600 280 u.
619 241 729 278 uvnuvs
747 241 850 278 cronno.

232 371 300 445 pla,
334 369 427 447 uias,
471 385 594 444 aquas,
625 369 793 424 aerarium
830 365 1021 440 uectigalia
1057 373 1197 440 tuento,

233 453 426 528 populique
447 455 557 526 partis
579 453 613 508 ln
636 450 756 508 tribus
779 449 1018 522 discribento,
1041 451 1120 506 exin
1141 468 1199 524 pe·

233 539 371 609 cunins,
408 538 596 608 acuitatis,
633 535 771 592 ordinis
805 536 1007 608 partiunto,
1041 535 1199 607 equitum

233 621 460 694 peditumque
487 620 620 694 prolem
653 617 899 690 describunto,
933 617 1086 675 caelibes
1118 633 1199 674 esse

233 703 464 778 prohibente,
492 720 604 760 mores
630 703 753 778 populi
779 709 949 774 regunto,
978 700 1140 774 probrum
1162 703 1198 758 in

233 796 358 843 senatu
379 804 419 844 ne
442 788 691 860 relinquonto:
719 785 794 842 hini
815 794 936 856 sunto,
958 786 1199 858 magistratum

234 873 506 944 quinquennium
529 870 695 927 habento:
729 870 858 943 reliqui
883 869 1112 942 magistratus
1140 885 1197 924 an·

233 956 292 1010 nui
315 962 434 1010 sunto:
458 971 564 1028 eaque
586 961 750 1028 potestas
772 969 908 1026 semper
929 960 1016 1012 etto.

297 1053 327 1112 8.
350 1054 441 1112 luris
463 1055 698 1128 disceptator,
722 1055 780 1128 qui
802 1055 940 1128 priuata
959 1051 1198 1109 iudicetiudi·

233 1141 352 1195 carine
379 1139 515 1210 iubeat,
543 1147 685 1212 praetor
712 1145 802 1193 esto:
831 1139 860 1192 is
881 1137 972 1192 iuris
996 1135 1116 1193 ciuilis
1138 1153 1198 1193 cu-

234 1230 312 1280 stos
335 1229 430 1278 esto:
453 1223 534 1278 huic
554 1229 732 1296 potestate
751 1222 825 1295 pari
842 1229 1075 1294 quotcumque
1098 1234 1199 1276 sena·

234 1313 289 1362 tus
312 1307 469 1362 creuerit
490 1305 686 1379 populusne
708 1305 869 1376 iusserit,
892 1311 946 1360 tot
967 1311 1082 1360 sunto.

297 1405 406 1478 Regio
433 1406 578 1478 imperio
606 1405 672 1461 duo
705 1411 823 1475 sunto,
859 1406 953 1478 lique
980 1404 1200 1478 praeeundo,

234 1487 437 1553 iudicando,
466 1489 685 1546 consulendo
713 1497 917 1562 praetores,
943 1487 1093 1558 iudices,
1116 1504 1201 1545 con·

234 1571 330 1628 sules
345 1569 593 1646 appellamino:
618 1571 766 1628 militiae
786 1586 948 1628 summum
963 1573 1014 1627 ius
1030 1571 1200 1644 habento,

234 1657 362 1711 nemini
383 1663 548 1729 parento:
576 1653 660 1712 ollis
689 1654 782 1712 salus
810 1655 941 1730 populi
962 1671 1121 1728 suprema
1141 1655 1201 1712 lex

234 1746 323 1796 esto.

297 1836 328 1897 9.
350 1838 507 1896 llumdem
537 1841 795 1914 magistratum,
822 1840 856 1896 ni
882 1838 1119 1894 interfuerint
1140 1838 1200 1894 de-

234 1925 419 1996 cemanni,
448 1938 488 1979 ne
515 1925 593 1996 quis
616 1924 746 1997 capito:
770 1925 956 1978 acuitatem
978 1921 1095 1978 annali
1116 1921 1201 1996 lege

235 2016 409 2064 seruante.

298 2110 360 2164 Ast
386 2107 522 2181 quando
550 2106 702 2162 duellum
730 2107 879 2180 grauius
900 2101 1201 2182 discordiae(uc)¹

235 2193 362 2249 ciuium
384 2197 525 2253 escunt,
556 2205 661 2246 oenus
683 2206 723 2247 ne
746 2189 894 2264 amplius
917 2205 976 2245 sen
997 2205 1148 2260 menses,
1169 2192 1202 2246 si

239 2281 384 2330 senatus
406 2273 576 2344 creuerit,
604 2272 692 2328 idem
720 2273 809 2329 iuris
832 2273 922 2346 quod
944 2272 1010 2330 duo
1033 2271 1200 2329 consules

235 2363 375 2427 teneto,
397 2357 499 2427 isque
520 2355 879 2412 anesinistradictus
894 2355 1014 2430 populi
1029 2358 1201 2428 magister

236 2447 328 2496 esto:
361 2439 627 2512 equitatumque
657 2441 716 2511 qui
737 2448 840 2512 regat
866 2439 992 2496 habeto
1020 2441 1094 2514 pari
1121 2440 1201 2497 iure

237 2539 312 2580 cum
334 2538 389 2592 eo,
412 2523 619 2595 quicumque
641 2524 711 2578 erit
730 2524 821 2580 luris
844 2523 1076 2597 disceptator.
1112 2524 1200 2580 reli·

237 2607 296 2678 qui
322 2606 553 2678 magistratus
580 2621 620 2661 ne
642 2601 772 2662 sunto.²
806 2615 857 2662 ast
885 2607 1020 2679 quando
1041 2607 1201 2663 consulis

237 2691 450 2762 magisterue
477 2688 599 2761 populi
620 2703 680 2746 nec
702 2683 856 2762 escunt,³
882 2691 1038 2763 auspicia
1063 2698 1201 2763 patrum

237 2781 356 2842 sunto,
389 2771 524 2844 ollique
560 2787 596 2828 ec
626 2788 665 2828 se
692 2773 887 2848 produnto,
926 2775 982 2847 qui
1014 2775 1202 2832 comitiatu

237 2872 355 2912 creare
377 2854 544 2912 consules
565 2856 635 2912 rite
655 2849 821 2930 postium

301 2955 461 3029 lmperia,
484 2963 700 3029 potestates,
722 2956 939 3030 legationes,
962 2973 1035 3013 cum
1056 2964 1202 3014 senatus

237 3040 399 3095 creuerit
426 3039 627 3113 populusne
653 3041 820 3112 iusserit,
854 3055 892 3096 en
921 3039 1006 3096 urbe
1034 3049 1202 3114 exeunte,

238 3121 356 3178 duella
383 3123 480 3179 iusta
507 3125 600 3179 iuste
623 3131 792 3196 gerunto,
819 3123 927 3179 sociis
954 3132 1142 3196 parcunto,
1164 3141 1203 3182 se

238 3215 273 3261 et
294 3222 378 3263 suos
402 3208 623 3278 continento,
645 3205 769 3280 populi
791 3207 842 3262 sul
863 3205 1010 3278 gloriam
1026 3216 1202 3283 augente,

312 3410 331 3479 ¹)
346 3412 454 3462 Addidi.
485 3407 508 3474 ¹)
527 3409 613 3459 Verba
626 3409 711 3472 reliqui
725 3411 875 3472 magistratus
885 3425 914 3459 ne
924 3419 994 3460 sunto
1004 3413 1032 3461 in
1043 3413 1132 3464 ABet
1141 3415 1203 3465 edd.

233 3486 314 3546 paulo
325 3490 387 3547 post
403 3485 472 3531 inter
486 3495 530 3530 nec
540 3486 624 3528 escunt
633 3486 658 3528 et
667 3481 772 3544 auspicia
781 3489 874 3544 patrum
884 3483 1013 3546 leguntur.
1043 3480 1065 3549 ³)
1079 3497 1132 3534 uec.
1146 3481 1160 3534 i
1177 3485 1205 3534 Α

237 3551 263 3600 Β
274 3568 318 3602 nec
333 3560 402 3602 erunt
415 3551 474 3600 edd.
504 3546 527 3615 ⁴)
541 3548 597 3598 AB
608 3550 685 3613 possit
698 3551 738 3600 ed.
750 3551 781 3600 V.
