2672 4112
468 262 490 298 r.
510 263 607 300 uscire
626 263 767 300 octavam.
1079 255 1097 310 7

134 407 215 447 eausa
235 397 340 450 tectum
360 389 561 463 proficeretur,
581 406 612 444 er
627 407 683 462 quo
699 391 727 446 iu
742 397 844 446 tectum
860 391 934 462 eius,
956 389 1036 446 aedes
1047 393 1098 463 qui

61 513 65 517 Δ
134 475 318 549 protexisset,
339 490 410 548 aqua
429 471 590 546 proflueret,
613 473 640 528 id
661 473 710 530 tibi
724 474 767 528 ius
787 474 885 529 uideri.
901 503 942 515 —-
958 473 1013 528 Cic.
1030 473 1096 547 Tap.

135 558 217 615 ean.

198 637 228 698 2.
253 640 281 696 G.
297 640 402 696 Caelius
416 639 496 694 iudex
511 639 629 696 absoluit
644 640 802 696 iniuriarum
818 657 889 711 eum,
906 643 953 716 qui
966 639 1098 698 Lucilium

134 733 246 800 poetam
267 727 295 782 in
317 739 397 781 scena
419 725 577 780 nominatim
599 723 727 780 laeserat:
749 723 780 779 P.
796 724 899 780 blucius
914 741 984 794 eura,
1007 723 1053 798 ¹qui
1069 724 1096 782 L.

134 811 247 866 Accium
273 817 381 884 poetam
408 808 612 880 nominauerat,
645 801 861 869 condemnauit.¹
889 840 929 850 -
959 813 1036 865 duct.
1067 809 1098 864 ad

136 893 256 949 Herenu.
272 893 302 964 2,
318 893 347 950 3.
363 892 391 964 S.
411 891 458 948 19.

95 983 126 1030 [r]
199 973 229 1034 8.
250 976 356 1034 Placuit
369 975 399 1030 P.
415 973 562 1031 Scaeuolae
584 982 612 1031 et
634 975 803 1032 Coruncanio
826 975 1001 1049 pontificibus
1016 979 1098 1031 maxi·

133 1063 187 1117 mis
203 1062 322 1136 itemque
337 1060 467 1130 caeteris,
488 1057 534 1133 qui
550 1059 706 1115 tantundem
721 1067 845 1132 caperet,
862 1067 990 1133 quantum
1006 1076 1098 1115 omnes

134 1143 262 1216 heredes,
284 1146 368 1223 saeris
391 1141 504 1216 alligari.
534 1141 625 1199 liabeo
641 1144 683 1199 ius
698 1143 876 1216 pontificium.
903 1142 971 1209 Quid
987 1143 1040 1199 huc
1055 1161 1097 1200 ac·

134 1233 222 1286 cessit
247 1245 279 1285 ex
303 1231 363 1284 iure
390 1227 481 1282 ciuili?
509 1226 665 1283 Partitloais
688 1235 779 1300 capnt,
802 1227 934 1300 scriptum
957 1235 1044 1297 caute,
1069 1236 1099 1282 ut

69 1368 73 1373 .
134 1323 247 1370 centum
262 1313 362 1369 nummi
377 1309 585 1366 deducerentur.
615 1311 728 1366 lnuenta
749 1319 792 1368 est
814 1313 893 1378 ratio,
916 1327 965 1366 cur
985 1313 1098 1384 pecunia
1174 1305 1176 1309 ’

138 1413 281 1454 sacrorum
301 1395 424 1452 molestia
444 1393 615 1450 liberaretur.
645 1391 713 1462 Quid
735 1395 758 1450 si
776 1395 830 1450 hoc
845 1396 891 1467 qui
908 1402 1097 1450 testamentum

137 1479 266 1550 iaciebat,
281 1475 372 1536 cauere
386 1477 538 1534 noluisset?
567 1478 692 1534 admonet
707 1479 916 1534 iurisconsultus
931 1479 976 1534 hic
991 1477 1097 1551 quidem

134 1567 198 1638 ipse
220 1565 332 1635 llueius,
355 1561 478 1636 pontifex
493 1561 574 1630 idern,
596 1571 627 1618 ut
648 1563 736 1618 minus
751 1565 849 1636 capiat,
871 1579 950 1634 quam
973 1561 1097 1618 omnibus

134 1647 285 1705 heredibus
307 1647 490 1720 relinquatur:
513 1645 611 1718 quibus
625 1661 682 1719 par,
699 1646 830 1717 dicebant,
847 1647 894 1720 qui
909 1647 1036 1720 cepisset,
1053 1645 1097 1700 ad·

134 1726 262 1804 stringi²
290 1731 394 1788 Rursus
415 1731 498 1785 sacris
519 1729 676 1786 liberantur.
706 1730 763 1786 lloc
782 1747 849 1786 uero
870 1729 937 1785 nibil
959 1730 991 1786 ad
1006 1731 1096 1802 ponti·

134 1815 226 1872 licium
248 1818 302 1886 ius,
325 1807 380 1870 set³
402 1829 417 1869 c
439 1813 528 1872 medio
543 1821 586 1870 est
600 1815 659 1869 iure
675 1813 756 1883 ciuili,
779 1822 811 1869 ut
832 1831 882 1887 per
899 1830 944 1870 aas
960 1821 988 1869 et
1003 1813 1096 1869 libram

133 1900 263 1956 heredem
280 1899 433 1954 testamenti
448 1898 566 1970 soleant,
588 1907 624 1953 et·
637 1897 732 1953 eodem
755 1897 815 1953 laco
838 1914 883 1953 res
905 1899 948 1967 sit,
974 1898 1051 1969 quasi
1066 1913 1097 1951 ea

135 1985 249 2057 pecunia
263 1983 353 2055 legata
368 1997 423 2040 noa
439 1988 522 2054 essct,
538 1981 610 2052 siis,
625 1981 668 2037 eui
683 1981 803 2052 legatam
819 1989 873 2050 ost,
894 1979 1040 2052 stipulatus
1055 1987 1098 2044 est

136 2067 165 2123 id
178 2068 277 2140 ipsum,
298 2065 372 2140 quod
387 2065 506 2138 legatum
521 2074 572 2140 est,
596 2073 626 2120 ut
641 2080 672 2120 ea
686 2065 798 2136 pecunia
813 2080 846 2120 ex
861 2063 1037 2136 stipulatione
1052 2061 1097 2118 de·

139 2150 249 2218 beatur,
270 2152 360 2222 sitque
381 2165 412 2204 ea
431 2165 486 2206 nou
506 2147 616 2208 'mortis
632 2162 725 2204 cauca
740 2139 854 2219 capto.4
867 2176 909 2186 —
926 2145 979 2202 Cic.
996 2146 1029 2201 dc
1043 2145 1096 2217 leg.

137 2235 167 2305 2,
184 2234 234 2296 21.
251 2233 300 2306 SS.
316 2231 366 2290 52.
383 2231 431 2290 53.
815 2279 817 2286 .
942 2279 944 2284 .

198 2315 227 2376 4.
248 2317 343 2392 ltaque
358 2319 386 2372 in
400 2332 449 2390 eo,
465 2318 512 2390 qui
527 2319 555 2372 in
570 2317 632 2372 naui
647 2325 775 2385 necatus,
792 2315 888 2370 deinde
902 2316 931 2370 in
945 2329 1018 2369 mare
1032 2329 1096 2388 pro·
1138 2327 1143 2342 t

137 2405 224 2458 iectus
240 2409 323 2471 esset,
338 2400 460 2456 decreuit
474 2399 504 2463 P,
520 2399 632 2467 blucius,
655 2399 780 2454 familiam
796 2415 901 2472 puram,
918 2397 991 2472 quod
1007 2415 1037 2454 os
1052 2413 1097 2452 su·

138 2503 187 2559 pra
207 2495 306 2542 terram
326 2501 382 2542 non
404 2489 532 2556 exstaret,
551 2499 659 2557 porcam
675 2482 768 2540 heredi
783 2499 843 2538 esse
858 2491 1031 2544 contractam,
1053 2482 1097 2536 ha·

138 2568 235 2628 beadas
252 2567 372 2624 triduum
388 2566 467 2624 serias
489 2577 517 2623 et
536 2583 621 2642 porco
643 2567 741 2623 lamina
759 2565 893 2640 piaculum
908 2559 998 2622 'dari.⁵
1028 2565 1056 2622 Si
1070 2566 1098 2620 in

134 2655 204 2710 mari
219 2661 344 2710 mortuus
356 2659 440 2723 esset,
455 2651 547 2711 eadem
563 2657 673 2724 praeter
687 2649 822 2724 piaculum
838 2657 866 2706 et
880 2649 970 2712 lorias.
988 2679 1025 2690 -·
1043 2647 1096 2708 Cic.

134 2737 168 2794 de
184 2737 240 2810 lag.
259 2736 288 2808 2,
304 2735 354 2791 22.
370 2735 398 2806 S.
415 2735 464 2792 57.

197 2817 226 2878 b.
248 2849 290 2862 -
304 2819 334 2874 Ρ.
353 2819 482 2876 Scaeuola
501 2818 623 2892 pontifex
637 2821 765 2874 maximus
780 2835 831 2890 pro
847 2817 963 2890 collegio
984 2833 1097 2890 respon·

133 2905 188 2962 dit:
213 2903 301 2977 ‘quod
322 2905 351 2958 in
370 2903 430 2960 laco
450 2902 558 2977 publico
579 2901 688 2974 Licinia,
710 2903 766 2958 Gaii
787 2901 850 2974 lilia,
879 2903 984 2957 lniussu
1004 2900 1098 2974 populi

132 2987 299 3052 dedicasset,
314 3003 420 3046 sacram
434 3003 490 3047 noa
506 2984 643 3047 uiderier’.
657 3017 698 3028 -·
709 2985 763 3041 Cic.
774 3003 824 3062 pro
836 2985 906 3042 dom.
921 2985 970 3045 53.
982 2984 1009 3056 8.
1028 2984 1096 3042 137.

211 3149 231 3216 ²)
248 3151 286 3214 Of.
308 3151 401 3202 librum
418 3167 498 3202 meum
513 3147 618 3206 ‘Gaias’
630 3167 659 3214 p.
675 3161 721 3202 138.
735 3161 782 3203 164.
821 3146 842 3216 ¹)
861 3149 921 3200 Via.
933 3149 1014 3213 a'nfra
1029 3151 1098 3212 ipsas

135 3223 190 3273 oia.
206 3223 239 3272 de
253 3225 302 3288 lep.
317 3221 405 3274 librae.
443 3217 464 3286 ⁸)
478 3221 636 3272 EacHolnn'i
650 3223 683 3284 ιη’.
698 3227 723 3270 et
736 3221 794 3270 edd.
832 3217 853 3286 ⁴)
867 3219 998 3284 Suppleoi.
1028 3220 1097 3270 Cete-

91 3319 96 3328 ·
134 3293 232 3342 rumai
245 3294 331 3344 atatim
345 3293 415 3357 quod
427 3293 452 3342 ei
461 3307 511 3355 per
525 3293 712 3342 damnationem
725 3290 876 3350 debebatur,
890 3291 1039 3355 stipulando
1054 3305 1097 3340 na·

134 3370 228 3423 nasset,
244 3379 300 3414 cnm
314 3364 417 3413 aaaada
427 3378 479 3426 pra
492 3365 619 3414 solutione
632 3364 675 3421 stt,
689 3364 779 3412 mortis
793 3377 873 3412 cauea
887 3377 921 3412 ea
935 3361 1098 3412 damnatione

135 3435 234 3498 cepisse
244 3435 386 3492 uideretur,
397 3435 509 3496 perinde
518 3449 550 3482 ac
559 3435 583 3484 si
593 3435 617 3484 ei
627 3435 736 3498 tapetum
745 3435 853 3484 salutern
863 3440 935 3484 creet.
961 3431 1020 3480 Hac
1027 3430 1097 3493 sapit

134 3503 242 3570 Savipn.
258 3503 367 3554 Zeiteeb.
380 3504 402 3566 f.
415 3505 502 3570 peecb.
520 3503 590 3552 RW.
606 3504 634 3554 11.
646 3519 674 3566 p.
689 3514 736 3554 aaa.
764 3503 803 3552 De
818 3510 870 3554 tata
884 3517 914 3550 re
928 3501 963 3563 cs.
978 3499 1052 3563 infra
1069 3497 1096 3558 Q.

136 3574 251 3624 Mucium
264 3573 415 3624 Scaeuolam
429 3586 462 3626 14.
493 3571 513 3639 ⁶)
528 3572 631 3637 Scripsi
634 3590 644 3630 ,·
658 3574 707 3636 peti
722 3575 780 3624 cdd.
795 3573 857 3636 piari
871 3571 928 3621 edd.
944 3583 964 3620 1.
978 3582 999 3622 a.
