2694 4110
352 226 388 262 nn
403 225 598 261 oonsrromnvs
616 224 652 260 nr>
671 225 760 262 nonme
778 225 892 264 emersu.
1034 207 1093 273 795

142 359 274 429 poterin
289 349 329 413 te¹
345 354 463 413 contulit
477 354 650 411 donationem
665 363 693 412 et
706 355 838 411 decedens
853 372 980 429 supremo
994 356 1097 413 indicio

144 457 199 496 non
215 441 371 505 reuocauit,
391 438 495 496 scilicet
509 448 631 495 manente
646 446 797 512 potestate,
818 455 927 511 praeses
943 441 1097 513 prouinciae

144 525 219 581 iuxta
241 523 368 580 diuorum
390 523 541 596 principum
563 524 774 579 constitutiones
796 537 878 595 super
897 523 948 580 bac
965 540 995 579 re
1014 524 1096 580 iactas

146 606 199 662 uim
215 605 386 680 prohibebit,
409 605 555 662 dcceteris
571 607 707 662 internos
725 605 938 680 disceptaturus.
974 605 1025 664 PP.
1042 607 1095 663 llll.

144 690 196 746 lrul.
212 690 288 764 Sept.
303 689 415 746 liaximo
431 698 458 745 et
473 690 599 763 Aquilino
615 682 720 746 conss.²

208 769 278 831 2⁷8.
301 767 410 830 ¹⁸b'dem
426 773 534 829 Aurelio
550 772 636 832 Zoilo.
667 769 1097 846 Cumadlirmes,patremtuun1

74 857 305 919 [condonationes
320 856 453 930 perlectas
468 859 495 912 in
513 865 539 912 te
562 857 710 914 contulisse
732 864 760 913 ct
781 860 915 930 supremis
933 856 1037 913 iudiciis
1053 872 1098 913 eas

145 957 199 997 uon
214 957 366 1011 reuocasse,
381 941 484 1014 poteris
499 942 557 996 iure
573 941 734 1011 constituto,
752 941 911 1014 praesertim
925 956 986 997 curn
1001 941 1100 996 honori

140 1025 303 1098 primipilari
317 1027 355 1081 sls
371 1017 542 1094 adstrictus,³
558 1040 654 1082 securo
669 1026 758 1080 animo
774 1039 815 1093 ea,
831 1040 899 1096 quae
911 1023 1008 1080 donata
1024 1031 1098 1095 sunt,

144 1109 294 1183 possidere.
325 1108 374 1167 PP.
396 1107 461 1165 Vlll.
478 1107 530 1168 leel.
547 1107 616 1169 Nou.
632 1107 745 1164 Maximo
761 1114 788 1162 ei
803 1107 929 1180 Aquilino
945 1101 1051 1164 conss.²

207 1187 275 1250 eis.
297 1191 380 1248 lidenr
395 1191 532 1262 benignae
547 1189 712 1265 Superlatee.
750 1189 778 1246 ln
801 1189 881 1246 liliam
903 1199 966 1265 post
983 1192 1097 1248 emanci-

144 1278 281 1352 pationem
303 1268 502 1331 ’donationem4
523 1283 630 1347 epatre
644 1275 777 1332 conlatam
792 1283 888 1348 postea
907 1275 1007 1331 auierri
1021 1274 1052 1331 ab
1068 1289 1098 1330 ea

146 1376 201 1415 non
217 1360 350 1432 potuisse,
366 1356 482 1414 dubitari
497 1373 552 1414 non
568 1366 686 1431 oportet.
701 1359 724 1414 si
739 1360 825 1432 igitur
838 1358 904 1414 nilril
919 1359 990 1415 aliud
1005 1358 1053 1415 tibi
1065 1357 1098 1414 de

145 1445 204 1498 iure
219 1441 385 1512 aduersatur,
402 1458 511 1514 praeses
526 1445 700 1515 prouinciae,
718 1457 822 1514 nequa
838 1443 884 1498 tibi
899 1443 1018 1517 legitime
1034 1459 1097 1517 pos-

145 1525 244 1582 sidenti
266 1524 311 1582 liat
333 1525 442 1595 iniuria,
472 1527 623 1582 intercessu
644 1527 811 1581 auctoritatis
833 1542 903 1584 suae
926 1525 1097 1599 prouidebit.

144 1609 195 1668 PP.
210 1609 264 1666 llll.
280 1609 332 1666 lral.
347 1610 407 1666 lieo.
424 1604 548 1666 Marimoi
563 1617 591 1666 et
604 1609 731 1683 Aquilino
748 1603 853 1665 conss.²

207 1689 279 1751 280.
303 1687 402 1751 6lidem
417 1696 482 1751 Aur.
498 1695 629 1750 Anniano.
666 1693 695 1748 ln
713 1685 851 1748 'duttnmi
871 1709 926 1749 uon
941 1696 1030 1763 uenit,
1054 1693 1098 1750 ad·

145 1795 241 1834 uorsus
256 1793 383 1835 enormes
396 1778 575 1848 donationes,
598 1791 666 1849 quae
686 1769 907 1831 ἰιυιῑιιηιηιοιὶο8
925 1778 953 1831 in
968 1775 1098 1848 quosdam

144 1861 246 1920 liberos
268 1860 433 1918 uacuelaotis
455 1858 627 1916 facultatibus
649 1853 848 1930 ’reliquorum⁹
871 1861 987 1930 pernicie
1008 1858 1099 1915 conie-

144 1953 254 2015 runtur,
269 1942 422 2000 iamdudum
435 1944 559 1998 diuorum
573 1943 724 2015 principum
739 1945 851 1997 statutis
866 1957 928 1998 esse
938 1943 1098 2014 prouisum.

145 2025 174 2083 Si
189 2028 273 2100 igitur
288 2033 374 2082 mater
385 2034 429 2081 tua
440 2027 476 2081 ita
492 2027 683 2099 patrimonium
697 2039 775 2080 suum
791 2023 924 2098 profunda
938 2025 1100 2082 liberalitate

36 2119 58 2180 '¹
145 2112 175 2166 in
189 2110 307 2181 fratrem
323 2117 398 2165 tuum
414 2109 577 2166 euisceratis
592 2107 688 2182 opibus
710 2109 767 2164 suis
782 2109 919 2179 csbausit,
943 2117 974 2165 ut
989 2117 1099 2182 quartae

145 2197 235 2268 partis
254 2192 410 2265 dimidiam,
437 2207 516 2266 quam
539 2193 572 2248 ad
593 2190 790 2248 excludendum
811 2190 955 2249 inofliciosi
977 2193 1099 2250 'ordinu-

145 2270 248 2334 riom¹⁰
260 2275 397 2350 querelam
407 2277 550 2332 aduersum
561 2276 769 2333 ’testamentum
781 2269 941 2349 (sufficere)
953 2269 1100 2348 constat,¹1

145 2361 187 2417 his
203 2360 311 2417 donatis
326 2359 451 2434 datisque
470 2360 534 2417 ’non
549 2359 670 2417 relictam
685 2359 734 2416 tibi
749 2354 891 2430 habeas,¹²
912 2375 1021 2434 praeses
1036 2376 1099 2434 pro·

146 2446 262 2516 uinciae,
285 2443 358 2518 quod
373 2445 557 2501 immoderate
572 2452 679 2519 gestum
695 2452 746 2516 est,
761 2443 908 2500 reuocabit.
946 2436 1100 2518 'namque¹³

221 2618 239 2687 ¹)
261 2621 380 2671 Restitui.
417 2621 511 2670 Paullo
532 2621 610 2672 aliter
632 2621 746 2672 Momms.
767 2629 792 2671 et
812 2637 858 2687 epo
877 2623 931 2685 ipse
946 2625 1039 2686 priore
1054 2624 1099 2674 ed.

147 2687 169 2758 ²)
179 2708 203 2742 α.
215 2703 263 2743 28⁶.
311 2687 333 2758 ⁸)
347 2691 377 2741 dr
387 2693 528 2740 castrensis
534 2693 634 2753 peculii
640 2693 729 2754 factae
738 2692 891 2742 donationes
900 2693 986 2743 uideri
989 2696 1098 2757 possint.

146 2760 169 2828 ⁴)
183 2762 302 2813 Accessit
315 2777 350 2812 esc
368 2761 395 2810 V
397 2760 418 2811 ⁶¹.
492 2759 514 2827 ὅ)
528 2761 652 2811 Maximino
676 2761 707 2810 V.
725 2763 765 2810 ed.
785 2762 877 2812 Hoilw.
901 2763 1001 2812 Maximo
1015 2764 1044 2814 ΙΙ.
1059 2765 1099 2814 ed.

145 2833 245 2884 Buclrlz.
318 2829 340 2899 ⁶)
355 2833 425 2883 Pars
438 2838 511 2881 extat
523 2833 551 2880 in
566 2833 598 2882 1..
613 2844 633 2884 n.
655 2831 680 2882 d.
696 2833 727 2881 de
741 2832 815 2895 inoff.
829 2832 888 2882 don.
905 2831 939 2897 (e,
954 2831 991 2898 re)
1005 2835 1101 2886 insen:

147 2899 242 2953 ‘Iidem
256 2901 314 2952 ΑΑ.
330 2899 486 2962 Ammiano’,
506 2904 574 2966 quod
591 2901 690 2952 necne.
706 2902 729 2952 b.
746 2899 762 2951 l.
777 2904 897 2952 restituit.
929 2902 982 2954 Sed
994 2904 1099 2954 Anniano

151 2973 179 3021 V
183 2971 202 3022 θ.
217 2975 256 3022 ed.
268 2972 381 3024 Monimo.
404 2974 436 3024 In
451 2975 567 3038 morpine
580 2973 675 3024 sedet:
688 2973 732 3022 Hic
747 2972 776 3021 de
791 2973 915 3022 inmodicis
925 2973 1099 3024 donationibus.

148 3039 169 3106 π)
184 3041 229 3090 Ex
248 3041 295 3090 Vt.
310 3051 335 3094 et
349 3043 463 3094 Monens.
477 3043 517 3092 ed.
591 3042 612 3109 ὓ)
626 3042 671 3092 nx
690 3043 717 3091 V
717 3048 736 3092 d.
755 3051 780 3124 et
798 3043 911 3094 Momms.
930 3045 970 3094 ed.
990 3046 1098 3128 mm·

146 3113 335 3247 elteri.
353 3111 675 3232 instincti
691 3114 1100 3247 eliserit-,tenen

146 3253 211 3316 ord,
231 3259 259 3302 ut
277 3254 424 3316 saepissime
442 3269 465 3302 o.
485 3253 620 3303 ordinarius
638 3255 665 3302 in
684 3255 814 3317 lapididus
833 3260 945 3304 notatur.
1011 3251 1043 3318 ¹¹)
1058 3253 1102 3302 Aa

146 3341 281 3406 imapinem
300 3340 328 3390 V
329 3338 348 3390 θ.
362 3342 466 3403 scripsi.
494 3340 526 3390 In
541 3341 572 3390 V.
584 3341 681 3405 fuerit:
695 3326 754 3390 tium
769 3347 869 3398 constat,
882 3341 996 3402 fortasse
1010 3355 1100 3403 super·

145 3415 245 3475 scripta
265 3428 287 3461 ar.
305 3408 458 3475 ‘sufficere’,
477 3411 509 3460 de
528 3426 578 3475 qun
596 3413 647 3460 oid.
663 3411 727 3463 Iust.
743 3410 769 3458 0.
793 3410 920 3459 aduersum
938 3417 961 3458 te
979 3410 1099 3474 sufficere

146 3490 240 3531 constat
253 3483 293 3531 ed.
309 3482 423 3533 Monens.
498 3477 531 3545 ²²)
546 3481 590 3529 Ex
610 3481 637 3530 V
638 3481 658 3529 ⁶.
678 3481 717 3532 ed.
733 3480 860 3541 Momm,
874 3486 972 3528 tantum
986 3495 1099 3544 pronon

141 3554 228 3616 posito
238 3553 285 3602 bau
296 3550 403 3640 (hapdi).
450 3547 483 3617 ¹⁸)
494 3550 538 3600 En
546 3551 637 3602 Hoilw.
649 3553 682 3614 qi.
693 3564 791 3614 eamque
807 3550 834 3599 V
835 3548 855 3598 ⁴.
865 3565 923 3600 saus
933 3551 972 3602 ed.
983 3551 1096 3602 Momms.
