2678 4116
206 217 271 284 176
516 235 682 270 oa111usu1r.
702 217 722 268 I.
742 222 856 270 att-22.

205 367 353 435 alumnum,
369 374 415 421 aut
435 357 655 438 poedagogum,l
670 372 717 418 aut
728 378 838 418 seruum
851 364 1035 436 procuratoris
1047 362 1162 420 habendi

206 452 304 524 gratia,
326 458 373 504 aut
388 448 510 505 ancillam
527 448 688 504 matrimonii
710 463 792 503 nausa
813 449 887 519 apud
907 445 1048 503 eonsilium
1069 463 1162 503 manu·

205 536 303 590 mittut.

268 616 321 674 vti.
364 621 398 670 De
421 621 522 671 oonsilio
547 620 690 672 adhibendo.
740 612 793 673 20.
827 613 974 670 Consilium
1000 621 1089 669 autem
1116 614 1161 670 ati·

205 700 314 758 hibetur
328 702 355 756 in
371 698 438 756 urbe
458 699 540 754 Roma
561 697 669 771 quidem
685 697 806 770 quinque
828 707 982 754 senatorum
998 706 1026 754 et
1041 699 1160 771 quinque

206 786 328 857 equitum
349 783 528 839 Romanorum
549 781 697 854 puberum:
722 783 750 836 iu
775 782 923 860 prouinciis
950 790 1039 836 autern
1064 783 1161 855 uiginti

206 875 426 942 recuperatorum
447 867 545 922 ciuium
561 866 752 922 Romanorum.
781 864 863 936 idque
882 863 913 920 m
929 864 1022 920 ultimo
1037 864 1081 922 die
1096 881 1160 922 cou-

208 960 322 1020 uentus3
337 949 385 1008 sod
400 949 499 1006 Romae
512 943 626 1023 (serui)²
636 950 717 1004 oertis
729 948 823 1004 diebus
832 948 902 1020 apud
914 948 1053 1004 consilium
1065 965 1160 1006 mauu-

206 1037 359 1094 mittuntur.
390 1033 503 1090 Maiores
519 1049 585 1090 uero
598 1034 708 1105 triginta
719 1047 850 1088 annorum
864 1033 937 1088 serui
947 1047 1053 1105 semper
1068 1049 1160 1090 manu·

207 1120 277 1174 mitti
292 1118 396 1188 solent,
419 1117 486 1174 adeo
509 1124 539 1172 ut
562 1115 607 1174 uei
628 1118 655 1172 in
677 1117 793 1172 transitu
814 1115 1052 1187 manumittantur,
1076 1117 1162 1174 ueluti

207 1217 267 1259 oum
282 1209 393 1275 praetor
407 1208 454 1256 aut
468 1216 518 1273 pro
534 1199 646 1256 consule
666 1201 694 1256 in
709 1199 833 1256 balneum
855 1199 900 1256 uei
915 1201 943 1256 in
957 1201 1091 1258 theutrum
1108 1209 1160 1258 eat.

207 1283 251 1344 21.
275 1285 416 1340 Praeterea
438 1285 526 1340 minor
549 1285 660 1357 triginta
681 1299 811 1340 annorum
834 1299 931 1340 seruus
953 1276 1232 1345 'manumissus311051

206 1376 299 1442 potest
314 1368 381 1424 ciuis
392 1366 528 1424 Romanus
544 1365 611 1437 fieri,
627 1368 650 1422 si
665 1366 697 1422 ab
713 1383 746 1424 eo
761 1366 881 1439 domiuo,
897 1369 944 1441 qui
959 1367 1090 1424 soluendo
1105 1383 1159 1424 non

207 1460 280 1521 erat,
301 1459 463 1507 testamento
483 1467 544 1506 eum
564 1449 677 1508 liberum
699 1457 727 1506 et
741 1449 867 1506 heredem
887 1447 1036 1508 relictum⁴
1050 1469 1065 1508 4
1080 1469 1098 1509 ur
1112 1468 1162 1510 *a

137 1544 161 1593 5.
173 1545 195 1594 6.
209 1528 324 1613 )----
334 1554 371 1588 vr.
381 1551 408 1590 44
417 1553 479 1590 nuno
488 1539 535 1602 legi
547 1553 594 1590 non
603 1545 704 1602 possunt
711 1565 813 1574 ——-
823 1528 848 1612 i⁵
861 1529 930 1611 [22]
944 1536 1065 1592 homines
1074 1535 1161 1596 Larini

206 1649 419 1660 mannua—-

281 1699 301 1768 ¹)
311 1702 492 1768 paedapopum
505 1704 619 1768 intellige
631 1702 770 1754 liberorum
781 1704 975 1754 manumissoris
989 1702 1031 1770 (L.
1042 1715 1076 1756 35.
1087 1704 1119 1753 D.
1128 1703 1160 1754 de

204 1774 290 1836 fideio.
302 1773 344 1822 tio.
355 1784 390 1831 40,
398 1772 429 1840 5).
444 1773 522 1836 Infra
532 1775 555 1835 ἓ.
564 1784 597 1824 aa.
608 1774 763 1837 iuteitipitur
773 1775 804 1832 io,
812 1775 856 1838 qui
863 1775 947 1836 ipsum·
953 1777 1160 1824 manumissorem

207 1845 319 1893 instituit
331 1842 373 1908 (L,
385 1855 417 1894 13.
428 1843 460 1891 D.
472 1844 621 1892 demonum.
632 1844 701 1892 vind.
712 1855 747 1902 4ο,
762 1843 793 1910 2).
824 1843 896 1892 ΝἰΙιίῑ
910 1846 991 1910 ipitur
1005 1845 1158 1894 mutandum.

209 1911 370 1980 ¹)Omiseum
384 1913 415 1963 ob
433 1916 515 1963 simite
529 1928 637 1977 sequens
651 1915 744 1962 certi-s.
815 1909 898 1978 ⁸)m‘rn
920 1913 945 1963 0.
975 1916 1159 1964 manumissione

207 1985 265 2034 edd.
280 1982 400 2049 (praeter
409 1982 501 2050 stou).
533 1983 619 2048 Neque
629 1999 689 2033 uero
699 1985 919 2034 uranumiaae'onem
933 1992 958 2034 et
972 1987 1038 2034 ulios
1052 1986 1088 2035 od
1097 1987 1159 2034 ciui-

208 2062 284 2104 tatem
294 2055 465 2118 perveniendi
477 2055 565 2104 modos
581 2053 661 2103 Gaius
675 2062 815 2118 comparat.
842 2055 998 2118 0fi1,1o.1o.
1049 2053 1071 2120 4)
1086 2055 1161 2108 Haeo

207 2141 225 2174 a
238 2141 276 2175 me
290 2141 347 2176 oum
360 2125 466 2176 Lucium.
481 2133 506 2174 et
519 2124 613 2175 Boeoto.
629 2139 663 2172 eoo
682 2125 712 2173 V.
727 2132 827 2174 retentu
838 2127 926 2187 firmat
939 2128 1015 2176 etiam
1033 2126 1061 2175 V
1062 2122 1090 2174 ⁸².
1105 2128 1160 2192 qui-

208 2195 254 2245 bua
268 2194 316 2246 cur
334 2211 387 2246 uteo
406 2211 475 2245 more
493 2197 543 2244 uim
561 2195 677 2244 intulisse
696 2195 773 2244 dicar
787 2211 804 2244 α
825 2195 942 2245 Goudsm.
961 2211 1012 2246 uon
1031 2199 1159 2262 intellego.

208 2267 263 2329 ipae
277 2269 349 2315 uultu
364 2280 451 2314 eorum
465 2280 530 2329 quoe
544 2266 616 2328 sequi
626 2271 750 2327 poteraut
763 2267 864 2316 ratione
879 2264 966 2315 habita
981 2268 1092 2316 intrudit
1106 2283 1160 2318 cum

207 2335 269 2384 iiber
286 2343 336 2383 tum
355 2343 378 2384 et
396 2336 467 2383 heres
485 2334 582 2382 relictus
597 2333 628 2382 sit
648 2337 724 2384 etium
738 2349 788 2398 per
802 2351 829 2385 se
849 2336 1036 2399 tranferendo.
1088 2336 1109 2403 ὓ)
1128 2337 1160 2388 Iu

208 2405 248 2454 ed.
263 2415 283 2455 a.
298 2406 333 2454 od
348 2405 533 2467 perficiendum
553 2404 629 2452 auius
648 2407 671 2466 ἓ.
686 2417 719 2456 21.
738 2409 888 2456 senteutiam
906 2407 933 2455 in
947 2409 1008 2496 ‘ooo
1029 2415 1160 2471 contextu,

207 2474 310 2526 selredus
323 2473 484 2524 Btuitmianie
498 2475 583 2533 nisus,
601 2489 636 2523 em
649 2477 673 2536 ς.
688 2487 709 2526 a·
724 2474 746 2524 Ι.
761 2477 828 2541 quib.
846 2493 954 2526 ananum.
970 2476 1001 2542 (1,
1016 2477 1039 2543 6)
1058 2481 1161 2530 collatis

208 2547 232 2606 (5.
247 2557 267 2594 1.
282 2544 304 2592 I.
320 2546 364 2608 qui
378 2551 432 2593 test.
448 2552 493 2594 tut.
510 2543 541 2609 (1,
552 2544 587 2610 14)
602 2543 634 2592 L.
645 2555 665 2596 5.
679 2545 704 2594 0.
720 2546 751 2594 de
766 2554 820 2595 test.
836 2554 881 2596 tut.
897 2545 927 2612 (5,
938 2547 974 2614 28)
990 2549 1159 2612 hueoforma·

208 2629 308 2664 uerum:
335 2611 454 2684 ‘relictum
474 2627 563 2664 seruus
584 2617 712 2668 aitmiit'ter
732 2632 789 2666 oum
811 2617 928 2666 libertate
951 2619 1026 2668 heres
1048 2622 1159 2682 scriptus

208 2691 351 2735 testamento
367 2700 417 2734 nou
428 2685 584 2748 praecedat,
604 2693 628 2734 et
642 2701 712 2735 nemo
727 2689 795 2736 atius
811 2692 815 2746 1
831 2703 865 2737 ex
879 2703 908 2738 eo
923 2694 1070 2740 testamento
1084 2689 1158 2738 iteres

208 2756 249 2804 eit.
279 2756 354 2820 idque
368 2755 456 2805 eudem
470 2758 525 2822 lepe
539 2755 616 2806 Aelia
630 2755 719 2805 Sentio
734 2763 835 2807 cautum
849 2765 894 2808 est.
912 2763 916 2817 Ι
932 2759 998 2808 idem
1013 2761 1107 2822 fauore
1126 2761 1157 2808 lt'-

208 2824 316 2874 bertatis
330 2826 362 2874 de
376 2841 405 2876 eo
419 2841 495 2876 seruo
511 2827 632 2876 Proculus
647 2829 788 2886 emistimut,
806 2831 809 2887 Ι
826 2831 871 2892 qui
884 2829 939 2879 sine
953 2829 1071 2880 libertate
1085 2831 1160 2880 lueres

207 2897 321 2958 scriptus
341 2892 396 2946 at't'.
422 2923 454 2932 —
477 2896 530 2946 Sed
549 2900 625 2946 etium
643 2899 885 2962 reliquampartem
903 2902 1032 2965 popinae,
1053 2917 1087 2950 ex
1109 2916 1161 2966 qua

144 3003 148 3008 .
210 2964 301 3016 uorat.
316 2978 336 3017 2.
359 2981 462 3032 eamque
475 2975 578 3018 secutae
592 2967 650 3017 edd.
665 2969 784 3033 stapulas
799 2976 895 3018 tuntum
909 2986 983 3020 uoces
1001 2970 1107 3038 (spurios
1126 2999 1160 3007 -

207 3069 419 3081 ..ι-ιι*-

279 3120 304 3192 5.
315 3127 358 3176 20.
375 3125 413 3188 Of.
428 3125 482 3189 Utp.
499 3139 519 3189 1,
534 3138 591 3178 mo.
606 3129 629 3188 §-
645 3139 665 3176 n.
680 3127 703 3175 I.
718 3129 750 3177 de
764 3128 847 3178 libert.
863 3127 895 3194 (1,
904 3127 934 3194 a).
958 3129 1088 3194 Theophit.
1104 3144 1124 3190 1,
1139 3142 1160 3183 o.

208 3196 390 3257 §§.2.4.1,t.
409 3197 468 3257 §.o
489 3196 519 3244 L.
536 3209 561 3248 16
571 3212 614 3259 pr.
630 3197 661 3244 D.
684 3198 716 3246 de
734 3215 840 3248 uranum.
861 3198 954 3265 oium(
981 3199 1034 3265 ,a).
1049 3201 1081 3250 L.
1097 3214 1117 3252 1.
1134 3202 1161 3251 0.

207 3265 263 3316 eod.
279 3263 310 3330 (a,
321 3264 352 3331 1).
371 3265 431 3315 Lem
441 3266 512 3316 Flau.
528 3266 644 3330 Soipens.
660 3279 694 3318 28.
708 3268 741 3316 L.
756 3281 769 3320 a
779 3285 823 3332 pr.
843 3269 886 3318 ΤΙι.
904 3270 929 3318 0.
940 3272 971 3319 de
981 3278 1058 3321 tutor.
1069 3279 1093 3321 et
1103 3287 1160 3322 our.

208 3334 240 3400 (a,
254 3333 299 3402 lt).
324 3337 406 3385 ultimo
425 3337 464 3386 die
480 3333 560 3404 conr]
581 3339 625 3401 qui
643 3353 698 3386 cum
716 3345 768 3388 toto
787 3347 911 3388 conuentu
932 3341 1089 3391 edicebatur.
1120 3342 1160 3406 Cf.

207 3404 276 3455 Suet.
295 3405 366 3456 uoto.
383 3419 415 3458 10.
432 3407 500 3456 Ptut.
518 3407 589 3456 nato.
605 3419 625 3459 5.
675 3405 700 3476 ξ.
716 3411 758 3458 21.
785 3409 822 3472 Cf.
838 3411 861 3471 ἓ.
877 3422 896 3460 1.
916 3409 937 3460 I.
957 3411 1023 3476 quib.
1039 3428 1074 3461 em
1088 3427 1159 3462 ortus.

206 3491 274 3526 anan.
291 3475 321 3542 (ι,
337 3475 372 3542 o):
388 3478 460 3540 iufra
475 3490 496 3536 a,
512 3488 556 3529 154.
573 3489 619 3530 276.
640 3478 693 3542 Uip.
710 3491 730 3544 1,
746 3491 778 3530 14.
797 3479 840 3528 Fi.
855 3480 917 3530 Dos.
934 3492 968 3532 18.
983 3482 1015 3532 L.
1029 3494 1063 3534 27.
1079 3483 1111 3533 D.
1127 3484 1160 3534 de

207 3561 315 3595 manum.
331 3555 385 3597 test.
401 3546 447 3612 (4ο,
460 3547 492 3614 4).
513 3548 545 3598 L.
560 3560 593 3600 60.
616 3549 647 3598 D.
663 3549 762 3598 dener.
778 3552 837 3600 inst.
852 3549 897 3615 (28,
911 3549 943 3618 5).
