2680 4118
256 193 315 258 758
465 209 562 246 rainu.
582 207 635 244 mrn.
655 207 715 244 nou.
735 206 820 244 varic.
842 195 988 244 130-149.

318 336 386 396 180.
412 333 504 394 ¹item.
550 336 577 392 Si
600 336 707 412 quando
730 345 819 414 autem
842 335 995 394 huiusmodi
1018 335 1146 392 ualetudo
1163 335 1216 391 ad·

255 423 387 495 firmetur,
409 422 540 495 inspectio
556 423 687 494 praetoris
704 422 854 478 necessaria
869 429 920 477 est.
964 420 1026 476 Siue
1042 429 1130 476 autem
1148 421 1216 492 quis

255 507 408 562 arthriticus
424 507 475 574 sit,
498 506 555 560 siue
577 498 762 577 'phthisicus,²
779 506 836 560 siue
852 504 1051 578 epilempticus,
1076 505 1133 560 siue
1154 501 1215 559 'or-

254 583 330 661 bus‚³
346 591 429 645 ethis
445 587 551 658 similia,
566 595 736 643 excusantur.

318 669 381 731 181.
406 666 495 728 ⁴¹item.
526 669 611 726 Verba
627 672 764 744 rescripti:
783 669 929 741 ‘Libertus
945 673 991 744 qui
1007 672 1116 744 negotia
1131 687 1214 726 sena·
1226 695 1283 743 [663]

232 779 234 784 ·
256 759 322 814 toris
338 756 431 830 populi
447 755 557 811 Romani
580 749 684 830 'gerit⁵‚
707 754 821 812 atutela
842 763 1000 822 excusatum
1023 754 1216 812 amuneribus

255 850 344 898 autem
360 838 494 910 ciuilibus,
518 839 650 912 cumipse
667 853 776 912 quoque
792 837 868 894 honis
884 837 997 910 publicis
1014 837 1128 907 fruatur,
1153 855 1214 896 non

256 923 351 982 uacat!

318 1003 384 1064 182.
409 999 497 1065 ⁶item.
529 1004 573 1061 Sic
588 1013 677 1061 autem
693 1005 905 1078 interpretantur
917 1003 1065 1078 prudentes
1081 1005 1128 1062 has
1144 1022 1212 1062 con·

254 1092 421 1162 stitutiones‚
438 1098 468 1144 ut
480 1105 562 1144 unum
577 1087 702 1144 libertum
718 1097 921 1162 procuratorem
940 1089 966 1144 in
982 1081 1114 1162 ’quaque7
1126 1089 1211 1146 domo

255 1177 386 1232 senatoris
409 1173 548 1230 noluerint
570 1189 682 1243 uacare,
711 1189 764 1227 non
789 1181 925 1245 quotquot
947 1181 1041 1244 erunt,
1069 1173 1092 1228 si
1115 1173 1211 1248 piures

255 1259 363 1315 suerint.

316 1337 381 1398 138.
404 1340 479 1396 Item.
515 1339 587 1414 Ergo
606 1339 729 1394 uidemur
744 1339 796 1394 hoc
817 1341 875 1395 iure
895 1341 944 1411 uti,
968 1347 998 1395 ut
1013 1341 1035 1396 is
1053 1349 1141 1412 uacet,
1164 1342 1210 1396 cui

255 1425 373 1480 omnium
395 1439 485 1480 rerum
508 1423 671 1496 generaliter
692 1425 847 1496 procuratio
874 1424 996 1479 mandata
1024 1425 1073 1496 sit;
1103 1433 1130 1480 et
1152 1441 1210 1480 non

254 1507 378 1580 amplius,
397 1523 475 1579 quam
492 1523 570 1561 uirus.
1084 1521 1086 1524 ·

317 1587 383 1648 184.
407 1590 483 1647 item.
513 1592 616 1646 Arearii
630 1589 787 1660 Caesariani,
808 1592 853 1663 qui
869 1591 896 1646 in
911 1589 971 1647 foro
988 1591 1093 1646 'iraiani
1108 1591 1209 1646 hahent

254 1675 394 1743 stationes,
414 1690 445 1730 es
457 1675 539 1731 sacris
554 1673 791 1730 constitutionibus
807 1673 977 1730 multifariam
989 1676 1092 1730 emissis
1108 1673 1208 1730 habent

253 1760 455 1814 immunitatem.

316 1839 379 1900 135.
402 1836 490 1898 Sitem.
536 1839 585 1907 Qu
607 1841 659 1896 iam
682 1848 786 1896 tutores
810 1840 854 1896 nel
877 1849 1014 1898 curatores
1030 1850 1104 1914 sunt,
1127 1844 1149 1897 si
1166 1844 1208 1898 rei

253 1923 375 1998 publicae
391 1942 471 1983 causa
487 1923 583 1993 absint,
606 1923 637 1979 ad
655 1933 759 1996 tempus
776 1933 947 1980 excusantur.

316 2005 378 2066 186.
401 2010 476 2073 item,
520 2007 600 2078 Eum,
624 2009 670 2081 qui
692 2009 750 2063 uiae
772 2024 862 2064 curam
888 2007 968 2064 habet
990 2009 1021 2064 ab
1044 2011 1208 2084 imperatore

253 2093 412 2165 iniunctam,
428 2085 574 2150 excusari⁰

315 2172 376 2236 137.
392 2177 465 2232 item.
493 2167 701 2231 Anabolicarii¹⁰
716 2191 730 2229 a
746 2175 837 2231 tutelis
853 2175 1090 2250 curationibusque
1107 2177 1207 2234 habent

254 2262 426 2319 uacationem.

315 2340 379 2401 188.
404 2344 478 2402 item.
522 2343 551 2412 ii,
575 2343 664 2415 quiin
680 2343 800 2398 centuria
822 2359 1002 2400 accensorum
1026 2337 1206 2400 uelatorum¹¹

253 2436 327 2496 sunt,
343 2425 441 2482 habent
457 2427 650 2482 immunitatem
666 2443 680 2480 a
698 2426 788 2481 tutelis
805 2435 832 2482 et
847 2427 927 2483 curis.

315 2505 378 2566 139.
403 2503 465 2564 ¹²iie
481 2508 585 2579 litibus,
608 2524 674 2580 quas
691 2517 766 2566 tutor
781 2526 842 2566 cuni
859 2509 963 2583 pupilio
980 2509 1070 2582 habet,
1093 2528 1126 2568 an
1142 2528 1206 2585 pro·

252 2602 346 2667 pterea
361 2591 521 2647 excusetur?
551 2589 583 2647 Et
605 2585 708 2647 'dicit¹³
729 2603 873 2666 propterea
889 2611 943 2650 non
960 2595 1153 2667 excusandum3
1178 2603 1206 2650 ct

253 2676 498 2747 mmmmm.

325 2839 345 2908 1)
362 2843 399 2906 Os.
415 2845 437 2904 §-
453 2855 499 2894 aae.
518 2843 550 2892 L.
566 2855 599 2895 ιο.
619 2846 641 2906 §-
656 2855 676 2894 ε.
699 2843 730 2894 D.
746 2844 769 2892 t.
786 2851 802 2893 t.
877 2841 1097 2910 ¹)EaeBarlrovti
1115 2848 1205 2909 eppo·

252 2915 316 2963 sicus
337 2913 393 2962 Vat.
410 2914 449 2962 ed.
464 2914 557 2964 Hollw.
576 2915 685 2978 psoricus
705 2914 793 2964 Diria.
814 2917 845 2978 ej.
866 2917 1019 2981 podapricns
1035 2916 1074 2965 ed.
1091 2915 1205 2966 Momms.

253 2982 274 3047 ³)
287 2982 427 3046 Suspicor:
442 2985 495 3034 uisu
510 2985 582 3034 orbus
597 2986 636 3034 vet
650 2983 743 3032 surdus.
796 2981 817 3050 4)
834 2985 872 3048 Cf.
888 2986 919 3034 L.
935 2996 968 3037 15.
984 2988 1007 3048 ς.
1021 2998 1042 3038 6.
1058 2987 1089 3034 L.
1100 2998 1133 3037 44.
1150 2989 1173 3048 §-
1184 2997 1205 3037 a.

252 3055 323 3104 Deir.
339 3061 355 3102 t.
372 3054 403 3103 L.
419 3067 451 3106 17.
467 3057 489 3116 ἓ.
505 3067 524 3105 1.
549 3054 585 3102 D:
597 3055 632 3104 ad
644 3055 737 3104 munic.
753 3053 801 3118 (50,
817 3054 847 3121 1).
922 3053 942 3120 δ)
962 3056 990 3104 V
991 3055 1009 3105 ⁰¹.
1031 3056 1070 3105 ed.
1091 3057 1205 3108 Monimo.

251 3123 319 3174 curat
337 3124 395 3176 Vnt.
412 3133 512 3175 ceterae
526 3125 584 3173 edd.
635 3120 709 3189 ⁰)Cf.
726 3124 757 3173 L.
769 3137 801 3176 11.
824 3125 849 3176 0.
864 3125 889 3176 Ιι.
905 3133 921 3174 t.
938 3124 968 3190 (t,
980 3125 1023 3191 61).
1078 3124 1098 3192 ²)
1114 3141 1206 3190 quaqua

257 3195 314 3248 Vat.
330 3197 388 3246 edd.
447 3192 469 3262 8)
486 3195 523 3258 Os.
538 3196 561 3255 3.
577 3205 596 3244 t.
612 3195 633 3243 I.
649 3194 673 3243 Ιι.
689 3201 705 3242 t.
766 3192 788 3260 ⁹)
805 3196 939 3246 Fortasse:
953 3199 1022 3246 c'stat
1036 3196 1150 3262 (constat)
1165 3211 1206 3246 ex-

250 3269 339 3316 cusari.
367 3266 406 3315 De
421 3281 450 3315 re
465 3265 499 3328 ef.
517 3264 634 3314 Frontina.
649 3265 680 3313 de
695 3267 769 3329 aquis
785 3278 829 3317 100.
850 3266 882 3315 L.
898 3277 932 3317 11.
947 3269 969 3328 ᾖ.
986 3281 1005 3318 1.
1030 3267 1062 3317 D.
1077 3268 1101 3316 Ιι.
1116 3274 1133 3316 t.

58 3370 61 3375 -
255 3333 286 3401 10)
304 3337 342 3400 Cf.
368 3336 471 3399 Vopiac.
491 3335 581 3384 Aurei.
601 3346 634 3386 45.
712 3332 744 3400 11)
761 3336 798 3399 Cf.
819 3336 861 3385 tit.
881 3345 962 3387 nostr.
995 3337 1113 3401 Verf.'d.
1132 3336 1205 3390 Sero.

152 3463 154 3466 ¹
255 3407 320 3458 Tuli,
331 3423 359 3470 p.
375 3419 421 3456 181.
493 3401 526 3470 ¹²)
544 3405 581 3468 Cf.
596 3408 618 3468 ἓ.
633 3418 654 3465 4.
674 3405 735 3457 tt.
750 3413 767 3458 t.
840 3403 872 3472 1³)
888 3407 975 3456 dicitur
995 3408 1059 3457 Mei.
1080 3410 1112 3471 ej.
1133 3408 1206 3456 didici

252 3476 365 3525 Momme.
381 3479 413 3539 ρ).
441 3475 494 3525 Sed
507 3477 591 3525 atatim
610 3477 728 3534 eredere,
748 3477 805 3526 Iota·
822 3491 911 3526 nomen
930 3479 957 3527 in
976 3480 1069 3528 recisis
1083 3492 1206 3542 praeees-

251 3547 324 3607 stase,
339 3548 421 3594 aetat:
435 3545 497 3594 Item
512 3546 631 3597 Iulianus
646 3549 748 3612 quaerit
762 3547 791 3596 de
806 3547 895 3598 litibus,
