2684 4112
259 237 326 302 464
517 255 583 292 1vn11
600 253 696 292 ravum
715 255 784 292 saur.
804 236 824 289 I.
844 241 954 290 10-12.

315 401 378 442 rrr.
394 403 423 442 x.
453 401 494 442 nu
509 379 576 459 ’(40,
590 401 643 450 ori
657 401 752 443 caasa
768 378 885 459 caorrl¹
900 401 977 442 ruva
992 401 1147 444 rurnnno.
1228 397 1300 446 [aas]

321 491 346 551 1.
371 491 451 568 (Plus
463 488 619 568 petendol²
638 489 720 550 'causa
742 493 860 550 cadimus
883 494 1015 565 antiaco,
1037 502 1083 564 aut
1097 509 1214 566 summa,

259 585 305 634 aut
320 587 449 652 tempore,
475 587 521 634 aut
543 578 685 652 qualitate:
709 577 781 649 loco,
804 578 878 651 alibl3
903 594 1014 649 summa,
1038 571 1214 646 'maiorem;³

260 670 399 736 tempore,
421 661 493 718 'ante
519 661 654 736 petendo,
677 677 756 735 quam
782 655 931 730 debetur;⁴
953 661 1096 736 qualitate,
1118 661 1213 718 ’debiti

259 748 368 820 generis
383 748 498 820 speciem
516 740 594 821 (etsi)
611 745 733 801 uiliorem
748 739 938 818 postulando.⁶

523 873 584 916 uir.
599 871 643 913 xt.
679 871 721 912 Du
737 870 944 918 sartandum.

320 955 341 1014 l.
364 949 492 1024 ⁸Quoties
508 955 643 1012 hereditas
660 957 775 1028 petitur,
796 956 936 1021 satisdatio
951 958 1010 1014 iure
1025 957 1211 1029 desideratum

257 1041 294 1097 ’et
314 1043 337 1096 si
357 1057 411 1097 nort
433 1041 524 1110 detur,
546 1041 574 1096 lu
599 1041 742 1112 petitorem
763 1041 936 1098 satisdantem
962 1041 1097 1098 hereditas
1122 1052 1211 1098 trans·

260 1117 370 1184 fertur.⁷
400 1126 422 1179 si
437 1125 538 1197 petitor
552 1123 682 1180 satisdare
697 1123 832 1194 noluerit,
848 1119 930 1198 penes
945 1141 1132 1199 possessorem
1148 1142 1212 1201 pos-

257 1211 343 1264 sessio
369 1216 503 1276 remanet;
537 1209 565 1263 in
591 1208 647 1280 pari
673 1208 743 1264 enim
769 1223 847 1264 causa
872 1209 964 1282 potior
988 1219 1031 1266 est
1056 1226 1210 1283 possessor.

256 1287 285 1349 2.
309 1285 546 1347 ⁸Usufructuarius
562 1285 618 1346 ’et9
639 1289 671 1346 de
687 1290 787 1347 utendo
811 1291 953 1348 usufructu
974 1293 1105 1350 satisdare
1119 1293 1210 1366 debet,

256 1375 296 1430 ’se
306 1368 332 1420 ¹⁰-
345 1373 456 1447 perinde
472 1389 594 1445 usurum,
610 1375 677 1431 acsi
692 1376 750 1448 ipse
765 1375 952 1449 paterfamilias
968 1385 1103 1435 uteretur.
1170 1392 1173 1399 ·

473 1499 536 1540 atr.
552 1499 607 1540 ΧΗ.
637 1499 679 1540 DE
695 1499 826 1543 IVDICIIS
843 1501 987 1544 ortumve.

190 1650 191 1653 Ἴ
320 1582 346 1641 1.
372 1577 395 1617 ¹¹
406 1581 447 1654 Hi,
464 1583 509 1658 qui
522 1583 587 1639 falsa
603 1587 780 1658 rescriptione
793 1587 834 1641 usi
845 1585 957 1656 fuerint,
969 1587 1030 1660 lege
1041 1587 1162 1644 Cornelia
1176 1547 1223 1646 de¹

258 1669 331 1724 falsis
342 1669 491 1742 puniuntur
502 1661 631 1724 ’exilio¹²
661 1662 733 1744 [¹³2.
750 1669 800 1738 Qui
815 1670 935 1726 ancillam
951 1673 1072 1746 eorrupit
1085 1670 1206 1744 alienam,
1221 1688 1282 1737 [aaa]

257 1822 301 1885 qui
319 1821 384 1884 reip.
404 1833 484 1868 eausa
503 1817 641 1882 adfuturus
659 1827 729 1877 erat,
749 1835 780 1868 eo
798 1835 860 1869 eoos
878 1821 981 1883 referas
999 1822 1036 1870 ad
1047 1824 1113 1885 reip.
1129 1839 1209 1874 eausa

255 1891 390 1948 absentem,
405 1889 436 1938 de
451 1904 500 1953 qno
514 1891 629 1953 loquitur
647 1889 702 1952 Uip.
717 1889 748 1938 L.
763 1901 797 1941 aa.
811 1892 835 1951 §-
850 1902 870 1941 4.
886 1891 918 1940 D.
928 1893 983 1942 eod.
1012 1891 1093 1955 ΟΜ.
1104 1905 1137 1944 14.
1154 1895 1177 1954 5.
1187 1905 1208 1945 4.

256 1963 287 2010 de
300 1963 375 2012 solut.
401 1971 436 2020 46,
451 1971 463 2011 a
476 1996 499 2014 ..

330 2031 377 2080 Tit.
391 1957 430 2080 (X.
463 1962 490 2095 )¹)
504 2028 549 2080 Eae
565 2029 675 2080 00444144.
689 2040 710 2088 t,
724 2042 745 2082 4.
766 2030 908 2082 Praeterea
922 2033 956 2094 ef.
975 2031 1030 2082 Gai.
1045 2045 1067 2091 4,
1081 2044 1115 2086 44.
1135 2035 1158 2095 5.
1174 2046 1207 2088 att.

255 2101 319 2152 Lde
330 2108 379 2152 act.
391 2099 423 2168 (4,
433 2098 464 2167 6).
503 2096 524 2165 ¹)
540 2099 618 2150 Recte
626 2097 724 2150 Scitote.
737 2101 891 2166 peminondo
905 2104 1040 2166 supplevit,
1055 2119 1120 2167 quae
1132 2106 1208 2154 etiam

255 2175 282 2222 in
298 2173 408 2224 consuta
424 2173 440 2220 l.
456 2187 478 2221 c.
494 2169 524 2220 od
539 2172 643 2220 eandem
657 2186 761 2221 eausam
775 2173 938 2222 exciderunt.
999 2169 1020 2238 ³)
1035 2173 1080 2222 Eae
1095 2175 1207 2225 0044444.

255 2243 402 2298 ementitum
416 2241 469 2306 plus
481 2240 543 2290 Odd.
553 2242 610 2290 edd.
634 2240 687 2291 Sed
697 2242 806 2291 Paullus
820 2243 887 2292 done
902 2259 922 2292 o.
932 2246 1077 2306 peneralem
1092 2252 1207 2308 repetere

254 2329 305 2363 non
316 2318 428 2376 poterat.
480 2307 502 2377 4)
516 2310 561 2360 Ear
572 2310 683 2362 (locauit.
698 2313 827 2376 repetendo
842 2320 896 2361 ante
910 2321 1003 2376 tempus
1016 2316 1133 2379 plerique
1145 2315 1205 2366 edat.

255 2384 312 2432 edd.
343 2383 403 2431 Cum
417 2395 477 2431 aero
491 2383 519 2430 ia
536 2381 578 2430 Gd.
594 2392 614 2432 4.
638 2383 673 2432 sit
686 2377 790 2444 summa,
812 2383 833 2432 si
847 2383 900 2446 plus
914 2399 984 2448 quam
998 2385 1080 2436 damus
1095 2387 1205 2451 petimus,

254 2453 401 2514 suspicatus
414 2465 469 2499 sum
481 2450 506 2499 d.
522 2452 537 2499 l.
558 2465 628 2513 quam
647 2452 747 2501 debetur
761 2459 820 2502 onte
833 2455 916 2503 simite
934 2455 1046 2519 qualitate
1067 2457 1204 2515 caecidisse,

254 2522 323 2587 qnod
336 2527 457 2570 mutatum
471 2521 498 2569 in
509 2534 579 2583 quam
589 2521 671 2570 damus
681 2523 763 2572 locum
777 2525 920 2574 mutaverit.
968 2521 989 2590 ὓ)
999 2525 1105 2576 eiusdem
1117 2527 1205 2591 speciei

254 2607 305 2642 rem
324 2591 445 2641 meliorem
463 2591 610 2653 postulantes
631 2591 692 2640 Cdd.
708 2594 848 2658 pleraeque
866 2594 924 2644 edd.
943 2609 990 2644 non
1009 2596 1116 2646 eiusdem
1135 2597 1205 2662 pretii

254 2663 297 2714 sed
311 2676 361 2712 rem
376 2660 498 2710 meliorem
512 2675 535 2724 p.
553 2660 596 2710 ed.
612 2673 645 2714 19.
678 2661 767 2712 Minus
785 2672 935 2728 corruptum
956 2668 1039 2716 locum
1052 2666 1127 2716 habet
1143 2667 1204 2718 Coa·

253 2735 321 2795 snlt„
336 2731 372 2780 ad
384 2745 459 2795 quom
472 2731 523 2780 oid.
538 2738 589 2784 not.

328 2801 375 2851 Iit.
394 2800 443 2850 XI.
478 2797 499 2867 ⁸)
515 2801 553 2865 Cf.
565 2801 616 2854 Cic.
633 2803 709 2854 Verr.
724 2817 745 2863 1,
758 2815 793 2857 44.
815 2805 872 2856 Gai.
886 2818 908 2864 4,
921 2818 1008 2872 seseq.
1025 2807 1069 2857 rt.
1085 2807 1140 2857 Vnt.
1156 2819 1202 2860 ato.

258 2871 313 2936 Uip.
329 2871 393 2921 Inst.
406 2871 444 2934 fr.
459 2870 510 2920 IV.
524 2872 556 2922 L.
571 2885 591 2925 a.
607 2875 630 2936 ἓ.
645 2877 691 2924 nlt.
706 2874 738 2924 L.
753 2887 786 2927 14.
802 2875 834 2926 D.
850 2877 882 2926 de
897 2876 1005 2927 Carion.
1020 2875 1069 2943 (at,
1084 2877 1127 2944 10).
1147 2877 1204 2930 ht

250 2959 293 3006 pr.
309 2944 332 3004 ξ.
347 2954 367 2993 1.
387 2942 419 2991 D.
434 2941 466 2992 de
476 2949 528 3006 pet.
543 2943 630 2996 iered.
646 2944 677 3010 (4,
691 2943 722 3010 a).
782 2942 803 3012 1)
818 2953 842 2994 et
855 2947 877 2996 si
891 2947 1014 2998 satisdatio
1029 2963 1075 2998 noo
1091 2949 1167 3012 detur,
1182 2950 1205 3000 in

252 3013 379 3076 petitorem
397 3013 518 3064 hereditas
536 3015 678 3064 transfertur
697 3015 759 3066 Odd.
778 3017 835 3066 edd.
855 3016 985 3081 Apparet,
1008 3034 1030 3068 o.
1051 3020 1205 3069 satisdantem

253 3083 393 3148 aliqnando
408 3085 537 3134 excidisse
551 3092 576 3134 et
589 3091 685 3134 mutata
698 3086 758 3136 sede
773 3088 800 3136 in
814 3088 939 3138 satisdatio
953 3088 1055 3140 obiisse.
1129 3087 1151 3154 ⁸)
1167 3090 1204 3154 Cf.

251 3164 273 3213 4,
288 3164 308 3206 a.
328 3155 351 3216 ξ.
366 3165 399 3205 44.
446 3152 528 3220 ⁹)Eoe
537 3157 670 3218 plerisque
686 3155 747 3206 Odd.
762 3157 801 3207 ed.
817 3157 901 3208 Idaea.
917 3174 964 3209 om.
979 3159 1018 3209 ed.
1029 3157 1062 3211 A.
1112 3156 1144 3226 ιδ)
1157 3159 1204 3211 Re-

253 3225 334 3275 ca‘sum
347 3226 465 3275 uidetur:
477 3225 535 3274 boui
548 3226 595 3274 uiri
609 3225 723 3276 arbitratu
738 3227 762 3276 id
777 3234 821 3277 est.
843 3225 846 3230 ’

327 3294 375 3346 Iit.
394 3295 461 3345 XII.
500 3291 534 3360 ²¹)
551 3294 671 3358 04144,
689 3296 714 3346 0.
730 3298 765 3347 ad
778 3300 826 3363 lep.
844 3299 919 3350 Coro.
935 3301 966 3350 de
978 3301 1041 3363 sals.
1057 3300 1088 3367 (4,
1103 3301 1146 3369 44)

255 3361 287 3431 ¹²)
303 3366 337 3415 Ex
350 3366 387 3415 his
405 3366 466 3416 Odd.
482 3365 554 3423 edd„
573 3380 637 3429 quae
652 3365 730 3416 uerba
745 3367 782 3417 idi
795 3383 845 3433 seq.
860 3373 1011 3420 sententiam
1025 3374 1203 3436 auspicantur,

253 3436 291 3499 Cf.
302 3437 325 3499 ᾖ.
336 3449 357 3488 4.
372 3435 394 3484 Ι.
405 3436 436 3484 de
446 3434 517 3498 publ.
529 3435 582 3485 iud.
594 3433 624 3500 (4,
635 3435 671 3502 14)
681 3436 740 3503 itaq.
751 3437 893 3490 Schrader.
920 3441 977 3492 Non
987 3433 1083 3494 accedo
1093 3443 1203 3506 findors.

252 3505 433 3571 Rechtspssela.
449 3507 472 3567 ἓ.
486 3517 521 3556 41.
536 3513 587 3556 not.
602 3517 622 3556 1.
676 3503 708 3574 ¹³)
723 3507 768 3558 Eae
783 3509 845 3560 Odcf.
860 3523 880 3562 4.
891 3521 924 3562 44.
936 3523 970 3564 rt.
980 3523 1014 3564 41.
1037 3512 1091 3564 Sed
1104 3515 1204 3564 addetur

247 3577 336 3639 potius
350 3575 464 3625 barbara
478 3572 524 3641 (cf.
539 3575 652 3642 Interpr.
668 3579 737 3640 ada
752 3582 799 3632 ιε’.
814 3582 837 3644 ᾖ.
853 3592 873 3633 4.
901 3582 960 3632 Lem
973 3583 1054 3649 Barp.
1071 3583 1115 3651 ta.)
1130 3601 1203 3650 quara
