2700 4118
253 245 312 281 uos.
332 247 365 282 uu
384 243 445 281 nou.
464 244 554 281 uuovm
572 243 678 280 cotun.
697 225 744 279 xi.
763 226 883 280 8.-ΧΙΙ.
905 232 927 280 1.
948 233 971 282 2.
1027 227 1088 293 683

136 375 165 435 ὅ.
189 375 289 432 Eodem
317 375 451 448 rescripto
480 373 536 432 diui
558 373 682 430 Hadriani
711 373 914 447 diligentissime
937 390 1092 450 expressum

138 468 190 533 est,
206 476 261 516 uon
277 457 378 532 ubique
393 473 483 532 parem
499 474 559 515 esse
572 474 685 532 poenam
701 456 866 531 abigeorum.

202 543 269 617 Kap.
292 543 356 599 Vlll.
399 543 482 599 lteur
509 540 674 617 Ulpianus
703 540 793 597 libro
822 549 854 597 et
882 543 1003 615 titulo,
1037 545 1093 618 qui

140 620 267 702 supra.¹
313 623 338 684 l.
361 624 455 700 Abigei
475 634 564 682 autem
586 627 694 700 proprie
715 626 743 682 hi
765 623 911 698 habentur,
935 629 980 700 qui
996 643 1093 701 pecora

144 728 177 768 er
198 718 278 784 pastu
301 704 359 766 uel²
381 725 414 764 en
436 712 562 767 armentis
585 709 759 780 subtrahunt,
784 717 811 765 et
834 709 1033 782 quodammodo
1049 711 1094 767 de·

140 795 318 868 praedantur,
334 801 361 849 el
376 792 501 868 abigendi
516 793 633 851 studium
651 793 727 868 quasi
742 802 826 850 artem
840 803 977 867 exercent,
999 793 1094 868 ’equos

139 878 173 935 de
196 869 349 952 gregibus³
370 877 414 934 uel
442 877 526 936 boues
544 879 577 935 de
599 880 727 936 armentis
753 877 924 936 abducentes.
969 874 1096 936 Ceterum

141 963 165 1020 si
179 963 238 1036 quis
250 961 348 1019 bouem
360 961 538 1035 aberrantem,
554 963 598 1020 uel
613 961 720 1036 ’equum
730 963 758 1018 in
769 961 914 1018 solitudine
931 956 1096 1036 (retectumll

144 1045 301 1119 abduxerit,
325 1055 438 1102 nonest
457 1047 584 1122 abigeus,
607 1047 654 1104 sed
676 1046 721 1102 lur
742 1048 842 1120 potius.
887 1044 914 1104 2.
939 1045 991 1104 Sed
1007 1055 1034 1102 et
1050 1047 1096 1120 qui

141 1147 266 1205 porcum,
284 1130 328 1186 uel
343 1146 458 1204 capram,
473 1132 519 1188 uel
533 1124 701 1188 'ueruecem⁶
722 1130 871 1199 abducunt,
895 1147 950 1187 non
965 1139 1020 1187 tam
1035 1145 1096 1205 gra-

142 1216 224 1286 uiter,
247 1223 278 1269 ut
293 1215 331 1284 hi,
354 1216 400 1286 qui
416 1217 514 1272 maiora
536 1215 657 1272 animalia
669 1213 791 1290 abigunt,
814 1214 895 1288 plecti
916 1213 1024 1272 debent.
1067 1210 1096 1272 3.

142 1296 309 1370 Quamquam
331 1305 420 1354 aulem
436 1297 581 1355 Hadrianus
605 1299 705 1356 metelli
727 1315 857 1373 poenam,
881 1296 958 1356 'item
979 1298 1106 1371 (tempo-¹
1143 1348 1146 1354 .

144 1376 227 1452 rarii)
252 1373 369 1454 operis,⁶
397 1382 440 1438 uel
467 1384 546 1438 etiam
575 1383 656 1458 gladii
684 1384 882 1457 praesument,
912 1391 1029 1440 attamen
1051 1385 1096 1458 qui

71 1463 132 1514 [58⁷]
145 1464 296 1520 honestiori
312 1463 373 1520 loco
389 1467 445 1523 uati
459 1475 539 1540 sunt,
560 1483 615 1524 non
636 1467 733 1524 debent
749 1467 781 1524 ad
796 1468 864 1524 hauc
879 1484 993 1541 poenam
1014 1470 1096 1540 perti·

143 1561 224 1611 uere:
247 1546 295 1604 setl
310 1557 356 1604 aut
371 1549 508 1625 relegandi
524 1560 613 1624 eruut,
629 1563 675 1608 aut
689 1550 847 1609 remouendi
861 1537 964 1609 ordine.
1000 1549 1028 1611 4.
1045 1551 1096 1608 lio-

143 1647 201 1688 mae
218 1639 308 1688 tamen
324 1634 403 1691 etiam
418 1633 512 1693 bestiis
529 1635 608 1692 obiici
630 1635 740 1710 abigeos
764 1633 900 1690 uidemus:
923 1643 950 1690 et
971 1651 1035 1691 sane
1051 1635 1097 1709 qul

141 1731 201 1774 cum
218 1715 313 1789 gladio
329 1715 451 1794 abigunt,
467 1737 522 1778 non
537 1721 628 1793 inique
643 1720 693 1776 hac
707 1733 794 1794 poena
809 1715 976 1774 adliciuntur.

483 1818 586 1882 Explicit
601 1818 629 1867 de
645 1817 743 1880 abigeis.

569 2026 665 2063 Incn’lu

386 2113 472 2196 (rin)
486 2135 543 2178 x11.
572 2137 615 2177 or
630 2136 853 2181 monumentis.

211 2250 277 2325 Kap.
300 2248 321 2307 1.
363 2248 497 2323 bloyses
519 2241 640 2305 dicit:⁷
676 2245 700 2307 1.
724 2248 752 2305 Si
767 2250 862 2306 exierit
876 2251 958 2325 ignis,
981 2260 1008 2308 et
1023 2251 1098 2310 inue-

143 2336 215 2392 nerit
230 2335 334 2408 spinas,
351 2342 378 2390 et
394 2333 629 2407 comprehenderit
648 2326 767 2390 ’aristas⁸
788 2333 832 2390 uel
848 2336 945 2408 spicas,
968 2335 1012 2392 uel
1028 2352 1097 2394 cem-

142 2435 217 2494 pum,
236 2419 449 2475 aestimationem
465 2419 591 2474 restituet
606 2415 663 2488 ille,
688 2419 734 2491 qui
749 2419 888 2475 succendit
902 2421 1002 2494 ignem.

207 2501 274 2576 llap.
291 2501 322 2560 ll.
351 2500 475 2558 Paulus
497 2499 587 2558 libro
610 2501 865 2574 sententiarum
881 2498 1021 2578 (quinio)
1039 2504 1098 2561 snb

143 2585 256 2642 titulo
279 2583 317 2642 de
338 2579 594 2642 incendiariis.⁹
638 2583 661 2644 1.
686 2578 766 2652 ¹⁰Qui
781 2601 867 2642 casam
885 2596 931 2643 aut
947 2587 1036 2644 uillam
1051 2591 1099 2646 iui-

144 2670 304 2726 micitlerum
327 2671 414 2743 gratia
436 2668 627 2740 incenderunt,
650 2669 807 2726 humiliores
828 2670 857 2725 in
879 2671 1030 2744 metallum,
1054 2681 1099 2729 aut

143 2753 171 2809 lu
195 2769 262 2828 opus
292 2752 428 2827 publicum
452 2753 623 2811 damnantur:
652 2752 822 2812 honestiores
843 2754 870 2809 in
892 2755 1005 2813 insulam
1031 2755 1099 2812 rele-

142 2956 166 3007 Ι.
185 2957 302 3023 Gotbofr.
322 2960 358 3009 ad
375 2958 407 3008 L.
422 2975 465 3011 un.
488 2958 531 3008 To.
554 2959 579 3010 0.
599 2959 635 3009 ad
652 2961 699 3024 leg.
716 2958 777 3008 Fao.
796 2956 831 3023 (9,
851 2958 894 3024 18).
971 2955 991 3026 ¹)
1005 2959 1100 3010 Exstat

142 3028 175 3077 L.
191 3041 211 3079 1.
233 3031 272 3090 §b-
288 3041 356 3081 1-1.
376 3029 409 3077 D.
424 3030 456 3078 de
471 3029 538 3094 abip.
554 3028 599 3094 (47,
614 3027 650 3096 14)
664 3027 812 3094 quibusdam
826 3031 933 3079 ousiosis.
995 3026 1016 3096 ἵ)
1031 3037 1055 3078 el
1068 3030 1098 3079 B.

147 3098 189 3148 Vi.
211 3099 268 3148 edd.
289 3099 326 3148 uel
345 3099 404 3164 Dip.
479 3096 499 3166 ⁸)
519 3099 564 3149 Ex
583 3101 643 3166 Dip.
664 3115 689 3149 es
709 3115 766 3163 quas
786 3099 871 3161 degere
898 3099 959 3149 cdd.
980 3114 1051 3163 equas
1071 3101 1099 3149 de

142 3183 213 3231 grege
229 3169 269 3218 ed.
284 3168 326 3218 Bl.
392 3167 413 3234 ⁴)
429 3184 514 3234 equum
529 3171 553 3219 in
568 3171 718 3220 solitudinem
735 3170 796 3219 Cdd.
812 3170 851 3218 ed.
866 3168 907 3218 Bl.
932 3184 1005 3234 equos
1020 3171 1043 3218 in
1059 3183 1099 3218 so-

141 3239 240 3288 litudine
260 3240 358 3289 relictos
378 3239 439 3305 Dtp.
505 3239 600 3306 ⁶)Dig.
619 3240 741 3289 berbicem
762 3239 824 3288 cdd.
844 3239 882 3288 ed.
902 3237 943 3287 Bl.
1008 3235 1100 3303 ⁰)iteu1

142 3309 254 3372 operibus
272 3310 334 3359 cdd.
350 3310 409 3360 ilem
424 3311 505 3375 operis
519 3310 579 3376 Dig.
595 3311 651 3360 edd.
679 3308 733 3360 Sed
746 3311 797 3359 oid.
814 3311 896 3372 ipsum
909 3307 1046 3357 Hadriani
1058 3324 1099 3357 re·

141 3382 265 3443 receptum
278 3395 350 3444 supr.
367 3393 387 3439 t,
402 3393 422 3432 1.

213 3447 336 3516 ⁷)Eacod.
352 3462 386 3510 11,
401 3464 421 3503 e.
488 3447 609 3518 ⁸)bnreas
630 3451 670 3500 Vi.
698 3465 765 3500 areas
780 3448 810 3497 B.
832 3449 876 3497 Ve.
892 3449 949 3497 edd.
1015 3445 1037 3514 ⁹)
1053 3448 1099 3498 Est

142 3517 217 3568 Paul.
232 3519 259 3570 S.
276 3519 306 3569 n.
322 3531 342 3579 5,
357 3533 391 3574 eo.
405 3523 445 3586 §5-
461 3534 481 3574 2.
496 3534 516 3573 e.
533 3537 567 3571 ιω
579 3521 604 3570 0.
621 3521 678 3570 Ver.
734 3517 1099 3586 1θ)θβ.ι.1ε.ξ.11.1).(1ε

136 3603 213 3652 poen.
229 3589 272 3655 (te,
287 3591 331 3657 lo).
