2680 4118
327 236 386 272 uos.
406 237 440 270 nr
456 235 518 270 sort.
539 235 628 271 sineru
646 235 753 270 constr.
775 217 834 270 XV.
856 224 878 270 1.
1021 209 1080 274 691

134 362 285 434 iniungitur
306 351 487 434 'pectendum
511 375 527 416 c
548 355 672 432 milium).
710 357 737 414 Si
752 375 848 414 seruus
869 350 1016 414 insciente¹
1037 355 1085 411 do·

136 446 207 499 mino
224 444 327 514 iecerit,
348 443 472 502 domiuus
488 445 546 499 eius
566 435 748 497 ‘sestertium2
770 443 965 515 quinquaginta
979 439 1085 496 milibus

137 527 230 584 eodem
253 528 340 600 capite
366 519 503 598 punitur.³
545 521 573 580 5.
598 519 741 581 ⁴llIusdem
769 525 837 598 legis
859 527 945 598 capite
967 523 1085 581 secundo

137 619 258 680 tenetur,
290 611 336 683 qui
358 609 444 665 alieno
468 625 548 666 seruo
571 610 750 682 persuaserit,
779 618 810 664 ut
831 608 968 664 dominum
990 608 1085 681 fugiat,

137 696 218 766 quiue
241 693 357 749 alienum
379 709 487 748 seruum
510 695 595 748 inuito
618 692 727 748 domino
749 691 894 762 celauerit,
924 690 1084 760 uendiderit‚

137 779 232 833 emerit
246 775 310 832 dolo
326 777 407 846 malo,
423 778 504 849 quiue
519 779 546 832 in
557 793 587 832 ea
599 792 628 831 re
643 778 734 832 socius
750 775 842 831 fuerit:
862 775 1023 847 iubeturque
1038 791 1086 847 po·

137 861 201 934 pulo
224 853 408 915 ’sestertium⁵
430 860 624 933 quinquaginta
639 860 710 914 milia
732 860 803 915 dare.
848 860 885 914 lit
907 858 1054 930 reliqua.

6 929 10 980 i
65 951 126 1002 [595]
199 939 228 1000 6.
251 943 432 999 Sciendum
456 953 563 999 tamen
586 951 654 1014 est,
677 951 710 998 et
732 943 887 998 nouellis
910 942 1086 998 constitu·

136 1021 1087 1101 tionibusicapitattsententiaplagiatoresproatro·

136 1113 242 1168 citato
264 1111 349 1168 lacti
370 1111 580 1184 puniendos:
597 1111 752 1183 quamuis
773 1117 805 1165 et
820 1109 942 1166 Paulus
963 1109 1086 1164 relatis

136 1211 239 1268 supra
261 1193 578 1266 speciebuscrucis
600 1193 781 1249 etmetalll
801 1193 994 1250 huiusmodi
1017 1193 1086 1249 reis

136 1279 358 1350 inrogauerit
379 1293 528 1348 poenam.

419 1357 521 1419 Explicit
534 1357 616 1406 titulus
631 1358 660 1406 de
674 1357 803 1420 plagiariis.

563 1548 660 1606 utemur

138 1637 216 1716 (νιν.)
226 1635 292 1700 va
318 1659 359 1698 on
375 1657 620 1713 unrnnunrrms,
637 1637 819 1716 (haererem)
833 1659 874 1698 sn
885 1659 1086 1701 maurocenis.

199 1769 264 1842 llap.
286 1778 310 1825 l.
349 1768 481 1843 Moyses
503 1763 621 1825 dicit:8
657 1765 681 1825 1.
703 1768 763 1824 Non
778 1769 930 1824 inueniatur
944 1771 972 1824 in
988 1777 1025 1839 te,
1041 1771 1087 1842 qui

137 1855 235 1910 lustret
257 1852 341 1908 lilium
362 1861 437 1914 tuum
452 1859 499 1906 aut
513 1850 593 1906 filiam
609 1859 693 1921 tuam,
716 1867 766 1907 uec
780 1851 899 1921 diuinus,
921 1851 992 1924 apud
1008 1867 1087 1924 quem

136 1945 226 1993 sortes
241 1936 335 1991 tollas:
358 1951 409 1990 nec
424 1935 575 1990 consentias
591 1935 742 1988 uenenarils
761 1933 965 2006 impostoribus,
988 1937 1034 2007 qui
1050 1935 1087 1990 di·

137 2027 213 2088 cunt,
229 2018 292 2090 quid
303 2025 463 2090 conceptum
476 2015 570 2072 habeat
580 2017 684 2086 mulier,
702 2019 826 2089 quoniam
842 2015 947 2072 fabulae
963 2017 1088 2076 seducto·

137 2102 192 2158 riae
208 2108 281 2156 sunt.
318 2098 372 2154 Nec
386 2093 531 2154 'attendas9
553 2099 687 2173 prodigia,
709 2115 760 2158 nec
781 2101 933 2174 interroges
954 2110 1085 2158 mortuos.

136 2181 165 2242 2.
184 2184 243 2240 Non
257 2183 411 2238 inueniatur
425 2183 452 2238 iu
468 2190 494 2238 tc
510 2191 673 2257 augurator,
695 2199 745 2239 nec
758 2184 897 2257 inspector
912 2186 1019 2256 auium,
1038 2201 1088 2242 nee

137 2267 284 2338 maleficus,
307 2275 354 2322 aut
374 2267 539 2337 incantator,
567 2282 617 2322 nec
637 2265 787 2340 Pythonem
809 2267 909 2322 hahens
931 2268 959 2322 in
982 2277 1087 2340 uentre,

137 2369 188 2408 nec
209 2366 339 2424 aruspex,
363 2367 413 2406 nec
434 2351 618 2423 interrogator
638 2358 807 2406 mortuorum
828 2367 879 2407 nec
899 2360 1026 2425 portenta
1047 2353 1088 2408 ia·

138 2437 262 2512 spiciens.
306 2431 335 2494 3.
358 2433 450 2489 Omnia
471 2449 586 2507 namque
606 2435 657 2489 ista
679 2434 820 2490 allomiuo
836 2435 886 2491 deo
903 2444 949 2492 tuo
966 2436 1087 2492 damnata

138 2527 212 2590 sunt,
236 2520 328 2590 etqui
351 2517 445 2573 lecerit
467 2517 540 2576 haec.
576 2517 693 2591 Propter
714 2518 761 2573 has
785 2519 853 2574 euim
876 2517 1087 2576 abominationes

138 2603 204 2658 deus
226 2601 371 2658 eradicauit
394 2595 604 2656 ’tiliananaeos1⁰
627 2602 722 2657 aiacie
744 2595 848 2671 'tua;¹¹
892 2600 922 2660 4.
946 2612 975 2658 tu
998 2613 1087 2660 autem

137 2685 274 2760 perlectus
297 2685 350 2740 eris
373 2693 435 2740 ante
450 2684 589 2740 [lominum
611 2685 691 2759 deum
712 2692 802 2740 tuum:
846 2681 873 2742 ὅ.
898 2695 993 2760 gentes
1017 2689 1087 2743 enim

142 2801 348 2810 ———-

211 2849 231 2918 1)
245 2853 267 2901 si
285 2867 370 2902 seruus
389 2853 429 2916 qui
447 2853 537 2901 sciente
558 2853 619 2902 odd.
643 2854 664 2902 si
682 2868 766 2902 seruus
785 2854 875 2902 sciente
894 2855 934 2903 ed.
952 2854 993 2904 Bt.
1026 2855 1086 2906 Vid.

138 2923 261 2972 Zeitscdr.
280 2923 359 2972 XIII.
370 2939 397 2986 p.
412 2935 447 2974 42.
499 2919 520 2989 2)
534 2923 653 2988 sestertiis
667 2923 698 2974 B.
718 2925 832 2972 rencertis
847 2925 889 2973 Vi.
908 2925 1026 2974 sestertiis
1041 2926 1086 2975 Ve.

137 2995 176 3042 ed.
191 2993 232 3042 Bl.
297 2989 319 3058 ⁸)
336 2993 374 3055 Cf.
390 2993 422 3041 L.
437 3004 470 3044 12.
490 2993 522 3041 D.
537 2994 690 3043 demonum.
706 2996 750 3058 (40,
765 2993 796 3060 1).
815 2995 847 3042 L.
863 3005 897 3044 12.
912 2996 935 3056 §-
951 3008 984 3047 16.
1008 2996 1040 3049 D.
1056 2997 1088 3045 de

138 3071 204 3127 capt.
221 3061 265 3127 (49,
280 3061 323 3128 15).
338 3078 410 3126 supr.
425 3075 446 3122 tt,
460 3075 480 3114 tt.
537 3061 558 3128 ⁴)
575 3064 613 3128 Cf.
631 3064 681 3114 Cic.
693 3079 745 3128 pro
762 3065 787 3114 0.
803 3065 893 3114 Redin.
908 3078 929 3117 e.
944 3066 976 3116 L.
991 3077 1011 3116 1.
1027 3068 1050 3128 ὅ.
1065 3077 1086 3115 a.

137 3133 169 3182 Ι).
185 3134 216 3182 de
227 3133 305 3197 sopit.
320 3131 365 3198 (11,
379 3131 411 3198 t).
426 3133 485 3183 La
495 3149 539 3196 pr.
554 3135 577 3196 ἕ.
593 3147 612 3184 1.
627 3134 659 3182 L.
674 3147 694 3186 a.
710 3145 758 3186 tce
768 3150 811 3198 pr.
827 3137 849 3196 ξ.
864 3148 884 3186 1.
904 3136 936 3184 Il.
951 3136 975 3184 d.
991 3143 1008 3186 t.
1023 3136 1055 3188 L.
1066 3149 1086 3186 1.

137 3215 157 3253 2.
172 3215 192 3255 6.
208 3215 228 3254 9.
245 3215 277 3254 10.
295 3203 320 3252 0.
335 3203 391 3253 eod.
468 3202 488 3268 5)
505 3205 626 3253 entertiam
640 3204 670 3253 B.
691 3205 735 3254 Ve.
756 3206 866 3254 sestertia
885 3205 927 3254 Vt.
942 3206 981 3254 ed.
996 3204 1037 3254 Bi.

138 3270 159 3337 θ)
174 3273 205 3322 L.
221 3285 241 3324 t.
256 3285 289 3324 ts.
312 3273 336 3322 0.
351 3273 375 3322 h.
391 3281 408 3322 t.
424 3273 455 3322 L.
471 3290 513 3327 un.
532 3273 576 3323 rt.
593 3275 618 3324 G.
634 3275 688 3324 eod.
705 3274 737 3342 (e,
752 3274 796 3341 te),
812 3290 876 3339 quae
890 3281 950 3324 sunt
963 3275 1047 3324 Dioel.
1063 3282 1088 3324 et

137 3343 212 3393 Maec.
227 3351 251 3392 et
267 3343 435 3394 Constantini.

210 3411 230 3478 7)
244 3413 275 3462 B.
291 3429 337 3464 om.
352 3415 397 3463 Ve.
413 3415 454 3464 Vt.
506 3411 527 3481 ⁸)
542 3416 680 3466 Deuteron.
695 3427 844 3473 18,10-14.,
858 3415 905 3464 sed
917 3415 1043 3464 sententia
1052 3415 1088 3464 ad

138 3481 552 3549 usumtemporisietiusformato.
595 3484 616 3551 ⁹)
625 3486 733 3534 intendas
743 3485 804 3534 oud.
812 3485 869 3534 edd.
909 3481 1085 3548 ¹⁰)caldeosB.

139 3553 249 3601 chaldeos
269 3555 313 3603 Ve.
334 3555 375 3604 Vi.
400 3555 530 3604 Chaldaeos
545 3557 602 3606 edd.
669 3553 702 3620 ¹¹)
715 3562 780 3604 tuam
799 3555 840 3604 Vi.
860 3554 947 3605 suaB.
967 3554 1012 3604 Ve.
1027 3556 1085 3606 edd.

820 3645 876 3696 44*
