2700 4118
240 207 304 277 602
433 224 774 262 o0u1r11rurrnn1rnnou.
794 207 893 262 XXIII.
913 213 990 261 4-9.

301 353 331 416 4.
355 348 499 412 ¹hritum²
519 353 550 409 tit
571 362 776 424 testamentum,
799 357 821 412 si
837 363 956 412 testator
976 356 1063 428 capite
1078 354 1188 412 diminm

239 449 284 502 tus
299 439 397 509 suerit,
418 447 465 495 eut
480 440 503 494 si
518 440 576 496 iure
592 439 663 496 secto
686 447 846 496 testamento
867 455 947 496 nemo
968 439 1088 494 extiterit
1101 438 1192 497 heres.

302 520 331 581 b.
355 516 403 578 ²Si
417 524 450 593 is,
474 523 520 596 qui
536 530 726 578 testamentum
747 523 824 594 iecit,
848 521 879 578 eb
895 521 1020 579 hostibus
1035 529 1130 596 ceptus
1145 525 1193 596 sit,

239 615 429 664 testamentum
445 607 502 662 eius
518 605 605 678 ualet,
621 607 644 662 si
660 606 766 678 quidem
782 623 909 663 reuersus
925 606 1020 677 inerit,
1043 607 1102 662 iure
1117 615 1194 680 post·

240 691 347 763 liminii;
364 693 387 746 si
401 705 468 746 uero
484 689 521 745 ibi
537 690 693 760 decesserit,
717 707 747 744 er
763 689 824 763 lege
839 689 972 762 Cornelia,
994 706 1066 764 quoe
1081 691 1193 762 perinde

239 776 437 832 successionem
452 774 510 829 eius
521 773 673 845 confirmet,
689 782 769 846 etque
784 776 806 829 si
822 775 849 830 in
861 775 970 830 ciuitate
986 773 1156 831 decessisset.

305 854 335 916 6.
356 851 404 914 ³St
423 865 527 930 septem
548 859 640 932 siguis·
653 858 761 913 testium
783 859 917 932 signatum
938 859 974 913 sit
993 866 1193 931 testamentum,

139 935 232 986 199¹)oe
246 942 309 1000 licet
323 945 381 999 iure
396 941 468 998 ciuili
482 947 592 1014 ruptum
608 941 652 997 uel
667 942 771 997 irritum
783 935 891 1020 inritum
903 943 949 1012 sit,
964 949 1074 1015 praetor
1085 943 1195 1014 scriptis

239 1026 384 1084 heredibus
399 1027 473 1081 iuxta
489 1024 592 1082 tabulas
604 1024 736 1080 bonorum
753 1027 954 1099 possessionem
969 1025 1024 1096 dat,
1040 1025 1063 1080 si
1079 1033 1194 1082 testator

239 1119 266 1168 et
288 1111 353 1168 ciuis
375 1109 510 1166 Romanus
532 1117 560 1165 et
582 1123 646 1164 suae
668 1111 826 1182 potestatis,
848 1125 910 1166 curn
932 1117 1101 1180 moreretur,
1125 1109 1192 1180 iuit;

239 1211 319 1268 quem
334 1193 470 1250 bonarum
485 1195 685 1266 possessionem
700 1209 759 1249 cum
775 1209 821 1266 re,
843 1192 870 1249 id
886 1201 927 1250 est
942 1208 1002 1249 oum
1017 1191 1126 1264 ellectu,
1142 1193 1196 1250 ha-

239 1276 316 1348 bent,
331 1278 354 1332 si
370 1292 449 1332 uerno
465 1276 534 1332 elius
549 1279 607 1332 iure
623 1277 701 1332 heres
716 1279 761 1334 sit.

302 1355 328 1416 7.
346 1353 462 1414 ⁴Liberis
477 1358 650 1432 inpuberibus
667 1361 693 1414 in
709 1369 844 1434 potestate
859 1359 1039 1430 manentibus,
1054 1366 1108 1415 tarn
1123 1361 1194 1416 natis

240 1458 319 1516 quem
334 1442 483 1516 postumis‚
500 1443 614 1500 heredes
629 1443 795 1501 substituere
814 1453 941 1518 parentes
961 1450 1078 1518 possunt
1093 1442 1195 1517 duplici

240 1527 332 1597 modo,
347 1525 432 1582 id·est
447 1534 493 1582 eut
508 1541 552 1598 eo,
572 1542 627 1600 quo
643 1529 784 1599 extraneis,
802 1537 843 1600 ut,
861 1529 884 1584 si
900 1528 1012 1584 heredes
1027 1543 1083 1583 non
1099 1529 1195 1584 extite-

240 1611 295 1666 rint
311 1609 404 1682 iiberi‚
426 1609 591 1667 substitutus
611 1611 691 1668 heres
707 1609 766 1682 tiut3
789 1621 836 1667 aut
855 1613 967 1684 proprio
989 1613 1063 1682 lure,
1085 1609 1122 1666 ‘id
1142 1618 1194 1683 est,

240 1685 316 1772 (αἱ)5
336 1695 359 1750 si
374 1701 437 1767 post
452 1703 566 1752 mortem
582 1696 700 1768 parentis
723 1695 836 1752 heredes
859 1696 922 1751 lacti
939 1697 1008 1751 intre
1024 1695 1195 1769 pubertatem

170 1787 177 1813 ν’
240 1777 422 1850 decesserint,
450 1777 615 1835 substitutus
637 1779 715 1835 heres
738 1777 793 1836 hat.
842 1777 871 1837 8.
900 1771 1002 1834 ⁰Etiam
1025 1777 1194 1836 exheredatis

243 1859 304 1918 filiis
321 1860 486 1919 substituere
501 1862 657 1936 perentibus
679 1862 751 1924 licet.
794 1861 823 1922 9.
848 1855 1011 1932 'Quemuis,⁷
1038 1879 1095 1918 non
1117 1861 1195 1918 aliter

240 1939 392 2020 ’(ταηιεη)8
418 1946 544 2020 inpuberi
571 1945 627 2002 filio
655 1946 819 2003 substituere
846 1947 906 2022 quis
934 1945 1063 2002 heredem
1090 1952 1265 2020 potestne]

242 2045 321 2102 quom
336 2031 359 2086 si
374 2024 444 2086 stbt⁹
464 2029 590 2087 heredem
606 2031 754 2086 instituerit
769 2031 813 2088 uel
828 2032 916 2104 ipsum
936 2029 1020 2086 filium
1041 2029 1085 2086 uei
1101 2045 1194 2104 quem·

240 2112 305 2170 libet
321 2113 411 2170 elium.

315 2295 334 2362 ι)
351 2298 388 2362 Of·
407 2297 463 2348 Gai.
479 2309 500 2356 e,
515 2309 637 2350 144-146.
689 2296 711 2362 ¹)
724 2297 761 2361 Cf.
774 2297 848 2347 Paul.
859 2310 880 2356 e,
890 2299 925 2348 4⁸.
945 2299 967 2360 5.
978 2309 998 2349 e.
1014 2299 1037 2360 ἓ.
1048 2308 1068 2350 t.
1088 2298 1193 2364 nqueo,

241 2386 266 2420 n.
281 2385 303 2418 e.
314 2383 395 2431 perm.
411 2368 442 2430 (a,
457 2367 502 2432 re).
554 2365 575 2431 8)
591 2368 629 2430 Cf.
647 2367 703 2417 Gai.
719 2379 854 2426 erretur.
869 2369 1070 2431 lafrancum.
1117 2366 1138 2434 ⁴)
1155 2369 1193 2431 Of.

244 2439 301 2490 Gai.
316 2449 337 2496 n,
352 2449 398 2489 lte.
413 2449 459 2488 rso.
489 2437 550 2487 Noli
559 2445 662 2500 putare,
677 2439 744 2488 banc
758 2441 891 2488 materiam
904 2440 932 2487 in
952 2439 1010 2488 Vnt.
1024 2439 1109 2488 sedem
1122 2453 1195 2488 suum

241 2515 364 2564 enatarem
388 2506 511 2570 Ulpianus
526 2509 683 2570 pupillarem
701 2508 914 2567 substitutionem,
934 2524 984 2574 qua
1002 2509 1100 2572 deplere
1118 2517 1194 2560 testa·

241 2585 349 2629 mentum
360 2579 422 2640 lieri
436 2578 549 2636 uidetur,
564 2580 633 2628 inter
646 2581 788 2644 priuilegia
803 2581 994 2629 testamentaria
1008 2581 1110 2640 retulit,
1129 2595 1194 2644 quae

241 2657 313 2712 apte,
332 2649 436 2712 culpari
454 2655 659 2698 testamentorum
678 2651 735 2698 iure
753 2649 882 2710 absoluto,
902 2649 1071 2699 adiiciuntur.
1091 2678 1099 2692 ι
1132 2647 1153 2716 ⁶)
1169 2651 1195 2699 id

243 2718 288 2784 (=
309 2717 384 2777 idem,
406 2718 475 2781 quod
496 2718 595 2781 suetum
615 2727 673 2769 erut
692 2735 727 2768 ex
747 2720 810 2768 iden
831 2735 883 2783 pro
905 2719 980 2785 ideut)
1010 2719 1069 2769 Vnt.
1090 2719 1138 2785 Bp.
1160 2733 1195 2768 em

242 2789 348 2839 Lucium.
364 2791 396 2852 ci.
413 2785 463 2836 ‘ui’
479 2791 605 2852 suppleuit
618 2796 709 2854 postea
728 2797 788 2839 unte
806 2791 961 2848 substitutus,
980 2797 1072 2839 contra
1091 2789 1195 2854 Ulpiani

241 2861 335 2909 stilum.
400 2853 421 2924 ο)
439 2858 476 2921 Of.
499 2859 555 2908 Gai.
574 2871 600 2918 n,
620 2872 666 2912 182.
731 2857 751 2924 ἵ)
774 2860 834 2909 Tum
853 2861 995 2909 institutum
1015 2876 1089 2924 quam
1107 2862 1193 2909 alium.

242 2929 288 2980 Sic
302 2930 486 2992 explicandum
500 2937 524 2980 et
537 2931 598 2980 buie
612 2945 658 2980 suo
673 2933 729 2981 loeo
744 2931 928 2980 restituendum
942 2937 1000 2980 erat
1013 2947 1035 2980 o.
1051 2931 1112 2995 quis,
1128 2931 1197 2994 quod

248 3000 306 3050 Vnt.
322 3001 391 3050 inter
405 3001 452 3049 sibi
465 3008 490 3050 et
503 3001 616 3050 heredem
630 3000 718 3057 babet,·
737 3008 847 3064 apparet
864 3003 942 3060 enim,
967 3000 1101 3064 Ulpianum
1119 3003 1159 3062 ἓξ.
1174 3012 1195 3052 8.

242 3077 267 3120 et
280 3083 300 3122 e.
312 3085 364 3133 pro
378 3085 447 3121 more
461 3086 508 3122 sun
523 3072 568 3138 (ef.
583 3084 617 3129 11,
632 3082 665 3122 15.
681 3069 725 3135 16.)
740 3079 764 3120 et
774 3072 887 3134 perinde
900 3087 932 3120 ac
946 3071 1117 3121 Modestinum
1131 3070 1163 3120 L.
1175 3084 1195 3122 1.

243 3143 283 3203 ἐξ.
298 3153 318 3192 2.
333 3152 353 3192 e.
376 3141 409 3190 D.
424 3142 456 3191 de
471 3144 538 3208 vulp.
557 3149 582 3190 et
595 3156 659 3205 pup.
678 3140 755 3190 subst.
776 3140 824 3206 (28,
838 3140 861 3207 t)
881 3143 990 3190 maxime
1009 3157 1086 3206 apere
1108 3141 1140 3190 de
1154 3142 1195 3201 iis,

243 3211 342 3276 quibus,
357 3219 381 3260 et
395 3212 426 3261 de
441 3227 483 3270 eo,
498 3227 570 3276 quern
584 3213 641 3275 puis
654 3211 807 3261 substituere
821 3213 917 3275 possit,
933 3213 976 3260 eui
990 3213 1135 3276 quaestioni
1148 3211 1196 3261 boc

243 3290 340 3331 tantum
353 3281 526 3347 subiunpitur,
542 3283 610 3346 quod
622 3280 673 3330 sibi
687 3283 738 3345 ipsi
751 3289 867 3345 oporteat
876 3282 994 3332 heredem
1004 3283 1153 3340 instituerit,
1169 3288 1198 3330 ut

242 3352 388 3402 substitutio
403 3355 495 3401 ualent.
560 3348 581 3416 8)
596 3351 662 3400 Eius
680 3359 740 3401 notu
758 3360 792 3400 tm
806 3351 837 3402 ob
851 3353 952 3402 uicinus
972 3353 1074 3402 litteras
1088 3352 1196 3411 excidit,

243 3439 300 3472 cum
313 3423 437 3485 scriptum
452 3429 517 3473 esset
530 3422 579 3471 alit.
590 3422 706 3485 inpuberi.
732 3423 844 3472 Possunt
854 3437 914 3472 uero
924 3429 949 3471 et
957 3423 1021 3472 boec
1031 3425 1123 3472 inmuta
1133 3436 1196 3480 esse,

243 3499 332 3541 utnon
346 3493 416 3541 aliter
430 3500 508 3542 tamen
527 3493 699 3556 reponendum
713 3495 820 3542 sitente
835 3507 904 3556 quern
918 3494 947 3542 si.
1012 3489 1033 3558 ⁹)
1049 3493 1120 3543 Loco
1135 3491 1196 3556 quis,

244 3563 312 3625 quod
326 3561 349 3610 b.
366 3564 382 3612 l.
397 3563 489 3612 inserit
508 3563 575 3623 Vnt„
589 3564 656 3627 prius
671 3564 710 3612 ed.
725 3563 773 3628 Bp.
789 3579 823 3612 eac
837 3563 942 3614 Laebm.
958 3565 991 3626 ej.
