2678 4116
244 226 309 292 234
545 189 722 280 carr1usr1u.
740 224 775 284 II.
794 229 901 280 tto-ot.

245 385 357 443 alienam
373 385 512 459 usucapit:
535 401 595 440 nam
611 386 729 457 quirem
745 383 824 441 alicui
846 382 959 441 fiduciae
980 400 1061 441 causa
1076 388 1209 461 mancipio

245 469 351 526 dederit
365 469 410 528 uei
425 471 453 526 in
467 471 526 526 iure
542 470 665 540 cesserit,
682 468 832 526 sieandem
846 470 906 543 ipse
927 469 1095 543 possederit,
1117 478 1210 544 potest

149 567 152 574 ’
246 570 395 628 usucapere
410 570 481 610 anno
496 552 612 623 scilicet,
628 547 738 629 (etiam)
755 552 807 610 soli
821 553 845 608 si
860 555 905 613 sit.
939 569 1008 627 quae
1023 555 1129 628 species
1145 572 1210 630 usu·

245 639 366 712 capionis
387 638 487 694 dicitur
502 639 687 712 usureceptio,
710 639 772 712 quia
793 637 830 706 id,
855 638 927 710 quod
949 637 1093 712 aliquando
1116 638 1206 696 habui·
1221 648 1274 701 troo}

245 737 316 794 mus,
339 723 491 796 recipimus.
506 737 557 796 per
572 724 778 796 usucapionem.
814 717 865 780 60.
879 721 933 778 Sed
948 739 1009 780 cum
1025 721 1120 780 fiducia
1133 721 1209 781 'corr-

247 801 393 864 trahatur¹
415 815 463 864 aut
484 823 545 864 cum
567 807 702 864 creditore
724 807 848 881 pignoris
869 808 941 880 iure,
963 814 1010 864 aut
1028 824 1090 864 cum
1111 809 1208 879 amico,

246 885 315 964 quo²
331 893 416 948 tutius
432 899 546 948 nostrae
566 907 611 948 res
632 893 705 965 apud
719 906 781 948 eum
796 895 862 963 sint,
884 892 908 948 si
924 891 1033 966 quidem
1048 908 1108 948 cum
1123 894 1208 950 amico

245 983 384 1033 contracta
403 977 439 1032 sit
453 975 565 1048 fiducia,
584 992 649 1032 sane
665 973 820 1032 omnimodo
835 977 959 1049 conpetit
974 975 1171 1051 'ususreceptio
1181 969 1210 1044 3³

245 1061 269 1116 si
284 1075 350 1116 uero
366 1077 427 1117 cum
442 1059 589 1132 creditore,
608 1060 700 1116 soluta
714 1059 822 1133 quidem
841 1062 956 1134 pecunia
974 1060 1130 1117 omnimodo
1145 1078 1209 1118 con·

245 1146 325 1218 petit,
339 1145 461 1202 nondum
478 1161 543 1202 uero
558 1144 649 1201 soluta
663 1145 702 1201 ita
716 1144 826 1202 demum
841 1146 981 1218 competit,
1001 1147 1024 1200 si
1037 1161 1129 1218 neque
1144 1161 1209 1201 con·

246 1228 353 1286 duserit
368 1245 426 1286 eam
441 1245 498 1286 rem
514 1247 528 1286 a
543 1229 678 1286 creditore
688 1229 805 1300 debitor,
821 1245 909 1302 neque
919 1229 1041 1302 precario
1056 1231 1207 1301 rogauerit,

247 1323 277 1370 ut
292 1330 350 1370 eam
366 1329 422 1370 rem
438 1313 578 1387 possidere
593 1313 702 1378 liceret;
725 1330 780 1387 quo
800 1330 864 1372 casu
886 1313 1017 1370 lucretius
1038 1307 1208 1387 ’muscaptot

247 1398 380 1471 conpetit.
418 1395 465 1455 61.
481 1397 546 1455 item
569 1399 593 1454 si
607 1414 665 1454 rem
681 1396 826 1473 obligatam
840 1397 892 1454 sibi
912 1396 1030 1472 populus
1045 1395 1207 1462 uendiderit,

246 1497 360 1556 eamque
375 1481 500 1539 domiuus
516 1482 678 1557 possiderit,
701 1499 831 1540 concessa
852 1478 896 1540 est
913 1472 1146 1556 ’ususreceptio:³
1161 1481 1210 1537 sed

246 1567 298 1622 hoo
318 1582 382 1622 casu
403 1565 543 1640 praedium
565 1568 672 1624 biennio
700 1569 898 1640 usureoipitur:
926 1575 954 1623 et
973 1567 1027 1623 hoc
1051 1575 1109 1638 est,
1136 1565 1211 1640 quod

247 1649 331 1724 uolgo
357 1649 470 1722 dicitur,
498 1669 530 1709 ex
545 1651 716 1726 praedicturi
741 1651 943 1726 possessionem
970 1651 1122 1724 usureoipi:
1150 1667 1211 1706 nam

246 1735 293 1808 qui
307 1743 443 1792 mercatur
458 1753 473 1792 a
489 1736 607 1810 populo.
622 1736 778 1811 praedictor
792 1736 954 1810 appellatur.

315 1811 381 1880 ’[ἓὲ.
399 1818 518 1868 tiu-ot.
538 1812 612 1867 infra
629 1829 680 1868 suo
697 1813 760 1868 loco
779 1828 884 1880 quaere
902 1815 967 1882 post
983 1817 1008 1877 i.
1027 1813 1079 1880 tu]

246 1919 457 1928 ——-.-—.

321 1969 340 2040 ¹)
363 1975 511 2026 contrahitur
531 1973 557 2024 0.
576 1974 616 2023 ed.
635 1973 684 2040 Bq.
702 1981 728 2026 et
749 1974 798 2023 Kr.
818 1985 840 2033 2,
859 1989 924 2038 quoe
944 1974 1019 2024 initio
1038 1973 1130 2024 omittit
1149 1987 1212 2034 eum,

242 2052 336 2110 postea
350 2052 411 2095 ante
425 2045 447 2096 si
461 2045 558 2112 quidem
571 2046 684 2095 intrudit
697 2052 823 2096 utcontra
835 2045 861 2094 C.
872 2052 897 2094 et
911 2044 972 2094 Gaii
980 2046 1082 2110 stylum.
1115 2037 1142 2109 ¹)
1158 2043 1213 2094 Iani

246 2118 274 2166 in
289 2118 348 2181 ipsa
362 2118 482 2167 oratione
492 2118 571 2180 posui
580 2131 626 2180 quo
637 2131 689 2180 pro
704 2117 768 2181 quod
780 2116 805 2166 O.
825 2123 850 2165 et
860 2123 952 2180 postea
964 2115 1011 2164 siut
1021 2121 1166 2178 preessent
1181 2113 1213 2170 0,-

246 2203 305 2238 nam
318 2189 419 2252 alioqui
431 2202 522 2237 sensus
531 2194 611 2237 esset:
625 2188 695 2252 quod
703 2186 867 2251 putabamus,
882 2188 963 2236 tutius
972 2193 1129 2236 aosaasres
1143 2185 1214 2250 apud

247 2275 303 2308 eum
315 2259 390 2323 sore:
404 2273 455 2308 non
464 2259 530 2306 satis
539 2265 623 2322 aptus.
675 2254 694 2322 ⁸)
709 2257 755 2308 Sic
772 2258 797 2308 Ο.
813 2258 966 2321 usureceptio
976 2258 1035 2308 edd.
1046 2269 1066 2307 1.
1076 2267 1096 2308 2.
1112 2294 1115 2298 -
1136 2253 1158 2321 ⁴)
1168 2255 1213 2306 Sic

247 2331 273 2379 0.
289 2329 404 2392 usucapio
423 2327 482 2377 edd.
502 2341 522 2378 1.
541 2339 561 2377 u.
619 2325 640 2394 ⁶)
662 2327 740 2379 Recte
758 2328 943 2378 Heimbacltius
960 2329 1064 2387 statuit,
1083 2327 1133 2378 duc
1150 2343 1212 2391 per-

245 2401 329 2450 tinere
339 2401 378 2460 ἐς.
389 2408 486 2451 tt-te.
515 2396 622 2450 Scilicet
631 2415 682 2463 per
697 2401 924 2464 transpositionem
935 2399 1051 2463 sortasse
1064 2401 1141 2448 unius
1152 2399 1215 2463 folii

245 2472 393 2533 ἐξω-64.
422 2469 578 2520 continentis
596 2472 624 2519 in
643 2471 792 2535 antiquiore
811 2471 913 2530 codice,
933 2485 968 2520 eac
986 2485 1036 2534 quo
1056 2469 1214 2520 Veronensis

242 2541 323 2606 [luxit
338 2538 413 2606 (sotii
427 2546 494 2604 pata
514 2555 564 2590 non
584 2542 667 2591 iustae
683 2542 800 2603 formae,
813 2543 861 2591 sed
872 2543 993 2601 minutae,
1015 2542 1109 2606 quippe
1124 2542 1151 2590 in
1165 2554 1214 2605 quo

245 2618 343 2662 tanturn
357 2625 423 2675 quae
437 2611 600 2671 exciderant,
615 2619 693 2662 mont
705 2610 842 2680 suppleto),
854 2613 1022 2676 factumest,
1037 2619 1065 2661 ut
1078 2627 1145 2669 eum,
1165 2625 1215 2676 quo

245 2685 273 2732 in
301 2682 397 2732 Veron.
422 2683 557 2746 loquatur,
580 2685 663 2734 locum
686 2683 832 2734 obtinerent
853 2699 917 2733 sone
940 2685 1065 2746 ineptum,
1089 2681 1216 2746 quidquid

246 2753 418 2804 Mommsenus
436 2754 632 2804 commendandi
650 2757 690 2804 oel
708 2755 855 2805 eaccusundi
868 2756 924 2804 elus
936 2755 1026 2820 qratia
1040 2755 1068 2802 in
1081 2753 1120 2802 ed.
1136 2751 1185 2801 Kr.
1201 2763 1214 2802 2

247 2823 434 2874 contradicat.
459 2821 499 2887 Of.
515 2827 554 2875 tit.
569 2824 592 2875 Ι.
607 2837 628 2888 u,
643 2837 663 2878 s.
688 2827 746 2890 qui,
766 2833 794 2875 ut
807 2840 851 2874 res
862 2825 980 2891 (depilet,
999 2839 1086 2874 rerum
1100 2823 1214 2889 acquisi-

247 2894 361 2944 tionibus
374 2894 451 2944 etiam
466 2895 631 2948 naturalibus
645 2895 778 2954 absolutis.
793 2895 825 2946 de
839 2896 894 2955 dis,
913 2895 1006 2960 quidus
1024 2897 1141 2945 alienare
1156 2895 1216 2944 licet

246 2966 287 3014 ael
301 2980 360 3024 non,
375 2966 449 3014 nullo
463 2967 551 3017 aliena
566 2983 595 3016 re
609 2969 748 3018 interiecta
762 2968 824 3032 aqit.
853 2965 888 3015 Et
909 2973 937 3016 ut
955 2969 1030 3032 lonqe
1044 2967 1132 3030 aptius
1151 2980 1216 3030 quae

246 3037 285 3098 ἐξ.
301 3047 327 3087 80
341 3050 393 3102 seq.
414 3037 533 3101 leqimus,
553 3040 611 3100 §um
628 3049 663 3090 ot.
683 3053 758 3104 quam
773 3040 831 3100 §um
849 3049 883 3089 te.
902 3045 1057 3102 sequuntur,
1077 3039 1115 3086 ita
1136 3035 1217 3086 Gaius

246 3107 278 3168 §a
293 3117 327 3158 ot.
343 3122 386 3165 eo,
406 3121 479 3171 quem
497 3109 525 3158 in
545 3109 571 3158 0.
591 3109 687 3159 Veron.
707 3108 803 3160 obtinet
822 3111 917 3166 locum,
937 3109 1025 3158 dicere
1044 3123 1095 3160 noa
1110 3113 1217 3172 poterat

245 3191 310 3240 quse
324 3177 441 3239 diximus,
455 3179 502 3228 sed
515 3193 585 3231 ruore
598 3194 646 3230 suo
660 3194 721 3244 quae
736 3193 808 3244 supra
823 3179 935 3241 diximus,
949 3179 1037 3229 dicere
1047 3194 1103 3230 eum
1113 3185 1218 3243 oporte·

246 3247 300 3300 bat.
314 3274 348 3284 -
364 3247 456 3313 Itaque
471 3250 522 3299 iam
536 3251 574 3313 ἐξ.
590 3261 686 3302 os-ot.
701 3265 748 3302 sua
763 3252 819 3302 loco
833 3251 970 3302 restituere
987 3251 1100 3315 placuit,
1120 3251 1218 3300 lectore

245 3326 332 3370 tamen
346 3319 477 3370 admonito
492 3336 538 3371 neo
553 3323 657 3372 mutatis
676 3323 714 3385 ἐξ.
730 3322 858 3372 numeris:
876 3321 946 3386 quod
965 3322 1048 3385 ipsum
1061 3319 1110 3386 Bp.
1124 3334 1218 3370 errore

245 3404 296 3441 suo
311 3392 428 3457 coquito,
440 3390 506 3454 fecit
519 3393 559 3442 ed.
574 3403 594 3446 t.

252 3531 328 3582 Paul.
344 3544 364 3595 s,
379 3544 412 3586 ra.
428 3547 483 3583 cum
498 3531 587 3604 smico]
609 3535 647 3600 Cf.
668 3535 756 3586 Valer.
773 3533 847 3584 Mna.
863 3545 888 3593 t,
903 3544 924 3583 s.
944 3534 967 3595 ξ.
983 3545 1003 3584 t.
1077 3528 1102 3601 fi.
1118 3534 1161 3584 61.
1178 3531 1218 3595 uf.

217 3601 218 3606 ’
251 3601 284 3652 L.
298 3613 319 3656 t.
339 3604 371 3652 D.
387 3602 419 3655 de
433 3619 499 3655 rese.
515 3607 588 3656 vend.
603 3605 649 3674 (lt,
663 3605 695 3672 t).
1107 3599 1113 3612 ’
