2672 4112
246 237 288 296 30
589 245 617 278 M.
637 243 747 280 TVLLIVS
765 244 865 279 CICERO.

245 379 404 445 unguantur
425 387 440 425 a
461 377 556 425 natura
577 368 632 424 dati
654 369 863 441 exorianturque
884 377 912 424 et
933 367 1127 427 confirmentur
1142 373 1208 428 uitia

245 456 388 512 contraria.
418 452 546 526 quodsi,
569 468 622 525 quo
638 451 718 507 ruodo
734 460 776 507 est
791 460 896 523 natura,
918 455 956 508 sic
970 453 1068 510 iudicio
1084 455 1208 511 homines

245 540 364 609 humani,
385 545 416 593 ut
437 539 475 592 ait
495 529 599 610 poeta)
616 535 683 590 nihil
704 551 763 590 ase
778 535 893 590 alienum
914 542 1050 609 putarent,
1071 538 1209 595 coleretur

245 625 287 679 ius
307 636 391 694 aeque
412 619 444 676 ab
465 619 597 674 omnibus.
627 617 724 690 quibus
739 620 809 674 enirn
824 621 895 676 ratio
911 629 1007 676 natura
1022 621 1084 677 data
1098 630 1151 693 cst,
1171 624 1208 678 is·

245 706 306 762 dem
321 707 402 761 etiam
416 711 489 760 recta
500 704 569 758 ratio
581 701 642 758 data
653 710 706 773 cst,
721 717 787 776 ergo
803 710 831 758 et
845 703 898 776 lex,
918 719 986 777 quae
1001 713 1043 760 eat
1054 707 1207 761 resturatio

175 785 178 791 ’
245 792 273 846 in
287 787 405 858 iubendo
421 795 448 842 ct
464 785 594 849 uetando;
609 787 632 841 si
647 785 701 857 lex,
716 787 758 840 ius
775 802 899 859 quoque:
922 781 963 842 at²
979 789 1103 843 omnibus
1118 791 1206 857 rati03

245 875 287 928 ius
302 873 386 944 igitur
400 871 490 926 datum
506 876 548 925 est
560 868 692 927 omnibus.
717 877 846 943 recteque
858 869 983 927 Socrates
999 874 1131 928 exsecrari
1146 887 1207 928 eum

245 955 359 1027 solebat,
379 955 429 1028 'qui
443 954 545 1026 primus
561 953 703 1008 utilitatem
718 969 733 1008 a
747 954 805 1008 iure
819 955 998 1032 seiunrissetq
1016 956 1042 1010 id
1057 957 1128 1010 enim
1142 972 1208 1029 que·

245 1039 356 1095 rebatur
370 1046 449 1110 caput
464 1053 524 1093 esse
539 1037 682 1092 exitiorum
699 1038 827 1092 omnium.
858 1037 930 1093 unde
945 1031 1040 1093 ’enim³
1050 1039 1096 1095 illa
1108 1039 1206 1113 Pytha-

245 1139 329 1197 gorae
343 1123 394 1177 iarn
411 1115 501 1194 (trita)
517 1135 570 1176 uon
585 1119 619 1175 de
640 1121 756 1175 amicitia
770 1113 818 1177 aad
839 1121 925 1177 locus.
956 1117 1006 1178 84.
1029 1138 1060 1177 er
1076 1139 1131 1196 quo
1146 1138 1207 1196 per·

244 1208 367 1280 spioitur,
389 1199 485 1276 quom⁶
500 1203 569 1259 hanc
583 1202 792 1259 beneolentiam
809 1209 861 1260 tam
882 1205 935 1260 late
950 1202 1110 1279 longe(que)
1128 1206 1206 1262 dillu-

245 1305 300 1345 sam
321 1290 364 1344 nir
383 1289 488 1360 sapiens
508 1289 536 1342 in
553 1287 669 1359 aliquem
689 1288 747 1360 pari
762 1289 864 1342 uirtute
878 1287 1029 1360 praeditum
1050 1290 1207 1359 contulerit,

244 1383 302 1428 tum
312 1371 380 1427 illud
391 1363 486 1442 ellici⁶,
501 1370 574 1443 quod
587 1369 745 1443 quibusdam
759 1370 915 1426 incredibile
925 1372 1057 1442 uideatur,
1070 1375 1105 1429 sit
1116 1382 1206 1430 autern

244 1455 437 1525 necessarium,
459 1461 490 1509 ut
504 1454 588 1509 nihilo
604 1469 682 1526 sepse
696 1453 757 1526 plus
774 1471 853 1527 quam
875 1454 989 1510 alterum
1011 1455 1119 1530 diligat:
1141 1455 1205 1530 quid

245 1539 315 1594 enirn
330 1545 372 1594 est
387 1535 462 1610 qnod
477 1535 589 1606 diderat,
613 1553 695 1608 quom
710 1538 765 1592 sint
780 1545 876 1594 cuncta
890 1540 980 1612 parial
997 1541 1070 1612 quod
1085 1543 1108 1596 si
1123 1543 1206 1596 inter·

244 1639 304 1678 osse
320 1622 456 1694 quippiam
471 1620 604 1676 tantulum
619 1619 699 1675 modo
715 1623 834 1694 potuerit
849 1623 876 1676 in
897 1617 1055 1698 (amicitia),
1077 1625 1206 1681 amicitiae

244 1721 343 1761 nomen
357 1706 409 1760 iarn
425 1702 565 1775 occiderit,
580 1705 656 1759 cuius
671 1711 713 1758 est
728 1719 758 1760 ea
772 1706 825 1774 uis,
840 1712 881 1775 ut,
902 1707 981 1762 simul
996 1715 1077 1780 atque
1092 1707 1143 1763 sibi
1158 1707 1206 1763 ali-

245 1789 309 1862 quid
324 1789 392 1844 alter
407 1787 540 1858 maluerit,
555 1786 629 1842 nulla
643 1789 688 1842 sit.
719 1804 788 1860 quae
802 1791 1025 1861 praemuniuntur
1039 1793 1126 1846 omnia
1142 1791 1207 1846 reli-

245 1889 299 1946 quo
316 1873 434 1928 sermoni
448 1871 677 1944 disputationiqne
692 1881 812 1942 nostrae,
829 1889 884 1944 quo
900 1872 1003 1928 facilius
1019 1875 1061 1928 ius
1072 1876 1099 1929 in
1111 1882 1206 1931 natura

244 1971 304 2012 esse
325 1957 443 2029 positum
463 1953 586 2027 intellegi
605 1955 707 2028 possit;
727 1954 834 2028 dequo
856 1971 938 2028 quom
953 1972 1086 2030 perpauca
1101 1958 1205 2032 dixero,

243 2046 301 2095 tum
316 2040 348 2094 ad
363 2041 405 2094 ius
421 2038 500 2094 ciuile
515 2039 630 2107 ueniam,
647 2055 679 2094 ex
694 2055 748 2112 quo
764 2039 830 2094 haee
845 2041 931 2095 omnis
947 2048 989 2096 est
1003 2049 1065 2097 nata
1080 2044 1176 2098 oratio.

306 2155 371 2212 lllll.
393 2150 442 2212 35.
465 2154 497 2223 Q.
521 2153 562 2209 Tu
584 2171 649 2210 uero
665 2157 715 2210 iam
730 2172 864 2229 perpauca
878 2157 996 2226 seilicet3
1018 2175 1051 2214 ex
1067 2159 1108 2214 his
1125 2161 1205 2232 enim,

244 2255 313 2312 quac
328 2239 429 2307 dixisti,
444 2233 503 2310 (an)
520 2238 610 2293 Attico
628 2231 771 2312 (nescio)⁷,
792 2239 901 2296 uidetur
915 2241 979 2296 milri
995 2241 1104 2314 quidem
1119 2250 1204 2315 certe,

246 2338 276 2376 ex
292 2330 388 2376 natura
404 2329 493 2375 ortum
510 2336 570 2376 csse
585 2321 635 2375 ius.
850 2323 856 2332 ”

306 2439 340 2492 Α.
364 2439 405 2492 dn
426 2437 490 2492 mihi
510 2436 588 2492 aliter
608 2437 694 2494 uideri
713 2441 817 2512 possit,
839 2457 900 2497 cum
922 2442 989 2498 hacc
1010 2442 1061 2498 iam
1083 2442 1206 2514 perlecta

244 2522 309 2590 sint,
329 2521 445 2597 primum
465 2521 542 2592 quasi
562 2520 718 2576 muneribus
741 2522 852 2578 deornm
868 2540 919 2580 nos
935 2541 995 2580 esse
1010 2526 1161 2582 instructos
1177 2534 1207 2582 et

244 2611 370 2675 ornatos,
391 2602 510 2658 secundo
531 2611 620 2659 autem
639 2604 700 2660 loco
721 2623 799 2662 unam
815 2623 875 2662 esse
890 2608 1030 2664 hominum
1044 2610 1115 2665 inter
1129 2611 1204 2682 ipsos

244 2686 353 2743 uiuendi
368 2701 458 2759 parem
473 2689 720 2760 communemque)
735 2692 884 2762 rationem,
907 2691 1003 2748 deinde
1025 2708 1118 2748 omnes
1132 2693 1206 2749 inter

242 2786 272 2826 se
288 2769 402 2826 naturali
417 2769 530 2843 quadarn
544 2769 712 2844 indulgentia
732 2780 760 2828 et
778 2773 973 2845 beniuolentia,
992 2783 1050 2830 tum
1065 2777 1145 2832 etiam
1160 2791 1205 2832 so·

243 2855 339 2910 ciotate
354 2855 420 2910 iuris
437 2854 586 2910 contineri?
602 2871 670 2927 quae
686 2873 767 2929 quom
783 2873 847 2912 uera
862 2873 922 2912 esse
937 2866 1022 2928 recte,
1039 2868 1068 2914 ut
1077 2858 1206 2929 arbitror,

242 2938 468 3010 concesserimus,
490 2939 536 3010 qui
553 2938 604 2994 iarn
625 2938 687 2996 lieet
709 2939 788 2996 nobis
809 2949 934 2996 anatum
949 2941 1026 3015 leges
1042 2950 1070 2998 et
1085 2944 1144 2998 iura
1158 2959 1205 3000 se-

242 3021 376 3094 iungeret

315 3197 334 3265 ¹)
353 3207 379 3249 ut
393 3200 579 3250 inserantAB.
611 3197 671 3266 ²)et
685 3201 735 3249 AB
747 3203 827 3252 edV.
857 3199 879 3268 ³)
895 3203 985 3253 Malim
1000 3205 1078 3255 etiam.
1114 3202 1135 3270 ⁴)
1150 3207 1204 3256 La·

242 3285 333 3320 canam
352 3270 383 3320 V.
399 3285 449 3320 non
463 3273 555 3320 inscite
569 3273 608 3320 sie
622 3272 774 3334 capiendam
784 3280 877 3335 putat:
893 3275 1003 3324 nimirum
1022 3276 1077 3324 huic
1098 3290 1204 3325 commu-

241 3341 306 3390 nioni
322 3348 358 3389 est
372 3341 396 3389 in
411 3341 532 3389 hominum
543 3341 657 3389 societate
668 3356 714 3389 non
725 3343 801 3390 solum
812 3343 835 3390 in
847 3344 950 3392 amicitia
965 3342 1018 3393 Sed
1031 3352 1115 3394 tamen
1122 3349 1205 3409 plara

241 3411 404 3461 intercidisse
418 3413 553 3466 videntum
566 3417 591 3458 et
602 3411 716 3472 fortasse
726 3427 777 3461 oona
791 3413 857 3461 locus
872 3429 907 3462 en
920 3414 1087 3465 adnotatione
1097 3415 1206 3465 librarii

240 3490 375 3543 superest:
392 3482 464 3543 periit
478 3481 507 3528 de
522 3479 625 3527 amicitia
640 3479 714 3529 locus
745 3481 765 3546 ὁ)
781 3482 902 3532 Fortasse
912 3498 978 3546 quor.
1009 3481 1031 3550 ⁰)
1047 3481 1137 3535 Malim
1151 3487 1206 3535 eill-

241 3551 309 3599 citur.
340 3549 361 3613 ⁷)
376 3551 456 3600 dixisti
470 3549 555 3610 Attico,
575 3549 669 3598 uidetur
683 3551 721 3599 ed.
742 3551 772 3600 V.
787 3567 821 3601 esc
836 3552 891 3601 AB.
