2692 4114
422 275 489 314 1vu11
507 277 600 314 ravum
620 277 690 313 sunu.
709 259 742 313 ΙΙ.
762 265 804 314 24.
1025 239 1090 323 485

140 407 253 464 liberum
279 399 374 481 parit.¹
426 402 454 463 2.
484 399 531 462 ²st
559 404 642 462 libera
670 407 823 480 conceperit
851 415 878 462 et
903 405 996 462 ancilla
1022 407 1091 464 iacta

140 491 293 566 pepererit,
316 489 429 546 liberum
452 491 538 563 perit:
561 489 587 545 ld
610 491 680 546 enim
703 489 781 545 iauor
803 489 935 546 libertatis
959 492 1089 565 exposcit.

140 571 169 632 8.
194 568 241 630 ³Si
256 573 349 630 ancilla
366 574 529 647 conceperit,
546 581 573 629 et
589 573 676 628 medio
692 581 813 647 tempore
828 574 1010 646 manumissa,
1025 572 1092 631 sed⁴

140 674 236 714 rursus
252 657 323 715 iacta
337 657 430 714 ancilla
445 659 590 731 pepererit,
606 656 720 712 liberum
735 657 822 731 parit;
838 657 924 714 media
939 659 1010 714 enim
1026 665 1091 714 tem·

141 759 207 816 pora
222 741 338 798 libertati
352 742 492 816 prodesse,
508 757 563 796 non
577 757 677 796 nocere
692 742 772 797 etiam
785 750 909 814 possunt.
943 739 973 798 4.
992 735 1046 796 ⁶ls'x
1061 758 1093 798 ea

141 826 253 882 muliere
268 833 363 896 natus,
380 841 448 898 quse
464 841 495 881 en
511 840 590 880 cause
606 823 803 882 fideicommissi
818 827 968 881 manumitti
989 824 1091 898 debuit,

141 911 164 966 si
185 918 249 984 post
269 925 371 965 moram
391 909 511 965 libertati
526 908 621 964 iactatu
642 917 784 979 nascetur,
806 910 941 983 ingenuus
963 911 1091 966 nescitur.

141 990 169 1052 b.
184 993 212 1049 Sl
227 993 323 1049 muller
338 993 456 1048 diuortio
472 991 542 1048 laeto
559 991 697 1066 grauidam
712 1007 742 1049 se
756 993 832 1064 sciat,
844 994 912 1048 intra
929 993 1092 1049 tricesimum

142 1077 212 1133 diem
229 1078 288 1133 uirc
303 1077 461 1134 denuntiare
476 1075 556 1132 debet
572 1074 616 1131 uel
636 1077 707 1150 patri
723 1076 798 1147 eius,
820 1085 851 1132 ut
865 1076 898 1132 sd
913 1083 1035 1134 uentrem
1050 1079 1091 1132 in·

143 1160 309 1234 spiciendum
325 1159 579 1233 obseruandumque
594 1159 721 1216 custodes
743 1161 865 1216 mittant:
887 1160 952 1233 'quo
973 1153 1093 1217 omisso⁰

142 1253 250 1318 partum
265 1244 385 1300 mulieris
400 1243 554 1299 omnimodo
570 1250 707 1316 eoguntur
722 1259 880 1317 agnoscere.
910 1241 940 1302 6.
956 1237 1003 1300 ⁷Sl
1017 1260 1093 1318 prae·

144 1336 272 1401 guantem
294 1344 324 1382 se
349 1327 418 1383 'esse
444 1320 558 1382 mulier8
583 1343 637 1381 nou
663 1327 879 1399 denuntiauerit,
902 1328 946 1384 uel
966 1328 1093 1385 custodes

145 1411 249 1465 uentris
273 1412 369 1466 missos
394 1427 449 1466 non
473 1409 621 1480 admiserit,
649 1409 764 1466 liberum
786 1404 857 1466 ’est⁹
884 1411 953 1485 p'atrl
975 1411 1019 1469 uel
1041 1429 1092 1468 auo

144 1503 236 1550 natum
252 1509 306 1550 nou
322 1493 402 1551 alere.
434 1501 553 1550 ceterum
569 1493 735 1568 negligentia
751 1496 852 1567 matris,
868 1496 1012 1568 quominus
1027 1513 1093 1552 suus

143 1578 214 1652 patri
230 1578 307 1634 beres
322 1579 372 1648 sit,
388 1576 483 1634 obesse
498 1594 552 1632 non
569 1577 656 1634 debet.
693 1573 719 1634 7.
744 1571 803 1633 ¹⁰Si
819 1578 915 1635 mulier
933 1597 962 1636 se
984 1596 1016 1635 ex
1031 1581 1093 1637 uiro

143 1670 335 1736 praegnantem
356 1655 489 1735 'neget,¹¹
513 1662 680 1735 permittitur
702 1663 797 1718 marito
818 1671 939 1718 uentrem
961 1665 1093 1736 inspicere

142 1754 171 1802 et
193 1748 282 1802 uentri
303 1745 432 1802 custodes
455 1745 526 1803 dare.
560 1743 594 1805 -8,
618 1745 718 1802 Venter
742 1747 885 1820 inspicitur
905 1761 953 1819 per
975 1745 1093 1821 quinque

143 1823 343 1899 obstetrices,¹²
364 1838 392 1886 et
407 1829 479 1902 quod
494 1830 605 1884 maxima
625 1847 687 1904 pars
702 1843 793 1885 earum
808 1829 1024 1899 denuntieuerit,
1043 1848 1093 1904 pro

143 1929 208 1968 uero
229 1913 352 1974 habetur.
389 1909 420 1969 9.
439 1905 656 1983 ¹³0bstetricem,
673 1928 740 1986 quae
750 1921 855 1986 parturn
867 1913 982 1970 alienum
993 1914 1094 1988 attulit,

143 2005 175 2050 ut
189 1998 305 2070 supponi
321 1998 419 2070 possit,
434 2012 539 2052 summo
554 1996 687 2070 supplicio
703 1994 772 2052 allici
788 1997 899 2071 placuit.

71 2097 131 2146 [seo]
297 2073 343 2154 [L.
360 2079 390 2135 4.
414 2080 451 2134 D.
468 2081 503 2135 de
518 2095 636 2152 apnosc.
652 2087 679 2136 et
695 2083 732 2140 at.
747 2082 794 2138 lib.
811 2073 876 2158 (25,
893 2073 936 2161 3).

294 2163 325 2221 n.
341 2161 391 2218 34.
413 2163 449 2218 n.
464 2165 500 2220 ae
514 2164 610 2234 auspi.
626 2155 670 2239 (ι,
687 2159 741 2238 ap]

219 2405 238 2475 ι)
252 2407 301 2461 Ed.
313 2407 397 2458 Haen.
411 2407 486 2456 addit
499 2422 534 2458 ιω
542 2411 680 2472 permultis
696 2409 772 2460 aad:
785 2411 810 2460 id
824 2413 887 2460 enim
902 2413 968 2461 ieuor
977 2412 1093 2462 libertatis

145 2479 259 2544 exposcit.
311 2475 330 2543 ')
347 2478 385 2540 Of.
401 2478 431 2530 L,
447 2489 466 2530 5.
482 2479 505 2540 i.
520 2489 540 2528 r.
560 2478 591 2527 D.
607 2480 639 2528 de
652 2487 721 2529 statu
735 2479 799 2530 bom.
815 2481 846 2548 (1,
860 2482 891 2548 s).
944 2477 1019 2548 ΜΓ.
1030 2481 1061 2532 L.
1072 2494 1092 2536 a.

144 2553 168 2614 g.
183 2561 203 2602 e.
223 2547 255 2600 D.
270 2549 325 2599 eod,
337 2563 380 2612 pr.
396 2547 417 2597 I.
433 2547 464 2597 de
479 2550 562 2614 ingen.
580 2547 611 2613 (1,
624 2549 655 2614 t).
713 2547 734 2616 ⁴)
749 2551 893 2602 manumissa
912 2553 943 2602 sit
960 2551 1020 2602 Cdd.
1035 2553 1092 2602 edd.

146 2619 167 2684 ⁶)
184 2619 222 2683 Os.
237 2619 269 2668 L.
285 2631 305 2671 1.
320 2621 342 2681 ἕ.
358 2631 378 2670 r.
397 2619 429 2668 D.
445 2619 476 2668 de
490 2621 583 2669 suiset
597 2622 645 2685 lep.
660 2618 705 2684 (at,
720 2620 763 2687 aa).
783 2621 814 2672 L.
829 2631 910 2685 aapr.
930 2623 961 2670 D.
976 2623 1093 2686 (lapidei-

144 2706 229 2742 consnt.
245 2689 288 2740 rto.
304 2688 348 2756 (to,
362 2689 393 2753 a).
412 2689 443 2738 L.
459 2702 479 2741 a.
501 2688 526 2739 0.
541 2691 597 2740 eod.
611 2689 685 2756 (aa).
736 2687 817 2757 ⁶)Sie
832 2692 894 2742 cad.
909 2704 929 2743 e.
939 2704 959 2744 a.
970 2705 1004 2744 st.
1014 2703 1047 2744 aa.
1058 2705 1092 2744 aa.

143 2761 200 2810 Atii
213 2762 303 2810 omisso
317 2763 357 2809 ret
370 2761 491 2809 amissum.
520 2759 573 2810 Sed
585 2761 671 2824 quibus
686 2761 816 2811 missis'ea
830 2762 979 2826 quibusdam
995 2763 1094 2814 cadet

143 2831 257 2896 Interpr.
272 2831 343 2892 edd,
363 2831 430 2880 unde
443 2829 541 2880 Seduit.
561 2830 710 2880 emendabat
728 2832 813 2895 quibus
831 2847 877 2882 non
891 2834 980 2882 missis.
1008 2834 1094 2892 Male;

143 2917 201 2952 num
215 2917 262 2965 quo
277 2902 366 2950 omisso
381 2903 456 2950 etiarn
471 2907 523 2950 est:
537 2902 643 2964 insuper
657 2899 745 2951 babitu
759 2902 965 2964 denunciatione,
977 2911 1004 2954 ut
1013 2920 1094 2969 neque

138 2979 356 3036 protestarentur,
371 2973 501 3021 mulierem
510 2977 697 3035 praegnantem
710 2986 745 3020 ear
759 2975 851 3024 marito
865 2988 916 3024 non
930 2989 999 3034 esse,
1013 2990 1094 3039 neque

143 3043 262 3093 custodes
276 3043 403 3092 mitterent
407 3059 418 3098 ‚·
437 3043 522 3105 itaque
537 3041 634 3090 demunt
652 3056 738 3090 uerum
751 3049 796 3105 est,
816 3044 884 3107 quod
898 3043 1007 3094 Paullus
1021 3046 1092 3095 dicit.

145 3112 183 3175 Of.
198 3111 230 3161 L.
246 3124 266 3162 1.
281 3113 319 3173 ἐς.
335 3124 354 3161 1.
369 3123 389 3162 e.
404 3123 425 3161 4.
440 3122 474 3162 ιι.
489 3121 522 3162 ns.
539 3121 572 3161 15.
591 3111 623 3162 1).
639 3111 671 3160 cte
684 3127 788 3177 agnose.
805 3112 849 3179 (en,
860 3114 891 3178 s).
943 3113 964 3180 r)
981 3115 1018 3179 Os.
1030 3115 1061 3167 L.
1073 3128 1092 3166 r.

142 3184 181 3244 ἐξ.
196 3193 216 3234 t.
232 3194 265 3233 ts.
290 3182 322 3229 D,
341 3181 396 3230 eod.
474 3178 495 3245 ⁸)
515 3181 599 3229 mulier
617 3195 671 3230 esse
686 3184 806 3247 plerique
827 3183 889 3233 oda.
908 3191 933 3233 et
950 3186 990 3234 ed.
1009 3186 1092 3235 Haen.

145 3252 281 3302 Fortasse:
295 3265 348 3300 esse
363 3251 449 3300 mulier
463 3251 505 3298 eis.
557 3248 578 3316 ⁹)
593 3266 648 3300 esse
657 3267 708 3315 per
722 3268 837 3303 errorent
850 3255 890 3303 ed.
905 3253 937 3302 Α.
1006 3252 1038 3320 ¹⁰)
1055 3257 1092 3318 Cf.

143 3322 175 3371 L.
191 3335 202 3372 r
213 3338 257 3386 pr.
274 3321 304 3373 D.
319 3323 351 3370 de
365 3323 458 3384 inspic.
474 3327 561 3370 aeuus
575 3320 661 3386 (Μ).
715 3319 748 3388 ¹¹)
761 3323 807 3373 Sic
816 3325 936 3387 plerique
947 3323 1008 3373 Cdd.
1025 3333 1094 3386 negat
1177 3357 1184 3373 .

142 3393 199 3441 edd.
254 3389 286 3459 ¹²)
302 3391 359 3442 Nan
370 3393 396 3440 in
406 3392 538 3454 superiori
547 3407 618 3452 casu,
629 3393 673 3442 cui
682 3399 735 3443 tres
743 3401 855 3443 statutae
863 3401 931 3452 sunt,
940 3395 987 3443 sed
1000 3396 1024 3443 si
1033 3401 1094 3458 post

142 3469 246 3512 mortem
260 3464 312 3512 uiri
325 3464 417 3511 mulier
430 3477 465 3512 eae
478 3469 508 3511 ea
518 3469 705 3528 praepnantem
718 3479 745 3513 se
759 3465 866 3514 disserit.
886 3463 918 3511 L⁴
934 3476 954 3514 1.
969 3466 984 3525 ξ
1008 3475 1040 3515 10.
1061 3465 1092 3514 D.

142 3533 198 3582 eod.
251 3529 283 3597 18)
300 3532 338 3595 Of.
353 3533 384 3581 L.
399 3545 419 3582 1.
446 3532 471 3581 0.
486 3532 522 3580 ud
535 3534 551 3581 t
568 3533 643 3582 Corn.
659 3533 690 3581 de
708 3534 770 3596 fais.
785 3532 821 3597 (s,
836 3530 880 3598 ss).
906 3533 1092 3585 Patrocinari.

142 3602 263 3665 Apotton.
278 3615 299 3661 u,
314 3614 347 3653 se.
364 3603 394 3652 L.
410 3615 430 3652 s.
449 3602 481 3654 Ι).
497 3602 529 3650 de
545 3602 619 3652 (tare.
634 3603 673 3652 ed.
690 3602 734 3668 (er,
749 3602 795 3668 ιο).
