2692 4114
256 213 321 280 540
554 230 621 267 mou
638 229 734 266 rursu
752 230 823 265 sear.
844 211 876 265 V.
895 216 919 264 9.

258 363 356 435 duplos
377 353 503 418 tructus¹
524 368 662 433 proestare
683 359 865 432 compellitur.
901 357 986 413 Huius
1002 349 1119 414 ’outem²
1133 373 1212 431 prae·

258 437 408 502 iudicium⁸
423 461 436 500 a
451 445 593 518 superiore
608 442 707 514 differt,
724 459 779 516 quo
796 442 945 516 quaeritur,
957 458 991 497 un
1003 456 1034 497 eo
1045 458 1101 513 res,
1114 441 1148 497 de
1160 457 1214 514 qua

258 533 365 604 agitur,
387 521 493 584 moior⁴
515 522 552 584 sit
573 535 682 584 centum
704 528 851 594 sestertiis3
873 525 988 598 ideoque
1010 526 1037 580 in
1059 525 1212 599 longiorem
1225 529 1293 580 [⁴⁴⁶1

258 614 328 670 diem
350 613 511 686 concipitur.
556 609 586 668 2.
612 604 694 684 5’(Αὸ
715 626 762 680 ea,
786 615 836 684 qui
853 613 883 666 in
902 625 965 666 rem
985 613 1058 684 opit,
1074 625 1136 666 cum
1154 625 1212 682 pro

331 759 351 828 ¹)
366 762 461 811 Rerum
479 762 667 811 deminuturum
685 757 731 824 (cf.
746 760 861 823 Interpr.
881 761 917 809 ad
934 760 958 808 h.
974 757 1017 825 i.),·
1039 774 1128 808 earum
1145 761 1214 810 enim

255 835 360 898 fructus
373 834 432 882 dolo
446 847 493 881 suo
504 846 555 881 non
565 833 663 893 cepisse
673 831 782 880 uidetur.
804 830 842 893 Cf.
853 843 873 887 1,
884 825 932 880 1³¹³.
942 832 965 892 §-
976 842 996 881 8.
1042 826 1137 895 ²)cnim
1148 829 1212 880 Odd.

257 905 315 954 edd.
326 910 404 952 sutem
416 903 460 952 Cd.
470 913 504 952 st.
543 898 564 966 8)
574 901 645 950 Hinc
655 908 772 964 apparet,
782 901 850 949 hanc
858 901 1048 963 stipulationem
1058 900 1213 964 pependisse

258 991 273 1024 a
285 973 451 1037 praeiudicio
466 972 582 1036 quodam,
598 973 624 1019 in
635 986 684 1035 quo
694 986 745 1021 non
755 978 852 1035 quanta
861 971 992 1020 hereditas
1001 978 1074 1029 esset,
1083 971 1131 1019 sed
1139 971 1215 1019 aliud

258 1045 380 1109 quiddam
403 1041 587 1107 quaerebatur,
612 1041 779 1104 Paullumqae
806 1049 882 1090 antea
905 1042 937 1090 de
964 1043 1018 1090 alia
1045 1042 1214 1104 stipulatione

257 1116 349 1180 spisse,
364 1120 495 1180 quactum
510 1120 607 1162 tantum
621 1114 704 1162 locum
713 1111 829 1173 habehat,
838 1114 862 1162 si
872 1111 1040 1174 praeiudicio
1050 1113 1213 1175 pronuncia·

258 1193 309 1234 tum
327 1191 394 1245 erat,
413 1199 466 1232 rem
484 1184 605 1234 maiorem
621 1180 670 1248 (uel
685 1197 735 1232 non
750 1181 881 1247 minorem)
896 1197 951 1232 esse
965 1189 1064 1232 centum
1077 1183 1211 1232 sestertiis.

257 1255 313 1304 Iam
332 1255 400 1318 quod
418 1254 484 1302 illud
497 1253 690 1316 praeiudicium
710 1254 812 1311 attinet,
831 1254 906 1302 etiam
924 1267 959 1302 ecc
977 1251 1007 1301 L.
1023 1264 1057 1304 11.
1073 1253 1115 1304 cit.
1130 1259 1214 1316 patet,

254 1331 402 1388 praetorem
412 1329 509 1372 tantum
519 1338 553 1371 ea
563 1337 643 1372 causa
654 1321 742 1372 iubere
755 1325 838 1372 solere
852 1323 919 1372 hauc
928 1323 1118 1385 stipulationem
1132 1323 1214 1371 inter-

256 1395 337 1458 poni,·
351 1401 376 1442 et
389 1395 416 1442 ia
431 1392 463 1443 L.
474 1405 486 1444 s
496 1407 540 1456 pr.
556 1394 600 1440 cit.
614 1394 697 1441 simile
710 1393 774 1457 quid
787 1394 940 1442 intellectum
954 1408 1017 1450 esse,
1031 1392 1109 1442 uerba
1125 1387 1214 1456 ‘prae-

259 1472 300 1514 tor
314 1460 390 1512 enim’
408 1470 454 1512 etc.
465 1463 590 1526 produnt,
606 1463 697 1527 quibus
711 1465 827 1528 capimur
841 1477 906 1527 quae
915 1463 953 1512 ibi
961 1463 1125 1526 praecedunt
1134 1462 1215 1512 verba

260 1531 298 1582 ‘in
313 1535 379 1582 diem
394 1530 546 1598 lonqiorem'
563 1535 600 1581 ita
614 1535 747 1596 accipere,
762 1541 790 1582 ut
802 1548 832 1583 eo
845 1548 954 1596 sequens
969 1531 1057 1582 ‘enim'
1077 1534 1215 1596 respiciat,

258 1606 333 1669 quasi
346 1605 442 1652 dictum
458 1611 523 1652 esset
539 1599 648 1652 ‘tantum
662 1605 689 1652 in
704 1605 845 1669 lonqiorem
858 1601 945 1652 diem’.
974 1602 1010 1652 Et
1022 1618 1085 1652 sane
1099 1605 1126 1652 in
1140 1603 1215 1652 arbi·

258 1677 309 1724 trio
324 1675 459 1739 praetoris
477 1680 547 1731 erat,
570 1680 654 1722 utrum
677 1675 732 1736 ipse
753 1675 941 1738 coquoscendo,
963 1674 1031 1737 quod
1050 1673 1216 1722 lastinianus

258 1745 289 1794 L.
305 1757 325 1794 1.
341 1746 363 1806 ξ.
379 1756 400 1795 e.
424 1743 456 1793 D.
475 1745 507 1793 de
525 1745 585 1807 stip.
601 1751 688 1806 praet.
707 1743 793 1806 (41.1)
812 1745 837 1792 ei
854 1746 934 1794 solum
954 1745 1068 1808 reliquit,
1083 1759 1117 1792 an
1131 1757 1211 1806 prae·

258 1816 356 1865 iudicio
370 1830 423 1864 rem
434 1816 560 1877 conficere
570 1816 651 1864 uellet.
675 1813 733 1864 Hoc
744 1829 803 1863 aero
814 1815 1006 1876 praeiudicium
1017 1817 1054 1864 ita
1064 1821 1213 1876 conceptum

255 1887 347 1949 fuisse,
362 1901 396 1934 an
411 1887 514 1949 lonqior
528 1885 658 1934 uideretur
673 1885 729 1934 dies
743 1885 911 1943 condicionis,
924 1884 971 1934 sub
984 1900 1036 1950 qua
1049 1884 1124 1936 heres
1138 1885 1214 1934 insti·

258 1963 327 2004 tatas
337 1961 401 2014 erat,
412 1955 519 2019 ideoque
529 1957 605 2003 etiam
611 1956 783 2018 possessionis
794 1957 860 2003 iuris
870 1956 965 2004 incerti
974 1957 1000 2004 ei
1009 1955 1120 2017 dandae,
1131 1954 1212 2004 Paul·

258 2029 298 2076 lus
312 2033 337 2075 et
351 2026 374 2074 h.
391 2027 406 2074 l.
423 2033 447 2074 et
461 2024 493 2074 L.
508 2038 520 2076 s
530 2041 574 2088 pr.
594 2027 637 2074 cit.
657 2025 745 2074 dicere
763 2025 879 2083 uidetar;
897 2026 922 2074 si
939 2027 1005 2074 enim
1024 2027 1127 2090 lonqior
1145 2033 1213 2083 erat,

258 2099 325 2146 uelut
335 2097 496 2146 condicionis
505 2092 540 2146 ‘si
550 2097 640 2145 consul
647 2096 736 2158 sactus
745 2092 816 2154 erit',
827 2097 968 2159 captiosum
977 2097 1033 2144 sine
1041 2095 1214 2144 satisdatione

259 2169 369 2216 manime
383 2166 414 2216 ob
427 2167 532 2228 fructus
546 2181 633 2215 rernm
647 2167 818 2214 alienatorum
831 2165 966 2215 substituto
977 2165 1055 2228 fiebat
1064 2165 1211 2228 beneficium

255 2238 429 2300 possessionis
444 2237 560 2286 instituto
574 2237 666 2292 datae,·
680 2238 704 2284 si
717 2238 808 2294 rainus,
822 2238 890 2285 uelut
903 2239 931 2284 in
944 2236 994 2286 hac
1008 2237 1160 2288 condicione
1176 2232 1213 2284 ‘si

258 2309 330 2356 intra
343 2313 465 2371 quattuor
479 2320 576 2354 menses
590 2314 772 2355 monumentum
786 2306 847 2354 mihi
858 2303 965 2369 fecerit’
977 2309 1131 2357 calumniose
1141 2307 1211 2355 uide·

257 2377 334 2426 batur
352 2374 504 2424 substitutus
522 2377 587 2424 satis
601 2382 704 2436 petere,
723 2391 794 2440 quem
812 2378 880 2425 atius
897 2376 1069 2426 antecedebat.
1104 2376 1138 2425 In
1151 2376 1214 2426 Mu·

260 2449 352 2495 cinnae
367 2446 496 2494 cautionis
510 2446 684 2503 condiciones,
698 2461 763 2510 quae
776 2461 875 2509 semper
884 2448 1024 2511 lonpiorem
1034 2446 1210 2508 ettenhaim,

259 2517 308 2565 hoc
326 2515 466 2564 discrimen
485 2529 535 2564 non
555 2514 669 2564 cadebat.
698 2517 790 2566 Altera
809 2518 941 2580 stipulatio
952 2517 1068 2579 fortasse
1080 2517 1214 2580 spectabat

261 2587 405 2634 missionem
419 2599 453 2633 ea
462 2584 546 2634 edicto
556 2584 588 2633 D.
599 2584 734 2636 Hadriani
738 2603 748 2642 ‚·
761 2602 841 2650 neque
850 2589 915 2636 enim
924 2589 980 2636 sine
989 2589 1091 2638 ratione
1100 2588 1213 2644 dicetur,

259 2655 400 2705 cavendum
411 2655 495 2717 fuisse
509 2657 629 2719 leqitirnis
643 2655 780 2706 heredibus
794 2655 826 2706 ab
839 2671 877 2714 eo,
892 2657 937 2720 qui
950 2657 1108 2717 mittebatur,
1121 2659 1146 2706 si
1156 2658 1210 2721 fal·

258 2741 313 2774 sum
327 2727 412 2774 aliave
430 2725 504 2774 mado
523 2727 613 2775 inutile
632 2726 767 2776 dicebatur
784 2733 957 2776 testamentum
971 2726 1002 2791 (s,
1016 2737 1036 2779 6.
1056 2726 1147 2793 §.14),·
1164 2728 1214 2776 sed

258 2803 310 2844 tum
323 2795 421 2844 deinum
435 2795 582 2855 canebatur,
596 2798 621 2845 si
634 2799 691 2846 iure
704 2796 856 2846 mittebatur.
886 2797 956 2846 Unde
970 2813 1004 2846 eae
1017 2797 1042 2847 h.
1058 2800 1074 2847 l.
1090 2800 1213 2862 consequi

258 2867 360 2914 uidetur
374 2880 425 2914 noa
440 2865 469 2914 id
483 2867 583 2929 quidem
597 2869 753 2924 necessario,
768 2869 931 2916 centenarias
945 2874 1041 2916 tantum
1054 2867 1216 2918 hereditates

257 2937 393 2985 vicesimae
416 2935 543 2986 obnoxias
563 2937 647 3000 fuisse
672 2935 734 3002 (aid.
754 2937 812 2986 libr.
831 2952 910 2987 meunt
930 2933 1036 2987 ‘Gaius’
1053 2953 1081 3002 p.
1100 2938 1145 3004 st),
1164 2938 1211 2987 sed

258 3007 369 3056 edictum
382 3006 414 3054 D.
425 3006 561 3056 Hadriani
574 3015 671 3056 tantum
685 3007 721 3056 ad
733 3007 781 3056 has
795 3007 950 3057 hereditates
960 3010 1126 3072 pertinuisse,
1142 3009 1212 3072 quod

256 3083 281 3127 et
295 3078 420 3126 rationem
434 3077 517 3136 habet,
532 3093 630 3142 quoque
644 3085 762 3140 spectare
775 3079 895 3128 uidentur
909 3078 1028 3144 ambapes
1037 3080 1098 3128 illae
1107 3079 1209 3142 etdiffi·

256 3149 377 3207 cultates,
398 3149 430 3196 de
449 3148 540 3212 quibus
557 3150 698 3211 imperator
716 3150 834 3212 queritur
853 3151 880 3197 in
899 3149 930 3200 L.
946 3161 967 3200 s.
992 3149 1018 3198 0.
1033 3149 1064 3198 de
1078 3150 1162 3199 edicto
1176 3149 1209 3198 D.

255 3217 342 3268 Hadr.
358 3217 389 3284 (s,
404 3217 449 3282 ss).
480 3218 594 3267 Ceterum
613 3219 667 3267 alia
685 3221 770 3268 omnia
788 3221 903 3268 sentium
920 3220 952 3268 de
966 3219 990 3268 h⁴
1006 3221 1022 3268 l.
1038 3218 1159 3283 Rudorff.
1175 3219 1213 3268 ad

256 3289 372 3338 haliae
390 3289 454 3338 last.
474 3287 527 3336 III.
547 3291 570 3349 §-
590 3299 636 3339 sso.
652 3303 680 3352 p.
699 3301 746 3340 sss.
770 3289 838 3338 Hire.
859 3291 909 3338 tur.
930 3289 967 3338 ΙΙ.
982 3304 1009 3353 p.
1030 3301 1076 3340 111.
1096 3299 1208 3341 114111.

257 3358 285 3409 0.
300 3359 391 3410 Butam
404 3360 436 3409 de
450 3360 598 3422 praeiudic.
611 3360 690 3420 form.
702 3375 729 3422 p.
744 3369 778 3411 15.
835 3356 856 3424 ‘)
870 3359 947 3409 Alias
960 3361 1104 3424 quaeritur,
1118 3375 1153 3409 an
1166 3374 1212 3409 res

254 3445 305 3479 non
321 3433 404 3479 minor
417 3431 460 3486 sit,
475 3431 553 3478 ueluti
569 3429 625 3478 Gai.
640 3440 661 3491 s,
675 3441 722 3480 114.
741 3441 762 3488 s,
776 3441 810 3480 42.
829 3442 898 3488 4,14.
914 3441 947 3482 to.
1012 3427 1034 3496 ⁶)
1050 3430 1088 3494 Cf.
1105 3430 1171 3479 Fest.
1186 3445 1208 3478 u.

259 3499 398 3549 Vindiciae
409 3514 437 3561 p.
452 3510 499 3549 sto.
519 3495 697 3561 suprn1,13¹‘.
717 3501 739 3561 ἓ.
754 3512 774 3551 s.
795 3500 826 3548 L.
842 3513 861 3550 1.
888 3500 932 3552 Th.
950 3499 974 3550 G.
991 3499 1023 3549 de
1035 3501 1116 3564 fruct.
1132 3507 1158 3550 et
1170 3501 1208 3549 lit.

253 3583 313 3631 cap.
329 3567 360 3634 (4,
375 3569 418 3633 18).
434 3568 466 3616 L.
482 3584 524 3618 un.
539 3569 582 3618 Th.
600 3569 624 3618 0.
640 3570 672 3618 de
686 3584 757 3620 usur.
772 3572 812 3620 rei
826 3569 921 3636 iud.(t,
933 3569 977 3636 19).
997 3569 1113 3620 Ambrae.
1124 3585 1163 3634 ep.
1175 3581 1209 3622 19.
