2680 4112
442 256 477 300 nn
494 255 607 292 unamve
625 257 703 290 man
716 257 756 292 111.
1039 249 1078 308 73

118 391 239 456 tempore
254 382 347 438 nescio
363 397 419 454 quo
434 391 513 454 pacto
535 391 673 438 recreatus
688 383 831 456 multoque
851 384 966 440 taetrior
981 393 1008 440 et
1023 385 1081 440 ioe-

118 467 174 522 dior
192 460 330 541 (reluatus
346 473 397 521 est.
435 465 477 522 lll.
498 482 566 538 quae
582 468 652 522 enirn
667 459 749 522 mala¹
764 483 819 522 nou
834 465 938 524 edidit?
960 469 1007 541 qui
1022 471 1080 541 pri·

117 567 199 621 mum,
219 556 253 606 ut
270 549 354 622 impio
372 548 485 622 dignum
501 549 564 619 luit,
581 549 702 622 patribus
715 551 960 608 omnemhonorem
971 553 1078 625 eripuit,

117 636 203 690 omnia
218 631 313 689 infima
328 634 439 688 summis
457 633 531 706 paria
547 632 627 704 iecit,
643 632 775 706 turbauit,
790 635 913 703 miscuit3
929 650 990 691 cum
1005 634 1080 692 adili·

116 719 199 774 xisset
214 717 367 791 principum
383 717 556 788 grauitatem,
571 733 716 790 numquam
731 724 819 774 tamen
834 720 1000 790 conquieuit.
1028 714 1081 777 20.

115 817 233 874 namque
254 804 287 857 ut
301 799 330 860 C.
346 799 503 856 Flaminium
523 807 605 873 atque
626 816 665 872 ea,
689 817 757 873 quae
777 803 828 856 iam
847 803 936 874 prisca
950 803 1080 858 uidentur

42 889 48 899 ’
116 893 231 958 propter
251 891 427 954 uetustatem,
444 883 609 956 relinquam,
631 883 695 957 quid
716 885 783 940 iuria
805 883 883 940 bonis
903 888 968 942 uiris
990 886 1080 942 Tiberi

117 969 230 1024 Gracchi
253 967 406 1023 tribunatus
428 967 557 1041 reliquit?
585 968 636 1024 etsi
658 969 843 1041 quinquennio
864 977 925 1025 ante
946 969 1081 1026 Decimum

116 1053 231 1108 Brutum
243 1059 270 1108 et
279 1051 308 1106 P.
320 1051 474 1124 Scipionem
484 1051 621 1122 consules,
634 1068 703 1124 qnos
722 1059 750 1106 et
767 1059 883 1124 quantos
898 1054 983 1123 uiros,
998 1054 1080 1110 homo

117 1137 237 1192 omnium
257 1133 366 1192 infimus
382 1142 410 1191 et
424 1135 643 1207 sordidissimus,
665 1135 790 1192 tribunus
805 1135 843 1208 pl.
858 1134 886 1190 G.
904 1134 1038 1192 Curiatius
1053 1138 1081 1192 in

116 1219 227 1276 uincula
241 1220 373 1288 coniecit,
390 1218 464 1292 quod
478 1226 540 1274 ante
556 1219 657 1276 lactum
672 1235 728 1274 non
744 1227 811 1274 erat.
841 1217 870 1273 C.
887 1235 953 1274 nero
969 1218 1080 1276 Gracchi

117 1304 206 1358 ruinis
227 1309 255 1359 et
274 1303 306 1358 iis
327 1303 400 1374 sicis,
423 1319 489 1375 quas
504 1304 563 1376 ipse
579 1318 608 1358 se
623 1303 770 1375 proiecisse
784 1303 813 1357 in
827 1301 917 1358 iorum
932 1302 1007 1372 dixit,
1023 1304 1082 1377 qui·

117 1385 172 1442 bus
193 1385 405 1458 digladiarentur
424 1387 497 1442 inter
518 1402 548 1442 se
570 1387 654 1459 ciues,
675 1401 766 1442 nonne
782 1401 888 1442 omnem
903 1387 942 1442 rei
957 1385 1082 1460 publicae

20 1521 22 1538 ,
121 1476 229 1525 statum
243 1470 423 1542 permutauit?
444 1469 509 1542 quid
524 1471 576 1525 iam
591 1469 625 1526 de
641 1469 803 1539 Saturnino,
818 1469 954 1543 Sulpicio,
969 1471 1081 1544 reliquis

119 1552 229 1609 dicam?
249 1569 316 1624 quos
334 1569 369 1608 ne
391 1553 528 1626 depellere
548 1553 655 1626 quidem
676 1569 691 1608 a
712 1569 741 1610 se
761 1555 819 1608 sine
840 1553 912 1610 ierro
933 1555 1023 1627 potuit
1037 1571 1081 1610 res

21 1655 22 1676 ÷
116 1635 236 1709 publica.
266 1633 312 1694 21.
336 1653 385 1694 our
400 1645 490 1692 autem
507 1644 553 1692 aut
567 1645 661 1692 uetera
676 1645 722 1693 aut
737 1635 823 1692 aliena
837 1637 972 1710 proferam
989 1640 1081 1711 potius

119 1736 202 1792 quam
222 1727 250 1775 et
272 1729 365 1776 nostra
385 1729 413 1774 et
430 1720 565 1776 recentia?
586 1722 662 1793 quis,
684 1713 823 1794 inquam,²
837 1729 891 1778 tam
907 1722 1005 1792 audax,
1027 1729 1081 1778 tam

118 1802 199 1860 nobis
220 1804 344 1860 inimicus
364 1803 470 1876 luisset,
489 1812 521 1860 ut
542 1805 674 1877 cogitaret
694 1819 821 1876 umquam
841 1804 875 1860 de
895 1812 967 1860 statu
986 1815 1082 1862 nostro

115 1887 318 1958 labefactando,
333 1878 386 1944 ni'si
402 1903 558 1944 mucronem
569 1888 686 1960 aliquem
698 1887 871 1943 tribunicium
889 1889 1039 1944 crepuisset
1054 1887 1095 1943 in'

117 1972 188 2028 nosi
209 1987 290 2044 quem
306 1987 368 2028 cnm
383 1972 505 2028 homines
520 1970 645 2028 scelerati
659 1987 690 2027 ac
704 1971 803 2044 perditi
818 1986 874 2026 non
888 1970 970 2024 modo
986 1969 1040 2026 ulla
1055 1972 1083 2026 in

119 2054 213 2127 domo,
228 2055 278 2112 sed
292 2054 367 2111 nulla
382 2056 410 2110 in
425 2063 507 2128 gente
520 2055 682 2128 reperirent,
699 2061 795 2127 gentes
809 2051 861 2108 sibi
876 2052 1032 2110 intenebris
1044 2055 1084 2110 rei

119 2137 244 2212 publicae
265 2137 459 2212 perturbandas
479 2143 654 2212 putauerunt.
690 2135 763 2212 quod
783 2135 862 2192 nobis
883 2135 991 2209 quidem
1006 2153 1083 2210 egre·

118 2225 194 2296 glum
215 2230 242 2278 et
262 2221 296 2278 ad
317 2223 537 2279 inmortalitatem
557 2221 704 2278 memoriae
724 2221 885 2294 gloriosum,
906 2213 1040 2276 neminem
1055 2222 1084 2276 in

118 2323 170 2362 nos
184 2305 310 2364 mercede
326 2305 380 2362 ulla
396 2306 535 2362 tribunum
549 2305 673 2379 potuisse
688 2306 819 2378 reperiri,
839 2305 890 2360 uisi
911 2305 955 2360 cui
973 2320 1007 2360 ue
1023 2319 1084 2360 esse

120 2389 230 2462 quidem
251 2389 378 2446 licuisset
398 2388 518 2446 tribuno.
560 2384 607 2448 22.
628 2389 676 2445 sed
700 2389 746 2444 ille
767 2405 834 2461 quas
855 2395 962 2460 strages
990 2387 1082 2444 edidit.

20 2537 21 2544 ἵ
121 2489 169 2530 eas
187 2473 332 2546 uidelicet,
353 2489 421 2547 quas
440 2476 499 2530 sine
519 2474 624 2528 ratione
644 2489 676 2530 ac
695 2473 754 2528 sine
775 2472 829 2528 ulla
849 2488 898 2546 spe
916 2471 987 2527 bona
1007 2471 1084 2526 inror

121 2555 206 2614 edere
223 2559 312 2630 potuit
331 2559 444 2630 impurae
464 2556 558 2612 beluae
579 2556 726 2612 multorum
741 2554 921 2612 inflammatus
937 2553 1083 2612 furoribus.

118 2657 202 2714 quam
218 2641 251 2696 ob
266 2656 324 2696 rem
338 2643 366 2696 in
380 2643 431 2697 ista
446 2640 554 2714 quidem
569 2656 599 2696 re
615 2641 790 2696 uehementer
802 2638 903 2694 Sullam
919 2637 1018 2711 probo,
1035 2639 1082 2711 qui

117 2724 233 2783 tribunis
248 2723 335 2798 plebis
350 2741 399 2780 sua
412 2724 474 2798 lege
487 2724 600 2780 iniuriae
611 2722 749 2780 faciendae
761 2728 924 2796 potestatem
940 2722 1081 2790 ademerit,

117 2810 211 2866 auxilii
225 2807 331 2864 terendi
345 2809 503 2882 reliquerit,
517 2807 729 2880 Pompeiumque
745 2813 872 2862 nostrum
887 2806 985 2862 ceteris
1000 2803 1082 2860 rebus

119 2891 249 2950 omuibus
268 2907 375 2966 semper
395 2891 564 2966 amplissimis
585 2892 751 2962 summisque
772 2889 862 2946 eclero
888 2887 1025 2958 laudibus,
1051 2886 1085 2945 de

117 2975 267 3034 tribunicia
287 2983 423 3048 potestate
445 2983 537 3044 tace03
561 2991 612 3032 nec
630 2975 700 3030 euim
722 2971 923 3046 reprehendere
944 2971 1010 3028 libet
1032 2987 1082 3028 nec

116 3061 232 3118 laudare
246 3075 369 3132 possum.

183 3143 217 3201 X.
240 3138 288 3202 28.
304 3143 345 3200 M.
362 3143 431 3199 Vitia
446 3143 555 3216 quidem
568 3141 721 3198 tribunatus
736 3140 883 3214 praeclare,
899 3137 1007 3209 Quinte,
1023 3153 1084 3211 per-

117 3229 213 3304 spicis,
225 3227 275 3283 sed
290 3235 333 3284 est
346 3229 438 3300 iniqua
452 3228 480 3283 in
496 3227 568 3282 omni
582 3241 613 3282 re
627 3224 775 3282 accusanda
789 3223 987 3298 praetermissis
1003 3221 1083 3278 bonis

118 3313 256 3370 malorum
278 3313 444 3368 enumeratio
466 3311 650 3382 uitiorumque
671 3308 796 3365 selectio:
818 3323 878 3363 nam
900 3308 953 3363 isto
977 3304 1084 3376 quidem

195 3500 217 3568 ¹)
233 3501 278 3552 Eae
296 3501 400 3551 Davisii
414 3502 446 3563 qi.
466 3505 511 3564 que
531 3499 593 3549 enim
612 3497 650 3547 ille
664 3496 720 3546 AB
731 3497 771 3547 ed.
782 3495 812 3546 V.
851 3490 873 3559 ²)
887 3491 933 3541 Eae
949 3490 1085 3541 Goerenzii

118 3578 152 3638 ej,
167 3586 284 3637 umquam
299 3571 354 3621 ΑΒ
366 3572 405 3620 ed.
427 3571 457 3619 V.
