2672 4112
244 229 284 286 32
582 239 610 273 u.
629 237 739 274 unumve
758 237 858 274 oroneo.

243 373 324 437 etque
338 357 510 436 inpietatum¹
527 362 602 419 nulla
617 365 733 436 expiatio
749 372 806 431 est3
828 365 918 436 itaque
937 379 1039 436 poenas
1054 364 1134 420 luunt
1149 381 1208 422 nou

243 457 297 504 tem
311 446 427 518 iudiciis,
447 463 516 520 quae
531 447 665 520 quondam
679 463 812 520 nusquam
827 454 913 519 erant,
937 447 1017 504 hodie
1032 448 1208 504 multifariam

243 531 317 586 uuila
338 538 412 600 sunt,
432 529 477 586 ubi
497 539 571 602 sunt,
593 539 682 586 tamen
702 547 831 609 persaepe
847 530 914 586 falsa
928 539 1002 602 suut,
1026 528 1087 605 (eet)
1110 539 1142 587 ut
1157 549 1207 588 eos

243 616 347 688 agitent
361 615 581 686 insectenturque
598 615 697 684 iuriae,
720 631 775 670 uon
791 614 946 671 ardentibus
967 614 1069 686 taedis,
1091 617 1161 671 sicut
1176 617 1206 670 in

242 697 351 768 sabulis,
372 697 420 754 sed
441 714 543 770 angore
560 699 738 758 conscientiae
759 698 916 771 fraudisque
931 700 1061 758 cruciatu.
1092 699 1207 773 quodsi

243 781 366 836 homines
382 780 414 836 ab
428 783 526 837 iniuria
538 797 635 855 poena,
651 797 707 837 non
722 789 816 838 natura
832 798 923 838 arcere
934 781 1056 852 deberet,
1072 799 1206 856 quaenam

244 863 399 921 sollicitudo
414 873 525 920 uetaret
539 867 636 938 impios
652 864 758 920 sublato
774 864 968 938 supphoiorum
979 867 1072 920 metui
1088 883 1206 938 quorum

243 945 332 1004 tamen
352 965 431 1004 nemo
452 958 505 1004 tarn
527 948 612 1003 audax
631 965 757 1021 umquam
778 949 839 1015 iuit,
860 950 925 1022 quin
940 957 987 1004 aut
1002 947 1130 1005 abnueret
1145 967 1159 1004 a
1174 967 1206 1006 se

243 1033 414 1088 commissum
429 1048 489 1087 esse
505 1032 622 1102 facinus,
643 1037 689 1087 aut
707 1033 773 1086 iusti
788 1033 829 1087 sui
844 1033 947 1088 doloris
962 1049 1068 1088 oausam
1088 1033 1205 1106 aliquam

245 1113 360 1188 fingeret
382 1115 621 1188 defensionemque
642 1115 768 1172 facinoris
784 1133 798 1170 a
813 1123 923 1171 naturae
939 1117 996 1171 iure
1012 1115 1102 1188 aliquo
1119 1133 1205 1188 quae·

242 1205 330 1254 reret:
346 1215 414 1272 quae
430 1197 454 1254 si
465 1198 602 1272 appellare
613 1198 712 1255 audent
723 1199 808 1272 impii,
825 1215 879 1271 quo
891 1199 997 1254 tandem
1009 1199 1100 1254 studio
1112 1200 1205 1256 uolen-

242 1287 288 1335 tnr
303 1298 317 1336 a
332 1281 427 1337 bonisi
449 1282 522 1355 quod
537 1285 560 1337 si
575 1299 674 1355 poena,
690 1285 714 1338 si
728 1291 816 1338 metus
831 1283 957 1355 supplici,
978 1299 1033 1338 rrou
1048 1285 1104 1356 ipsa
1119 1286 1206 1356 turpi·

243 1363 310 1419 tudo
328 1364 451 1422 deterret
471 1366 503 1421 ab
525 1366 653 1422 iniuriosa
674 1367 876 1439 iaoinerosaque
891 1369 961 1436 uita,
983 1383 1062 1422 nemo
1078 1375 1119 1422 est
1133 1368 1204 1423 iniu-

244 1454 314 1518 stus,
330 1455 377 1503 aut
391 1450 493 1504 incauti
507 1451 599 1521 potius
614 1449 726 1504 habendi
742 1459 805 1504 sunt
824 1449 939 1522 inprobi.
970 1447 1010 1508 et
1033 1458 1091 1504 tum
1113 1459 1203 1506 autem

244 1531 289 1602 qui
311 1547 366 1586 non
380 1533 441 1604 ipso
456 1533 573 1588 honesto
589 1548 743 1607 monemur,
761 1541 791 1588 ut
805 1532 870 1588 boui
884 1535 937 1588 uiri
952 1535 1052 1604 simus,
1067 1533 1116 1589 sed
1131 1534 1205 1590 utili·

244 1621 298 1668 tate
320 1613 409 1687 aliqua
430 1622 511 1688 atque
533 1615 634 1687 irnotu,
657 1616 745 1672 oailidi
767 1633 870 1689 sumus,
893 1633 947 1672 non
963 1617 1041 1672 boni:
1062 1635 1124 1673 uam
1139 1618 1205 1690 quid

243 1695 360 1753 iacietis
375 1699 457 1754 homo
474 1697 649 1770 intenebris,
670 1703 717 1773 qui
736 1700 802 1756 nihil
823 1703 900 1756 timet
914 1703 967 1756 nisi
981 1709 1077 1756 testem
1093 1710 1121 1757 et
1135 1701 1204 1756 iudi·

243 1781 315 1836 oem?
331 1781 395 1855 quid
409 1784 437 1837 in
452 1781 560 1838 deserto
576 1799 630 1856 quo
645 1783 706 1839 loeo
722 1793 825 1854 nactus,
842 1801 921 1857 quern
933 1779 1044 1840 'multo²
1059 1801 1124 1839 auro
1140 1802 1205 1857 spo-

242 1863 307 1920 liare
321 1867 420 1938 possit,
432 1865 586 1922 inbeeiiium
601 1875 681 1940 atque
698 1867 805 1924 solumi
820 1877 914 1923 noster
926 1868 1033 1942 quidem
1050 1869 1094 1922 hio
1108 1876 1205 1924 nutura

242 1949 331 2004 iustus
346 1951 389 2004 uir
402 1966 433 2006 ao
446 1949 534 2006 honus
550 1951 630 2006 etiam
644 1951 838 2024 conloquetur‚
855 1951 971 2018 iuuabit,
992 1954 1020 2006 in
1034 1953 1104 2006 uiam
1119 1951 1204 2007 dedu-

242 2039 298 2096 oet,
318 2035 341 2088 is
356 2050 432 2106 uero,
448 2033 495 2108 qui
505 2035 570 2090 nihii
589 2033 699 2090 alterius
716 2051 794 2091 eausa
813 2035 876 2090 facit
891 2044 919 2090 et
933 2037 1043 2090 metitur
1057 2037 1114 2090 suis
1130 2052 1203 2092 com·

242 2116 328 2172 modis
344 2119 441 2188 omnia,
458 2118 566 2185 uidetis,
582 2118 677 2189 eredo,
695 2118 759 2190 quid
775 2120 811 2175 sit
825 2127 948 2174 aeturus:
966 2119 1038 2191 quod
1054 2119 1077 2174 si
1094 2117 1222 2192 negabit

243 2217 273 2256 se
288 2201 326 2256 iili
342 2203 424 2256 uitam
440 2210 595 2273 erepturum
611 2209 639 2255 et
654 2217 747 2256 aururn
764 2201 924 2273 ablaturum,
940 2218 1085 2274 numquam
1098 2202 1205 2258 obeam

243 2299 350 2338 oausam
360 2284 481 2355 negabit,
494 2282 567 2355 quod
579 2283 606 2337 id
618 2291 711 2338 natura
727 2293 806 2357 turpe
817 2285 926 2354 iudicet,
943 2285 990 2340 sed
1002 2285 1076 2358 quod
1089 2293 1209 2356 metuat,-

242 2383 276 2421 ne
292 2373 407 2438 emanet,
422 2365 449 2420 id
464 2373 515 2436 est,
538 2382 572 2421 ne
593 2366 692 2422 malurn
713 2367 816 2424 habeat.
848 2386 940 2425 orem
961 2367 1080 2442 dignam,
1102 2371 1130 2424 in
1150 2387 1204 2442 qua

242 2465 298 2504 non
313 2448 392 2504 modo
409 2447 493 2518 docti,
513 2448 656 2504 sedetiam
672 2459 793 2523 agrestes
809 2451 976 2508 erubescant.
1006 2452 1059 2508 XV.
1081 2448 1129 2510 42
1151 2453 1203 2508 iam

244 2548 308 2586 uero
323 2529 390 2586 iliud
405 2531 604 2602 stultissimum,
627 2535 778 2590 existimare
794 2537 881 2591 omnia
896 2538 965 2591 iusta
980 2552 1052 2607 esse,
1068 2537 1203 2609 quaesita

242 2616 338 2670 sintin
353 2614 517 2687 populorum
537 2617 668 2672 institutis
690 2627 737 2674 aut
751 2618 866 2692 iegibus.
898 2621 1021 2691 etiamne,
1043 2621 1066 2675 si
1082 2637 1149 2692 quae
1164 2620 1203 2676 le·

242 2714 290 2772 ges
311 2699 366 2752 sint
386 2700 578 2770 tyrannorum?
600 2701 622 2754 si
648 2703 759 2774 triginta
785 2702 823 2757 iiii
846 2703 956 2757 Athenis
976 2703 1052 2777 leges
1071 2706 1203 2776 inponere

241 2781 395 2837 uoluissent
414 2789 460 2836 aut
480 2785 502 2838 si
526 2799 618 2839 ornnes
634 2785 810 2840 Athenienses
832 2785 1033 2842 delectarentur
1054 2789 1203 2860 tyrannicis

240 2863 358 2937 iegibus,
370 2880 434 2920 num
446 2865 545 2922 ideireo
558 2883 605 2922 eae
616 2868 691 2942 leges
702 2870 788 2924 iustae
799 2868 980 2926 haberentur?
1000 2871 1095 2940 nihilo,
1108 2871 1202 2942 oredo,

242 2950 327 3020 magis
342 2948 401 3018 iila,
418 2965 496 3020 quant
511 2951 629 3006 interrex
644 2960 738 3008 noster
753 2953 830 3022 tulit,
846 2961 877 3008 ut
892 2953 1008 3009 dictator
1021 2971 1102 3027 quem
1117 2954 1204 3011 uellet

242 3032 341 3086 ciuium
357 3029 568 3108 (indemnatum)
583 3043 628 3090 aut
642 3036 740 3091 indicta
751 3052 829 3091 causa
840 3038 940 3108 inpune
954 3045 1047 3110 posset
1063 3038 1203 3104 ooeiderez

241 3122 284 3170 est
298 3115 368 3170 eninr
384 3131 467 3193 uuum
482 3119 534 3189 ius,
551 3135 604 3191 quo
622 3118 746 3174 deuinotu
761 3119 948 3175 esthominuru
961 3123 1076 3177 societas
1089 3131 1117 3178 et
1128 3123 1203 3196 quod

240 3196 284 3252 iex
305 3201 446 3256 constituit
466 3217 535 3271 una;
558 3218 625 3274 quae
647 3201 691 3258 ier
713 3211 755 3258 est
775 3211 848 3258 reeta
870 3205 937 3259 ratio
953 3206 1103 3276 imperandi
1119 3213 1203 3279 atque
1251 3253 1260 3264 .

240 3281 414 3354 prohibendi:
437 3299 516 3356 quarn
538 3287 584 3359 qui
605 3287 724 3358 ignorat,
746 3288 769 3341 is
792 3293 834 3341 est
854 3287 985 3358 iniustus,
1009 3289 1068 3345 siue
1091 3298 1134 3346 est
1155 3290 1203 3346 illa

240 3366 341 3438 scripta
355 3367 459 3439 uspiam
474 3369 532 3424 siue
547 3385 687 3442 nusquam.
715 3368 788 3442 quod
800 3369 823 3423 si
834 3371 937 3425 iustitia
950 3377 992 3427 est
1004 3369 1202 3454 obtemperetio

313 3542 664 3611 ¹)indeosimpietatumed.V.
686 3543 896 3612 ²)Lepenita,eoi
905 3551 1202 3622 madbaesit(oid.eeq.).
