2680 4118
476 227 513 262 ux
531 226 615 262 nunno
634 225 758 262 vnumuo.
1031 205 1088 269 ’121

65 365 128 414 162⁵]
207 353 250 417 1³.
277 350 423 412 ¹Venditur
445 356 467 412 si
488 371 538 428 per
554 355 739 411 conlusionem
761 355 946 428 imaginarium
968 353 1094 410 colonum

142 442 273 514 emptoris
289 438 440 513 decipiendi
456 455 533 494 causa
548 437 749 512 subposuit-en
766 446 856 511 empto
873 436 1018 496 tenebitur.
1044 453 1095 494 nec

141 527 240 582 idcirco
256 532 330 580 recte
345 521 508 593 defenditur,
530 524 566 587 si,
589 538 643 596 quo
660 521 762 578 facilius
778 522 958 594 excogitatam
973 521 1094 578 fraudem

142 607 282 678 'retineut‚
299 599 341 662 et²
357 605 490 674 colonum,
507 613 534 660 et
547 606 667 678 quinque
683 621 813 660 annorum
828 605 1003 660 mercedesin
1015 604 1094 660 fidem

141 708 216 748 suam
228 690 353 763 recipiat:
370 688 488 761 alioquin
501 691 523 744 si
535 689 603 744 bona
615 687 667 744 fide
680 687 790 763 locauit,
802 695 944 760 suspectus
954 704 1008 742 non
1019 682 1095 748 erit.³

204 771 250 830 14.
273 768 364 844 ⁴Lege
391 772 554 828 uenditionis
581 773 700 844 inempto
730 771 840 845 praedio
872 771 957 834 iacto,
990 771 1094 826 fructus

143 861 245 914 interea
260 863 402 930 perceptos
416 853 517 911 iudicio
533 855 636 910 uenditi
651 857 758 911 restitui
774 855 889 926 placuit,
914 855 1040 926 quoniam
1062 870 1094 909 eo

90 996 98 1004 ,
142 943 201 998 iure
216 948 383 998 contractum
398 941 425 994 in
442 938 553 994 exordio
568 939 690 994 uidetur:
713 939 793 993 sicuti
808 940 834 992 in
850 939 970 1012 pecunia,
993 945 1112 1010 quanto·

142 1027 253 1081 minoris
269 1024 395 1094 uenierit,
411 1022 444 1078 ad
459 1023 528 1078 diem
544 1023 632 1095 pretio
648 1039 703 1077 non
719 1021 818 1082 soluto,
844 1021 891 1076 Cui
905 1037 959 1076 non
976 1029 1016 1077 est
1032 1037 1095 1078 oon·

142 1109 255 1165 tranium
269 1108 399 1164 iudicium
415 1105 447 1162 alr
459 1105 588 1162 aedilibus
603 1107 630 1160 in
647 1107 745 1161 iactum
759 1105 792 1160 de
807 1104 980 1178 reciperando
997 1106 1095 1178 pretio,

142 1193 274 1266 mancipio
296 1183 472 1261 'reddibito,⁵
493 1191 554 1262 quia
576 1189 777 1262 ’displicuisset
801 1183 1001 1262 propositum3⁶
1023 1187 1095 1261 quod

66 1299 68 1306 ·
142 1293 198 1332 nou
213 1275 265 1330 erit
280 1275 472 1342 necessarium,
487 1275 509 1328 si
525 1272 616 1329 eudem
631 1273 692 1346 lege
707 1280 875 1330 contractum
891 1273 1058 1328 ostendatur.

206 1356 246 1414 15.
271 1350 400 1412 7111111111
421 1356 584 1430 pendentes,
607 1358 658 1412 etsi
674 1359 771 1412 maturi
785 1357 907 1426 luerunt,
930 1358 952 1412 si
969 1373 1015 1413 eos
1030 1373 1095 1412 uen-

143 1441 216 1497 ditor
243 1449 306 1513 post
332 1439 514 1497 uenditionem
536 1449 597 1506 ante
619 1440 688 1496 diem
716 1441 840 1497 soluendi
866 1443 945 1515 pretii
967 1442 1095 1514 percepit,

143 1524 260 1597 emptori
277 1524 460 1581 restituendos
476 1540 536 1580 esse
551 1526 685 1588 conuenit,
709 1526 732 1579 si
748 1541 801 1580 uon
818 1526 889 1581 aliud
904 1527 975 1582 inter
990 1534 1096 1582 coutra-

144 1609 240 1664 hcntes
256 1601 383 1681 placuit.8
757 1681 761 1687 Ι

206 1687 241 1747 16
271 1686 354 1748 ⁹Viuo
371 1699 485 1762 mutato,
507 1692 656 1765 periculum
669 1699 817 1764 emptorem
833 1699 949 1763 spectat,
973 1693 1095 1762 quamuis

118 1771 120 1778 ’
143 1775 297 1832 antediem
320 1779 399 1850 pretii
422 1776 545 1831 soluendi
568 1775 611 1830 uel
637 1775 830 1830 'condicionem
853 1775 997 1845 emptionis
1012 1773 1096 1844 inple·

143 1851 225 1916 tam¹⁰
246 1860 273 1914 id
288 1861 418 1915 euenerit.
463 1858 560 1930 quodsi
582 1857 643 1912 mile
658 1857 796 1929 amphoras
816 1865 891 1912 certo
914 1855 1013 1928 pretio,
1037 1872 1095 1911 cor·

143 1959 209 2014 pore
224 1957 280 1997 nun
294 1942 480 1996 demonstrato
496 1941 561 2009 uiui,
584 1939 715 2010 uendidit,
731 1939 833 1994 nullum
849 1940 978 2012 emptoris
993 1939 1097 1994 interea

144 2020 294 2096 periculum
310 2026 370 2078 erit.

209 2100 251 2164 17.
276 2099 409 2161 ¹¹Euictis
431 2097 559 2178 'agris,¹²
582 2105 674 2178 quanti
694 2106 823 2178 emptoris
846 2105 975 2175 interest,
997 2104 1095 2161 iudicio

146 2229 358 2240 ...-—-——..

143 2292 246 2341 dationi
260 2292 332 2340 locus
345 2296 397 2346 ert,
410 2295 438 2338 ut
451 2295 548 2352 emptor
561 2289 597 2339 ad
610 2291 723 2353 pretium
736 2291 882 2339 soluendum
897 2297 1013 2354 cupatur.
1044 2289 1096 2341 Nec

144 2377 183 2410 me
196 2368 284 2418 mouet,
299 2361 367 2424 quod
380 2361 457 2422 impp.
472 2361 499 2408 ia
513 2359 545 2408 L.
561 2372 594 2411 24.
620 2360 645 2410 Ο.
661 2361 704 2410 cit.
719 2359 797 2409 uerba
817 2357 855 2408 ‘in
871 2362 927 2423 ipra
948 2367 1097 2412 contractus

75 2481 77 2486 ,
144 2427 242 2482 limine’
254 2446 349 2494 parum
363 2437 437 2480 caute
452 2431 542 2479 latiori
555 2445 631 2480 cerusa
646 2437 809 2494 acceperunt,
824 2433 869 2494 qui
883 2431 1031 2495 Papiniano
1046 2447 1096 2482 non

144 2509 202 2552 erat
215 2501 386 2566 offinpendua.
445 2496 464 2564 1)
481 2500 518 2563 Of.
534 2500 565 2548 L.
580 2513 614 2552 19.
635 2501 667 2550 D.
683 2502 714 2550 de
727 2508 777 2551 act.
793 2503 869 2566 empti
883 2500 926 2566 (19,
942 2500 973 2567 1),
988 2501 1096 2553 Hermo·

143 2573 251 2638 paniani
265 2573 344 2629 iocus,
359 2585 393 2620 ex
407 2577 495 2620 nostro
510 2572 537 2619 ia
552 2573 674 2634 epitomen
688 2572 817 2622 redactus.
870 2567 891 2637 2)
906 2573 1018 2622 retineret
1037 2573 1096 2622 Vat.

144 2642 203 2692 edd.
218 2641 311 2690 Hallw.
327 2641 440 2690 Mommr.
456 2641 556 2690 retineat
570 2640 668 2690 Buclrlr.
685 2649 707 2690 et
722 2643 830 2692 colonum
845 2645 972 2708 inteliipe:
990 2651 1015 2692 et
1029 2646 1096 2694 colo·

145 2728 203 2761 num
218 2725 304 2761 uerum
317 2726 379 2761 esee.
431 2706 453 2776 8)
468 2712 485 2761 i.
500 2727 520 2760 e.
536 2714 622 2774 accipi
633 2713 766 2774 fideiussia
780 2712 866 2762 oblata
880 2715 980 2763 utiliter
990 2716 1095 2777 poterit.

146 2780 167 2848 ⁴)
183 2781 221 2846 Cf.
236 2782 268 2831 L.
284 2793 303 2833 a.
324 2784 346 2844 ἓ.
362 2794 382 2832 1.
406 2781 438 2829 D.
454 2782 581 2833 deceno.
598 2789 671 2845 empt.
687 2780 782 2847 (18,1).
807 2782 838 2831 L.
853 2795 873 2835 4.
894 2785 915 2844 §-
932 2794 951 2833 2.
975 2784 1007 2834 D.
1026 2785 1058 2836 de
1079 2787 1095 2834 l.
1129 2813 1137 2828 .

144 2867 230 2904 comm.
246 2851 291 2918 (18,
305 2849 337 2918 9).
418 2848 439 2916 ⁵)
453 2851 561 2902 redditur
580 2852 637 2901 Vat.
654 2853 745 2902 reddito
763 2852 884 2902 Niebuhr.
900 2861 925 2902 et
938 2857 1048 2904 aliorum
1062 2857 1094 2918 ci.

143 2922 197 2974 Sed
210 2923 260 2972 uid.
275 2923 308 2972 L.
322 2934 357 2974 91.
372 2923 395 2984 fi.
410 2933 443 2973 11.
463 2922 494 2972 D.
510 2923 542 2972 de
556 2923 612 2973 aed.
628 2924 667 2974 ed.
683 2923 727 2986 (91,
742 2921 773 2988 1).
838 2920 859 2990 ⁶)
875 2923 1025 2987 displicuisse
1040 2940 1095 2990 pro·

144 2994 240 3056 ponitur
259 2993 318 3042 Vat.
335 2993 458 3056 Plerique
471 2994 520 3056 ci:
533 2992 701 3057 displicuisset,
716 2994 864 3057 proponitur,
879 3001 955 3044 antea
965 3002 1026 3059 pust
1039 3010 1097 3044 oon-

144 3064 243 3111 tranium
262 3065 403 3112 inserentes
422 3063 492 3126 quod.
512 3064 634 3127 -quod
652 3064 699 3113 iud.
720 3064 748 3112 ab
768 3079 788 3112 a.
804 3065 819 3112 i.
836 3065 851 3114 i.
867 3065 889 3113 d.
906 3080 925 3116 r.
940 3080 963 3128 p.
983 3067 1098 3129 mancipii

144 3132 252 3182 redditur
265 3147 289 3196 q.
304 3132 454 3194 displicuisse
468 3135 609 3197 proponitur
622 3135 660 3184 ed.
677 3134 789 3184 Monimo.
842 3131 862 3200 ²)
879 3134 917 3197 Cf.
932 3135 964 3184 L.
980 3147 1012 3187 19.
1028 3137 1051 3197 ξ.
1063 3147 1096 3187 10.

144 3203 177 3252 D.
192 3203 223 3253 cle
238 3209 288 3252 aet.
303 3209 377 3264 empt.
387 3200 431 3266 (19,
441 3201 472 3266 1).
524 3201 545 3268 ⁸)
560 3205 670 3254 conuenit
684 3212 708 3254 et
721 3205 810 3268 placuit
819 3219 853 3253 erc
864 3203 956 3254 Haliw.
968 3209 1000 3268 ej.
1011 3213 1096 3256 tranr-

141 3272 395 3337 ponited.Momms.
443 3268 519 3338 ⁸)Cf.
530 3273 638 3336 L.1pr.
654 3274 685 3325 L.
695 3287 715 3326 t.
730 3277 752 3336 ξ.
764 3288 783 3324 1.
799 3274 907 3338 aspr.
927 3274 958 3322 D.
970 3275 1001 3323 de
1011 3277 1095 3337 peric.

2 3379 3 3396 .
144 3351 169 3392 et
184 3359 270 3394 comm.
285 3341 330 3408 (19,
344 3340 375 3408 a).
390 3342 422 3392 J..
432 3352 453 3392 9.
470 3341 495 3392 0.
510 3345 566 3394 eod.
582 3343 613 3406 (1,
623 3343 668 3410 48).
722 3341 754 3408 ¹⁰)
768 3343 813 3393 Ex
827 3344 895 3394 Maii
909 3346 940 3407 ej.
957 3345 1096 3394 condicione

145 3414 272 3476 emptionis
287 3413 383 3477 impleta
402 3412 460 3464 Vat.
475 3413 514 3466 ed.
529 3413 623 3468 Hailw.
677 3410 708 3480 ¹¹)
723 3413 770 3464 Est
784 3414 815 3462 L.
830 3426 857 3466 18
867 3429 911 3478 pr.
931 3414 963 3462 D.
978 3415 1010 3463 de
1024 3429 1095 3464 arur.

1 3449 6 3570 )
144 3483 190 3600 (lusa,
204 3483 236 3548 1),
250 3486 315 3534 male
330 3483 366 3534 idi
381 3483 474 3534 Paullo
489 3481 552 3550 (pro
568 3483 725 3550 Papiniano)
741 3483 845 3534 tributa.
906 3481 939 3550 11)
954 3484 1014 3550 Dip.
1029 3485 1095 3548 agnis

174 3559 208 3600 at.
222 3553 262 3604 ed.
276 3553 369 3604 Hallw.

1 3595 10 3798 )
180 3641 298 3675 aramum
312 3643 393 3675 annun.
406 3645 459 3676 nnn.
484 3645 522 3676 ιι),
542 3645 565 3676 v.
848 3631 882 3680 46

4 3883 30 4078 t.
