2684 4112
386 264 451 299 sumi
470 263 563 298 ravum
582 263 651 298 saur.
676 244 709 296 ΙΙ.
729 249 824 298 9-11.
1015 240 1081 302 4,ἵῦ

60 406 119 453 [aaa]
133 388 231 468 dislue)
243 387 252 428 ¹
270 393 473 466 reddendisque
486 391 607 465 frugibus
623 393 792 466 praepositus
805 399 857 460 est,
873 407 905 446 ex
918 405 950 444 eo
963 390 1079 456 nomine,

132 477 205 552 quod
228 493 289 534 oum
311 477 359 533 illo
382 486 549 533 contractum
573 485 624 539 est,
646 477 674 530 in
697 475 812 530 solidum
828 473 989 545 'ipeaunioe
1005 465 1081 540 uel)²

131 561 208 617 lundi
232 561 355 616 dominus
378 559 528 633 obligatum
552 577 601 614 nec
620 561 750 629 interest,
772 574 868 613 seruus
891 573 922 612 an
945 555 1013 612 liber
1035 557 1080 611 sit.

130 642 158 703 3.
181 643 258 712 Quod
274 661 334 700 cum
350 643 487 717 discipulis
503 659 607 716 eorum,
625 644 670 716 qui
686 641 799 697 officinis
815 641 859 696 uel
875 639 991 695 tabernis
1006 656 1081 713 prae·

131 738 206 799 suist,
230 737 396 784 contractum
420 736 473 799 est,
496 728 523 782 in
539 719 683 800 magistros
701 725 744 781 uel
758 727 897 780 institores
913 723 1039 780 tabernae
1055 725 1082 778 in

131 812 247 870 solidum
263 813 333 868 actio
348 803 460 867 'datur.³

386 946 448 987 mr.
466 946 505 986 tx.
536 947 577 986 DE
594 947 625 986 IN
641 946 704 986 REM
719 944 828 986 valiso,

197 1030 223 1089 1.
248 1025 369 1087 ¹Seruns
384 1029 429 1086 uel
444 1029 625 1086 filiusfamilias
641 1032 662 1084 si
679 1039 814 1102 acceptam
830 1031 969 1102 pecuniam
984 1030 1012 1083 in
1026 1045 1083 1084 rem

131 1117 216 1191 patris
232 1115 276 1170 uel
292 1115 392 1170 domini
408 1116 539 1185 uerterit,
563 1115 614 1170 hoc
636 1113 733 1184 modo,
755 1129 849 1186 agrum
872 1122 937 1185 puta
959 1111 1082 1183 colendo,

132 1201 240 1256 domurn
257 1198 410 1268 fulciendo,
432 1199 563 1270 mancipia
578 1191 750 1266 uestiendoJ‘
765 1196 922 1266 mercando,
939 1196 983 1252 uel
998 1195 1084 1251 credi·

133 1285 186 1340 tori
201 1282 343 1352 soluendo,
359 1282 403 1337 uel
419 1281 483 1354 quid
499 1282 552 1336 tale
568 1281 701 1351 iaciendo,
716 1280 749 1336 de
765 1282 792 1334 in
808 1295 864 1336 rem
880 1296 960 1336 uerso
975 1281 1003 1335 in
1018 1279 1083 1335 soli·

133 1367 197 1422 dum
213 1366 256 1420 uel
270 1375 371 1440 patrem
385 1365 430 1420 uel
445 1365 582 1421 dominum
599 1363 714 1438 obligat:
738 1365 761 1420 si
783 1371 872 1418 tamen
887 1363 921 1420 ob
937 1365 1007 1420 hauc
1022 1380 1083 1420 cau·

133 1466 190 1505 sam
204 1451 315 1522 pecunia
330 1449 391 1504 data
406 1441 467 1507 εἰῑ.6

313 1526 357 1608 [a.
376 1533 424 1588 17.
446 1533 483 1590 a.
499 1533 534 1588 ue
549 1531 601 1622 sa.
618 1531 732 1588 uacuo.
750 1526 817 1606 (14,
833 1525 889 1607 ct]

228 1669 290 1710 TIT.
306 1671 335 1708 X.
365 1667 407 1708 Du
423 1665 559 1709 SENATVS
576 1665 737 1708 consumo
753 1664 988 1707 MAGEDOMANO.

196 1751 222 1810 1.
246 1747 310 1821 8Qui
326 1751 497 1831 filiofamilias
513 1760 607 1807 contra
622 1751 796 1810 interdictum
812 1751 969 1822 amplissimi
984 1749 1084 1805 ordinis

133 1839 275 1911 pecuniam
290 1846 410 1914 mutuam
426 1835 581 1906 crediderit,
598 1845 660 1908 post
676 1843 790 1890 mortem
806 1835 889 1907 patris
905 1851 937 1889 en
953 1851 994 1904 eo,
1013 1833 1085 1907 quod

133 1923 197 1976 uiuo
213 1929 290 1993 patre
304 1919 427 1989 credidit,
444 1935 504 1974 cum
520 1935 552 1974 eo
568 1935 648 1992 agere
663 1935 718 1973 non
733 1927 833 1991 potest.

212 2055 276 2095 mr.
291 2054 335 2096 xi.
366 2051 408 2092 an
424 2051 562 2094 seuerus
578 2052 763 2095 oonsvnuvn
777 2029 1000 2095 sesaminum-⁹

198 2113 223 2195 1}
248 2125 304 2194 ¹⁰l'n
320 2139 393 2193 omni
408 2153 508 2210 genere
524 2140 695 2210 negotiorum
710 2147 738 2194 et
754 2137 949 2211 obligationum
966 2148 1019 2194 tam
1034 2155 1084 2211 pro

134 2225 200 2280 uiris
229 2238 309 2294 quam
337 2237 387 2293 pro
416 2221 522 2276 leminis
549 2221 715 2278 intercedere
741 2223 867 2280 mulieres
895 2222 1082 2296 prohibentur.

133 2305 163 2368 2,
191 2306 301 2375 Mulier,
329 2320 397 2376 quae
419 2319 469 2377 pro
491 2297 593 2378 ’(se)¹¹
618 2305 751 2362 tutoribus
773 2304 891 2362 filiorum
913 2321 1024 2362 suorum
1046 2307 1085 2360 in-

133 2413 346 2426 ,,,-,...-.--

209 2462 229 2531 1)
247 2463 403 2514 Geminando
417 2463 516 2513 addidi.
543 2464 580 2528 Cf.
591 2463 704 2528 Interpr.
757 2462 777 2531 ¹)
793 2465 929 2528 Suppleoi;
943 2465 1043 2514 excidit
1055 2465 1086 2527 [iii

133 2537 165 2588 ab
179 2543 312 2600 sequentes
325 2537 425 2584 litterae
439 2535 470 2583 lu.
522 2530 543 2599 ¹)
560 2535 681 2600 Plerique
697 2536 759 2586 Cdd.
779 2536 873 2584 dabitur
886 2538 934 2584 olii
950 2535 1011 2585 Cdd.
1026 2536 1084 2584 edd.

136 2606 299 2668 Oeterumcf.
314 2605 346 2654 L.
361 2615 381 2655 5.
396 2606 419 2666 ξ.
435 2617 467 2654 10.
483 2605 515 2654 D.
530 2605 553 2654 lt.
569 2613 587 2655 t.

209 2676 256 2725 att.
271 2675 323 2724 IX.
362 2673 383 2739 ⁴)
400 2675 438 2738 Of.
453 2677 512 2736 §.a
531 2674 553 2724 I.
570 2677 707 2739 quodcum
721 2691 750 2725 eo
765 2691 787 2740 q.
804 2677 831 2724 in
845 2677 923 2724 alien.
939 2674 971 2742 (4,
986 2673 1017 2742 t).

135 2747 156 2814 ¹⁵)
172 2747 311 2796 Excidiase
326 2747 590 2795 uideturlrumentum.
617 2746 655 2809 Cf.
667 2746 698 2794 L.
709 2758 729 2796 a.
745 2747 784 2806 ἐξ.
796 2758 815 2795 1.
826 2757 846 2796 a.
861 2746 893 2793 D.
905 2745 928 2794 le.
940 2753 956 2797 t.
1002 2743 1084 2811 6)ἰ.ε.

133 2821 157 2868 si
167 2819 300 2882 filiusfam.
316 2832 345 2866 eo
360 2819 453 2874 animo,
466 2823 496 2864 ut
505 2819 593 2879 patris
607 2819 710 2881 negotia
722 2823 834 2880 yereret,
845 2818 982 2878 pecuniam
993 2818 1085 2864 ineius

133 2905 186 2938 rem
200 2889 315 2938 uerterit.
341 2887 379 2950 Cf.
399 2886 584 2936 Unterltolzner
597 2885 765 2936 Sedulduerle.
780 2888 802 2948 §-
818 2898 864 2937 200.
879 2902 910 2934 m.
963 2883 984 2952 ¹)
1001 2887 1085 2936 Pleri-

134 2975 181 3024 que
195 2959 219 3011 lt.
235 2961 251 3008 l.
266 2959 302 3007 ad
314 2964 456 3021 sequentem
471 2958 509 3005 tit.
523 2959 675 3006 retulerunt.

209 3029 256 3078 Tit.
275 3028 308 3076 X.
347 3026 369 3093 8)
386 3027 424 3090 Of.
440 3027 471 3076 L.
487 3040 552 3089 1pr.
572 3028 604 3076 D.
620 3028 651 3076 de
665 3025 712 3076 SC.
729 3027 830 3078 Maced.
846 3027 891 3093 (14,
906 3025 938 3093 a).

209 3099 257 3148 Tit.
280 3097 329 3146 XI.
371 3094 393 3164 ¹³)
414 3097 526 3160 Proprie
550 3097 727 3156 Vettoeanum,
747 3114 770 3148 a.
791 3109 824 3148 27.
859 3098 897 3161 Os.
912 3097 1036 3163 Barakes.
1058 3099 1085 3146 in

133 3171 229 3220 Annai.
244 3169 303 3218 dett'
318 3167 382 3216 Inst.
396 3167 469 3216 orcle.
485 3179 544 3218 1849.
555 3183 583 3231 p.
594 3179 627 3220 45.
677 3165 709 3233 ¹⁰)
726 3167 844 3218 Recisum
858 3183 913 3217 esse
923 3177 989 3233 puta
1006 3165 1083 3218 ‘saro

139 3236 293 3290 Velleiano'.
373 3233 406 3303 ¹¹)
420 3234 549 3300 Suppieai.
577 3238 711 3304 Intetiiyes
725 3245 753 3288 ut
766 3241 824 3302 ipsa
838 3239 1086 3288 administrationem

133 3327 220 3360 rerum
227 3311 341 3373 filiorum
349 3323 454 3357 suorum
461 3311 598 3371 acciperet,
609 3325 661 3373 pro
671 3309 720 3358 dac
730 3310 961 3358 administratione.
981 3307 1012 3355 L.
1022 3319 1034 3357 o
1041 3323 1085 3370 pr.
1156 3350 1158 3352 .

135 3381 161 3430 0.
174 3381 210 3430 aci
217 3379 264 3430 SO.
281 3379 364 3428 Vellei
374 3377 406 3444 (4,
416 3375 461 3444 aa).
481 3378 544 3430 Le.
561 3379 586 3430 0.
597 3382 621 3428 ei
635 3387 716 3429 nsoter
730 3380 861 3428 indemnit.
873 3376 905 3443 (a,
914 3375 961 3442 aa).
986 3376 1085 3426 Vocula

133 3465 159 3500 se
175 3467 232 3500 aum
245 3449 399 3507 excidisset,
413 3447 547 3512 Interpres
566 3450 648 3515 Visiq.
664 3453 745 3500 iocum
760 3451 861 3511 accepit
879 3448 911 3496 dc
929 3454 1009 3496 matre
1020 3448 1086 3509 filiis

129 3536 181 3584 pro
195 3527 278 3571 tutore
292 3536 309 3569 a
322 3535 350 3569 se
360 3521 441 3583 petito
453 3521 618 3582 fideiussione
633 3521 754 3585 obligata,
769 3535 843 3584 quam
853 3532 903 3567 non
914 3519 992 3566 aliter
1002 3518 1086 3566 teneri

133 3597 242 3650 constat,
257 3591 346 3639 nisisi
359 3591 407 3640 ltoe
422 3592 572 3654 specialiter
585 3592 688 3640 decreto
703 3589 909 3653 comprehensum
923 3589 965 3637 sit.
990 3587 1022 3636 L.
1034 3599 1053 3637 1.
1064 3599 1085 3638 a.
