2672 4112
237 187 279 244 14
565 197 590 239 o.
609 197 705 232 nvcsvs
725 195 867 230 sonavoan.

236 320 341 393 uerbis,
364 337 443 395 quam
465 321 499 377 de
521 329 643 395 tempore
661 327 768 376 tantum
791 321 883 378 lutuno
906 321 994 393 legem
1016 322 1110 395 loqui?
1144 322 1256 380 Saltu]

236 404 267 471 Q.
290 404 420 461 Scaeuola
442 412 545 478 patrem
567 421 645 460 suum
670 414 696 461 et
713 407 823 460 Brutum
846 412 874 460 et
888 405 1033 477 Manilium,
1058 407 1132 462 uiros
1153 407 1198 462 ad·

235 491 320 560 prime
343 489 454 558 doctos,
482 490 620 562 quaesisse
642 491 679 544 ait
701 488 909 561 dubitasseque,
937 496 1063 546 utrumne
1083 492 1113 546 iu
1135 499 1198 564 post

236 572 305 628 laeta
320 573 401 628 modo
417 573 488 628 lurta
503 573 546 628 lex
562 572 675 644 ualeret,
698 589 731 628 an
746 573 827 628 eliam
842 573 868 627 iu
884 572 1047 630 antefacta?
1071 577 1197 646 quonlam
1269 628 1271 630 .

236 654 408 730 ‘subruptum
424 657 488 712 erit'
510 664 655 730 utrumque
677 665 784 728 tempos
808 657 945 712 uideretur
966 657 1121 728 ostendere,
1145 667 1197 714 tam

235 741 409 812 praeteritum
426 757 503 814 quarn
520 739 650 795 loturum.
665 771 707 779 -
724 739 790 796 Geli.
810 741 858 808 17,
877 741 902 796 t.
920 739 947 811 S.
967 739 994 796 1.

298 819 326 880 4.
348 823 472 879 llluseras
495 824 554 880 heri
575 817 642 884 elo.¹
658 853 699 865 -
715 823 768 879 Cic.
792 823 824 879 ad
845 823 907 878 lam.
933 823 961 890 7,
979 823 1029 880 22.
1058 824 1098 880 Gi.
1115 842 1196 898 supra

235 906 296 963 Ser.
315 908 404 962 delius
421 907 501 962 Catus
517 907 546 962 2.

299 988 325 1048 5.
346 989 476 1046 Scaeuola
492 999 592 1062 autem,
612 991 642 1048 P.
659 990 694 1056 i.,
716 993 835 1046 iunctum
852 1007 912 1047 esse
926 998 1005 1064 putat
1019 990 1143 1061 uerbum,
1166 1000 1197 1048 ut

234 1075 271 1128 sit
285 1075 314 1129 in
329 1090 362 1130 eo
378 1078 406 1130 et
421 1071 507 1148 ‘post'
524 1084 551 1130 et
567 1073 686 1132 ‘limen’:
710 1083 754 1146 ut,
777 1091 845 1148 quae
866 1091 880 1129 a
900 1074 978 1130 nobis
994 1075 1107 1130 alienata
1121 1084 1195 1146 sunt,

234 1173 315 1230 quum
337 1157 370 1212 ad
390 1158 496 1214 hostem
516 1159 690 1232 peruenerint
710 1167 737 1214 et
759 1175 791 1212 ex
806 1175 856 1213 sno
873 1167 997 1231 tanquam
1018 1159 1110 1221 limine
1125 1161 1196 1214 erie-

233 1243 303 1311 rint‚
333 1241 395 1296 dein
418 1258 499 1314 quum
522 1242 652 1298 redierint
674 1245 737 1314 post
759 1241 791 1296 ad
813 1241 882 1296 idern
905 1242 1001 1314 limen,
1029 1243 1196 1316 postliminio

234 1325 379 1380 uideantur
394 1325 516 1380 rediisse.
535 1355 572 1365 —-
589 1324 643 1381 Cic.
660 1325 727 1399 Top.
744 1324 773 1382 8.
791 1325 819 1396 3.
838 1325 887 1382 37.
1014 1323 1015 1327 ’

296 1404 323 1465 6.
346 1403 466 1482 (Nexum)
483 1408 597 1464 diucius:
620 1425 686 1480 quae
707 1425 756 1482 per
775 1425 819 1463 aes
835 1417 862 1464 et
876 1408 970 1465 libram
986 1407 1067 1479 liant,
1083 1417 1113 1465 ut
1129 1409 1197 1466 obli·

233 1499 333 1562 gentur
348 1499 456 1564 praeter
473 1509 541 1565 quae
556 1494 688 1566 mancipio
705 1492 812 1547 dentur.
828 1523 870 1532 -
886 1493 968 1548 Varro
985 1493 1016 1548 de
1030 1492 1061 1550 L.
1077 1492 1106 1550 L.
1124 1494 1152 1566 7,
1166 1495 1194 1550 5.

295 1653 321 1714 7.
345 1654 398 1734 (Q.)
416 1675 524 1732 quoque
539 1659 654 1715 Mucium
670 1659 884 1716 iureconsultum
899 1660 987 1716 dicere
1002 1661 1113 1716 solitum
1129 1661 1195 1733 legi,

232 1757 287 1796 aon
308 1757 368 1797 esse
388 1749 542 1815 usurpatam
569 1743 724 1818 mulierem,
748 1760 815 1816 quae
842 1760 902 1799 curn
924 1743 1048 1800 Kalendis
1068 1745 1195 1800 ianuariis

232 1824 303 1898 apud
325 1827 413 1881 uirum
435 1828 597 1883 matrimonii
618 1844 697 1882 causa
719 1843 778 1883 esse
799 1828 947 1900 coepisset,
975 1837 1035 1883 ante
1057 1828 1126 1883 diem
1142 1828 1195 1884 llll.

231 1908 363 1964 Kalendas
375 1910 509 1966 lanuarias
524 1919 670 1984 sequentes
686 1919 845 1984 usurpatum
861 1913 941 1967 isset:
957 1928 1011 1966 non
1027 1913 1096 1966 enim
1111 1927 1194 1986 posse

231 1992 336 2066 impleri
359 1995 530 2066 trinoctium,
560 1994 632 2068 quod
656 1994 749 2050 abesse
772 2012 786 2050 u
809 1996 868 2050 uiro
891 1995 1037 2068 usurpandi
1060 2012 1139 2051 causa
1163 2012 1195 2050 ex

232 2077 373 2134 duodecim
396 2077 494 2134 tabulis
515 2075 638 2147 deberet,
661 2079 788 2152 quoniam
811 2080 908 2134 tertiae
923 2082 1010 2134 noctis
1026 2080 1194 2152 posteriores

231 2177 278 2216 ser
293 2161 376 2216 horae
396 2161 507 2216 alterius
527 2164 588 2216 anni
610 2169 711 2233 essent,
735 2163 781 2235 qui
803 2163 932 2234 inciperet
956 2177 987 2216 ea
1002 2161 1137 2217 Kalendis.
1153 2163 1194 2202 -’-

232 2243 299 2299 Gell.
317 2245 346 2314 3,
362 2243 392 2301 2.
409 2244 457 2314 SS.
476 2244 524 2300 12.
542 2245 590 2301 13.

295 2324 322 2383 8.
345 2327 466 2400 itemque
489 2333 520 2382 ut
541 2328 622 2384 illud:
646 2328 764 2384 Gentiles
788 2335 859 2398 sont,
885 2327 931 2400 qui
954 2328 1025 2383 inter
1046 2344 1075 2383 se
1098 2329 1194 2384 eodem

231 2412 340 2466 nomine
355 2419 429 2466 sunt.
453 2411 511 2466 Non
527 2420 569 2467 est
583 2414 656 2468 satis.
681 2411 732 2481 Qui
747 2412 779 2467 ab
793 2413 919 2486 ingenuis
935 2411 1043 2466 oriundi
1059 2421 1132 2468 sunt.
1155 2413 1193 2468 lle

231 2493 257 2548 id
281 2493 387 2567 quidem
410 2496 474 2550 satis
497 2503 546 2550 est.
577 2495 695 2562 Quorum
716 2497 845 2552 maiorum
866 2511 945 2550 nemo
961 2497 1120 2551 seruitutem
1136 2513 1191 2550 ser-

231 2579 309 2634 uiuit.
340 2577 423 2633 Abest
438 2580 518 2634 etiam
532 2597 612 2636 nuno.
643 2578 693 2647 Qut
715 2582 802 2653 capite
817 2596 873 2635 uon
888 2587 951 2634 suut
966 2578 1104 2634 deminuti.
1136 2579 1194 2636 Hoc

197 2721 200 2726 ,
231 2661 426 2717 fortassesatis
443 2671 493 2718 est.
522 2663 592 2720 Nihil
617 2665 686 2719 enim
708 2665 789 2719 uideo
811 2663 965 2719 Scaeuolam
983 2663 1139 2736 pontificem
1160 2663 1193 2717 ad
1240 2703 1253 2726 .,

232 2745 299 2801 hanc
314 2743 498 2802 definitionem
513 2747 657 2804 addidisse.
671 2777 714 2790 —-
729 2747 782 2802 Cic.
799 2747 866 2820 Top.
884 2747 911 2804 6.
930 2747 958 2817 S.
975 2746 1025 2804 29.

515 2864 678 2934 Aliunde,
701 2872 737 2920 ut
758 2864 904 2920 videtur.

294 2961 322 3021 9.
343 2962 496 3036 Pontifices,
519 2973 549 3020 ut
566 2963 596 3032 Ο.
613 2964 743 3020 Scaeuola
758 2964 880 3037 pontifex
896 2966 1025 3020 maximus
1041 2963 1156 3036 dicebat,
1177 2981 1192 3019 a

231 3063 312 3120 posse
328 3055 355 3104 et
370 3047 466 3104 lacere.
487 3079 523 3088 -
541 3049 624 3103 Varro
640 3047 673 3102 de
689 3047 718 3103 L.
734 3046 763 3102 L.
780 3046 808 3118 5,
828 3047 876 3104 15.
893 3048 921 3119 S.
938 3048 987 3106 83.

293 3129 343 3188 10.
367 3131 486 3204 Praetor,
504 3134 618 3205 quitum
632 3125 679 3205 (sc.
693 3129 787 3186 diebus
800 3132 874 3188 lastis
887 3133 938 3188 tria
951 3128 1040 3206 uerba)
1053 3131 1124 3187 latus
1136 3139 1191 3202 est,

229 3217 252 3270 si
273 3216 428 3289 imprudens
452 3216 523 3286 lecit,
547 3215 676 3288 piaculari
698 3215 786 3272 hostia
808 3215 878 3271 lacta
900 3218 1002 3288 piatum
1026 3217 1049 3271 si
1071 3213 1191 3288 prudens

301 3361 320 3430 ¹)
336 3364 414 3413 Recte
424 3363 570 3413 Monasenus
580 3360 673 3426 (Spania.
684 3363 829 3428 Hottwepio
842 3361 890 3413 obl.
897 3378 925 3426 p.
937 3361 979 3428 93)
990 3363 1098 3421 iudicat,
1114 3369 1192 3425 eaput

229 3436 310 3493 istud,
330 3437 357 3483 in
379 3449 427 3499 quo
449 3435 626 3483 controversia
644 3435 763 3497 exposito
784 3439 854 3492 erut,
876 3435 1034 3496 exscriptum
1052 3433 1136 3496 fuisse
1157 3448 1192 3481 eso

229 3505 314 3554 Mucii
328 3504 402 3586 libris
416 3505 448 3553 de
462 3505 520 3553 iure
535 3504 607 3552 civili
620 3501 697 3568 (puta
714 3504 790 3566 XVI,
806 3505 833 3552 in
848 3519 897 3568 quo
912 3504 1038 3567 elefantis
1052 3503 1123 3570 epit).
