2680 4112
235 231 275 290 72
572 242 602 280 u.
618 241 729 278 rvnmvs
747 241 848 278 crosno.

234 370 296 442 quis
316 384 371 424 non
386 366 466 444 modo
482 366 699 442 magistratibus,
719 367 768 424 sed
789 369 870 424 etiarn
890 370 1003 442 priuatis
1018 369 1125 438 consuli
1140 389 1197 430 non

233 451 400 527 parentibus.
872 473 875 477 ·

295 531 336 594 17.
358 536 391 604 Q.
414 534 537 606 llagnum
553 533 620 590 dicis
635 534 749 604 malum3
765 551 825 592 nam
841 537 893 592 ista
908 543 1045 610 potestate
1059 545 1122 596 nata
1133 556 1197 613 gra·

234 622 303 676 uitas
318 620 487 694 optimatium
503 618 601 675 cecidit
615 618 808 693 conualuitque
824 621 865 675 uis
880 620 1069 676 multitudinis.

296 703 338 762 M.
361 703 421 759 Non
437 711 489 775 est,
506 701 614 774 Quinte,
629 703 675 758 ita.
705 718 760 758 non
776 703 818 758 ius
830 705 900 760 euim
916 703 983 760 illud
996 704 1085 760 solum
1098 722 1195 780 super·

232 788 291 846 bius
306 786 409 862 populo
425 794 452 842 et
464 785 609 842 uiolentius
622 784 707 842 uideri
719 802 828 843 necesse
843 788 919 844 erati
935 804 989 863 quo
1004 796 1100 862 postea
1115 806 1196 862 quam
1294 861 1300 871 ι

233 872 338 929 modica
353 879 381 927 et
396 871 502 944 sapiens
518 869 676 944 temperatio
692 871 816 928 accessit.

296 955 360 1012 Vlll.
384 952 429 1011 18.
450 969 513 1012 *a*
532 963 673 1024 conuerte,
688 953 732 1010 les
747 954 775 1010 in
791 953 878 1010 omnis
894 963 945 1012 est.
975 955 1108 1012 domum
1123 973 1196 1014 eum

233 1039 334 1097 laude
356 1037 544 1102 redeunto;
573 1037 640 1092 nihil
663 1038 733 1092 enim
755 1046 862 1111 praeter
884 1037 990 1095 laudem
1011 1039 1090 1096 bonis
1112 1048 1196 1114 atque

232 1122 421 1180 innocentibus
440 1137 529 1194 neque
551 1137 584 1176 ex
604 1119 729 1176 hostibus
749 1137 838 1194 neque
859 1139 874 1178 a
894 1124 976 1179 sociis
990 1123 1195 1196 reportandum.

232 1210 284 1264 iam
299 1205 366 1262 illud
383 1213 506 1279 apertum
521 1211 578 1274 est,
599 1203 725 1277 proiecto
744 1198 817 1279 ipso¹
834 1205 901 1260 nihil
916 1222 976 1262 esse
991 1208 1098 1280 turpius
1114 1223 1195 1280 quam

232 1299 276 1348 est
290 1305 452 1364 quemquam
466 1289 551 1362 legari
566 1289 618 1344 nisi
632 1290 672 1344 rei
687 1288 809 1362 publicae
823 1305 912 1345 causa.
943 1291 1051 1360 omitto,
1066 1307 1145 1364 quem
1161 1290 1195 1348 ad

232 1374 343 1431 modum
357 1373 402 1430 isti
417 1389 447 1427 se
462 1381 558 1445 gerant
574 1381 655 1445 atque
670 1374 816 1446 gesserint,
832 1375 880 1446 qui
889 1373 1026 1447 legatione
1037 1373 1195 1430 hereditatis

232 1466 279 1514 aut
294 1456 465 1530 syngraphas
481 1471 542 1510 suas
558 1465 754 1528 persecuntur;
776 1457 804 1513 in
825 1457 978 1513 hominibus
999 1466 1042 1514 est
1062 1458 1116 1515 hoo
1139 1457 1195 1514 ior·

232 1549 305 1598 tasse
325 1541 435 1608 uitium;
457 1538 505 1594 sed
525 1555 640 1611 quaero,
662 1540 727 1614 quid
747 1556 841 1614 reapsa
862 1543 898 1598 sit
919 1543 1024 1615 turpius
1040 1558 1120 1615 quam
1135 1542 1196 1600 sine

232 1624 426 1698 procuratione
441 1630 551 1678 senator
566 1621 690 1696 legatus,
707 1625 765 1680 sine
780 1623 926 1695 mandatis,
944 1627 1002 1682 sine
1019 1625 1074 1682 ullo
1090 1626 1130 1682 rei
1144 1642 1196 1699 pu·

232 1708 317 1766 blicae
340 1707 468 1763 munere?
497 1706 570 1780 quod
598 1707 705 1779 quidem
735 1725 822 1781 genus
843 1708 989 1782 legationis
1011 1725 1064 1783 ego
1087 1709 1196 1782 consul,

233 1807 394 1866 quamquam
418 1789 450 1846 ad
471 1789 642 1846 commodum
656 1799 766 1848 senatus
780 1793 917 1865 pertinere
931 1791 1082 1860 uidebatur,
1103 1801 1195 1850 tamen

233 1874 399 1949 adprobante
423 1883 520 1932 senatu
547 1873 784 1948 frequentissimo,
812 1876 864 1930 uisi
891 1876 956 1932 rnihi
978 1876 1047 1932 leuis
1068 1875 1194 1932 tribunus

232 1958 319 2034 plebis
334 1967 392 2014 turn
406 1960 615 2032 intercessisset,
630 1959 811 2016 sustulissem.
841 1960 925 2016 minui
938 1968 1026 2016 tamen
1038 1969 1145 2034 tempus
1156 1969 1195 2026 et,

233 2043 305 2116 quod
322 2051 378 2099 erat
393 2040 538 2111 inlinitum,
555 2059 672 2099 aunuum
689 2043 748 2100 ieci.
779 2044 816 2098 ita
832 2043 973 2116 turpitudo
989 2051 1079 2099 manet
1090 2043 1195 2100 diutur-

233 2129 318 2184 nitate
337 2125 453 2187 sublata.
480 2127 528 2182 sed
547 2129 608 2197 iam,
630 2128 653 2182 si
673 2127 772 2200 placet,
794 2125 828 2182 do
842 2127 991 2200 prouinciis
1006 2125 1153 2184 decedatur
1166 2128 1195 2183 in

233 2211 383 2284 urbemque
397 2210 532 2267 redeatur.

296 2295 331 2351 A.
353 2293 435 2349 Nobis
450 2309 517 2348 uero
532 2293 631 2366 placet,
650 2293 698 2348 sed
713 2295 755 2365 iis,
777 2295 824 2366 qui
843 2294 873 2349 in
887 2295 1035 2368 prouinciis
1050 2302 1126 2368 sunt,
1145 2297 1195 2351 mi·

232 2378 304 2433 nime
318 2376 417 2448 placet.

301 2455 345 2518 19.
367 2459 408 2516 M.
430 2460 465 2514 At
479 2474 562 2530 uero,
584 2459 658 2529 l'ite,
678 2461 701 2516 si
716 2459 849 2533 parebunt
864 2460 905 2516 his
920 2459 1044 2534 legibus,
1059 2462 1127 2519 nihil
1143 2465 1197 2520 erlt

231 2545 265 2599 iis
280 2542 359 2614 urbe,
373 2542 440 2598 nihil
462 2542 543 2598 domo
558 2559 607 2598 sua
622 2543 737 2615 dulcius,
757 2559 808 2600 nec
822 2543 983 2600 laboriosius
998 2546 1196 2620 molestiusque

233 2628 382 2700 prouincia.
414 2625 462 2682 sed
476 2628 601 2700 sequitur
610 2626 662 2698 lex,
679 2643 748 2700 quae
760 2629 845 2683 sancit
856 2644 914 2683 eam
923 2627 1093 2684 tribunorum
1107 2629 1194 2702 plebis

232 2717 411 2783 potestatem,
432 2725 501 2783 quae
522 2703 600 2787 (est)²
620 2712 648 2766 ln
667 2727 697 2766 re
718 2709 826 2784 publica
847 2720 955 2767 nostra:
975 2711 1009 2768 de
1030 2727 1083 2786 qua
1097 2711 1194 2768 disseri

232 2793 299 2848 nihil
314 2809 425 2850 necesse
440 2802 492 2850 est.

296 2875 330 2944 Q.
353 2877 388 2933 ht
408 2893 450 2933 me
470 2878 581 2935 hercule
601 2894 665 2952 ego,
685 2877 781 2950 irater,
804 2894 915 2951 quaero,
935 2878 969 2934 de
990 2881 1042 2936 ista
1056 2887 1195 2953 potestate

233 2960 298 3034 quid
316 2962 432 3030 sentias;
447 2978 507 3017 narn
522 2963 587 3018 mihi
602 2962 710 3035 quidem
724 2961 854 3036 pestilera
869 2962 989 3034 uidetur,
1009 2965 1110 3038 quippe
1125 2977 1195 3037 quae

232 3046 260 3100 in
276 3041 409 3102 seditione
425 3054 452 3102 et
466 3046 499 3102 ad
514 3046 676 3102 seditionem
691 3054 753 3100 nata
767 3047 816 3100 sit:
839 3047 917 3101 cuius
932 3048 1048 3119 primurn
1064 3055 1155 3103 ortum
1170 3049 1195 3104 si

232 3129 370 3185 recordari
386 3129 529 3201 uolumus,
549 3131 620 3185 iuter
635 3145 708 3184 arma
722 3130 821 3186 ciuium
836 3137 864 3185 et
880 3131 1017 3203 occupatis
1032 3139 1060 3187 et
1075 3131 1195 3187 obsessis

232 3211 306 3268 urbis
322 3213 389 3269 locis
403 3221 576 3286 procreatum
591 3214 731 3280 uidemus3
747 3211 843 3268 deinde
858 3229 919 3269 cum
934 3222 1007 3269 esset
1017 3216 1071 3270 cito
1083 3222 1194 3270 uocatus

233 3304 369 3370 tamquam
389 3313 423 3354 ex
437 3313 484 3354 111
498 3295 595 3352 tabulis
610 3297 724 3368 insignis
746 3295 778 3350 ad
798 3296 998 3353 deiormitatent
1019 3314 1095 3371 puer,
1117 3297 1195 3354 breui

251 3481 327 3603 ΜΞ).
341 3485 448 3548 prolecto
462 3483 533 3536 *ssA
547 3483 654 3546 proiecto
669 3484 844 3549 eBproiecto,
859 3485 916 3534 edd.
943 3481 964 3551 ¹)
980 3485 1040 3536 Cum
1052 3486 1197 3538 Goerenzio

233 3571 249 3604 a
287 3571 333 3603 aa.
