2678 4116
504 911 755 963 (aemmammrs
766 911 937 962 SECVNDVS.)
1208 919 1276 968 [148]

193 1045 235 1095 55.
308 1041 331 1102 l.
360 1042 517 1116 Superiora
540 1045 743 1100 commentario
765 1043 800 1098 de
819 1045 884 1098 iare
899 1057 1095 1112 personarum
1117 1059 1199 1118 expo·

193 1123 235 1164 Μ·
246 1129 363 1189 suimus:
387 1127 468 1182 modo
485 1125 620 1182 uideamus
643 1125 785 1181 derebus:
809 1142 882 1198 quoe
897 1125 941 1181 uel
955 1127 1092 1183 innostro
1113 1130 1199 1200 patri-

246 1214 337 1268 monio
354 1219 428 1283 sunt,
445 1210 488 1266 uel
503 1219 578 1266 extra
593 1219 716 1266 nostrum
731 1211 921 1282 patrimonium
936 1209 1076 1265 habentur.
1232 1196 1236 1206 ’

311 1293 342 1352 2.
365 1295 473 1350 Summa
494 1297 585 1367 itaque
600 1309 691 1350 rerum
713 1292 809 1350 diuisio
831 1296 859 1348 in
882 1293 949 1350 duos
971 1293 1098 1350 articulos
1120 1293 1197 1350 didu-

246 1380 332 1436 citur:
355 1395 416 1435 narn
440 1378 507 1433 aliae
529 1386 593 1433 suut
614 1377 699 1433 diuini
720 1378 797 1446 iuris,
820 1377 886 1432 aliae
905 1378 1023 1433 humani.
1058 1373 1089 1434 8.
1112 1377 1197 1434 Diuini

246 1465 313 1518 iuris
335 1471 400 1518 sunt
422 1461 508 1518 ueluti
530 1477 574 1518 res
596 1477 687 1517 sacrae
709 1469 738 1516 et
759 1461 914 1534 religiosae.
950 1458 980 1516 4.
1003 1460 1104 1516 Sacrae
1124 1472 1198 1530 sunt,

248 1562 321 1619 quae
351 1547 403 1602 Diis
433 1547 539 1619 superis
569 1552 740 1601 consecratae
769 1553 847 1610 sunt;
870 1545 1027 1618 religiosae,
1051 1561 1119 1618 quae
1147 1545 1198 1600 ttiis

246 1629 367 1686 Manibus
389 1629 498 1686 relictae
519 1637 591 1685 sunt.
640 1625 669 1686 5.
698 1627 751 1684 Sed
772 1644 876 1684 sacrum
900 1628 1007 1702 quidem
1037 1629 1089 1684 hoo
1111 1629 1198 1685 solum

246 1715 427 1784 existimatur,
451 1713 523 1787 quoii
545 1729 585 1770 ea
599 1715 758 1770 auctoritate
772 1712 865 1786 popuii
883 1712 994 1768 Romani
1010 1722 1198 1770 consecratum

245 1805 298 1868 est,
311 1797 395 1854 ueluti
407 1797 468 1872 lege
479 1797 512 1854 de
524 1813 594 1854 earo
605 1797 658 1854 lata
670 1806 717 1852 aut
726 1805 836 1852 senatus
848 1796 973 1852 consulto
985 1795 1065 1855 iacto.
1098 1791 1127 1852 6.
1148 1796 1198 1852 Re·

245 1883 373 1956 ligiosum
388 1897 455 1938 uero
470 1889 564 1938 nostra
579 1881 719 1938 uoluntate
734 1880 846 1937 iacimus
861 1888 997 1936 mortuum
1009 1879 1156 1936 inferentes
1171 1883 1198 1935 in

245 1966 335 2024 iocum
351 1975 493 2038 nostrum,
509 1968 531 2022 si
553 1965 633 2022 modo
654 1967 711 2020 eius
727 1965 827 2020 mortui
843 1964 923 2019 sunus
939 1966 974 2020 ad
987 1981 1037 2019 nos
1058 1966 1199 2036 pertineat.

244 2046 271 2106 7.
295 2050 343 2107 Set
357 2052 385 2106 in
400 2049 558 2124 prouinciali
580 2048 640 2105 solo
661 2049 748 2122 piacet
770 2047 907 2122 plerisque
932 2048 1020 2104 solum
1040 2047 1198 2122 religiosum

245 2151 300 2190 non
315 2133 382 2200 fieri,
406 2136 467 2208 quia
489 2137 515 2190 in
532 2149 564 2188 eo
579 2132 648 2188 'solo
671 2133 818 2188 dominium
841 2131 935 2206 populi
957 2130 1068 2187 Romani
1091 2139 1133 2188 est
1154 2131 1198 2186 uei

245 2218 382 2287 Caesaris,
403 2233 454 2274 nos
474 2227 563 2274 autom
584 2217 786 2289 possessionem
807 2223 912 2271 tantum
934 2215 977 2270 uel
1001 2214 1197 2272 usumfructum

245 2303 344 2358 habere
360 2301 497 2373 uidemur;
515 2301 608 2372 utique
623 2308 722 2369 tamen,
739 2301 843 2355 etiamsi
857 2315 912 2355 non
927 2301 963 2354 sit
977 2299 1132 2373 religiosus,
1148 2315 1197 2372 pro
1258 2337 1265 2349 .

246 2385 375 2458 relipioso
390 2385 518 2440 habetur:
540 2385 604 2438 item
626 2383 741 2456 quadiu
757 2385 906 2456 prouinciis
921 2399 974 2438 non
991 2399 1023 2438 ex
1038 2386 1198 2439 auctoritate

244 2469 339 2542 populi
353 2467 464 2524 Romani
479 2475 667 2524 consecratum
688 2475 744 2536 est,
765 2469 874 2540 proprie
889 2483 992 2522 saorunr
1007 2484 1064 2524 noa
1079 2467 1146 2536 est,
1168 2473 1279 2525 at[149]

244 2544 352 2609 tamen¹
378 2568 428 2624 pro
454 2568 531 2608 saoro
557 2550 678 2609 habetur.
721 2551 750 2611 8.
774 2551 894 2606 Sanctae*
912 2567 1020 2634 quoque
1040 2567 1098 2621 res,
1122 2551 1198 2606 uelut

317 2717 338 2786 ¹)
352 2727 422 2770 esttm
436 2719 536 2770 Blultm.
561 2720 647 2770 Malui
659 2735 728 2770 aare
742 2726 864 2777 statuere,
879 2721 906 2768 e'n
920 2718 961 2768 Itis
975 2721 1086 2769 litteram
1100 2734 1111 2766 s
1122 2733 1196 2780 pron

243 2794 367 2855 scriptam
381 2794 420 2840 ael
434 2793 524 2841 lectam
538 2806 601 2840 esse.
632 2791 747 2852 Ceterum
761 2791 785 2838 in
799 2789 930 2853 prouinciis
945 2791 999 2839 noli
1013 2806 1069 2840 eom
1084 2787 1197 2838 Momms.

243 2871 268 2912 et
288 2863 329 2912 ed.
346 2861 420 2911 stoa.
436 2877 488 2925 pro
505 2864 657 2926 glossemate
675 2861 770 2910 habere
788 2875 927 2924 novamque
946 2860 989 2910 hio
1007 2863 1030 2923 ὅ.
1046 2863 1080 2911 t·-
1091 2874 1197 2923 ponere.

166 2967 170 2974 ·
245 2933 283 2997 Of.
298 2935 320 2995 ξ.
336 2944 356 2984 6.
371 2933 393 2981 Ι.
409 2934 440 2982 de
454 2948 507 2982 rer.
523 2933 574 2982 dio.
590 2931 622 2998 (e,
636 2931 659 2998 1)
674 2931 759 2996 ibique
773 2929 914 2981 Schrader.
1008 2955 1010 2959 v

313 3088 339 3160 ᾗ.
356 3091 568 3154 1.=pr.I.de
582 3106 634 3139 rer.
650 3091 725 3139 diois.
737 3087 810 3154 (161).
862 3085 887 3157 ξ
902 3091 927 3138 2.
943 3088 1063 3138 SD.
1074 3101 1094 3139 1.
1105 3103 1150 3152 pr.
1165 3088 1198 3137 D.

242 3164 274 3212 de
288 3179 341 3212 rer.
356 3163 431 3212 diuis.
447 3160 521 3227 (1,6).
572 3157 597 3228 ξ.
613 3165 637 3211 4.
659 3161 696 3223 Of,
711 3162 734 3222 ξ.
750 3171 770 3210 t.
785 3159 807 3208 I.
823 3159 855 3208 de
869 3175 921 3208 rer.
937 3159 988 3208 dio.
1003 3157 1035 3224 (2,
1050 3157 1081 3224 1).
1131 3155 1157 3228 ξ.
1173 3161 1197 3209 ὅ.

244 3233 282 3297 Of.
296 3235 320 3296 §-
335 3232 445 3284 o.I.ib.
465 3233 525 3283 L.o
535 3247 579 3294 pr,
598 3233 636 3293 ξς.
653 3245 672 3281 1.
687 3242 707 3280 6.
727 3230 759 3278 D.
773 3229 829 3280 eod.
849 3227 931 3295 (1‚o).
956 3229 988 3278 L.
1007 3233 1052 3279 ott.
1072 3230 1105 3278 D.
1125 3237 1153 3278 or
1171 3231 1199 3277 in

238 3319 309 3368 poso.
325 3306 372 3370 lep.
389 3302 433 3369 (66,
447 3302 479 3369 4).
501 3302 552 3352 Cio.
568 3302 599 3350 de
613 3302 718 3365 karusp.
734 3315 801 3364 resp.
817 3313 838 3352 6.
853 3301 889 3349 ad
903 3300 982 3349 Attio.
996 3311 1018 3358 4,
1029 3311 1049 3350 1.
1060 3301 1083 3362 ξ.
1094 3311 1114 3351 6.
1131 3299 1198 3349 Fert.

241 3392 264 3426 a.
286 3374 414 3425 Sacratae
435 3376 511 3439 tepeo.
531 3370 613 3421 Sacer
631 3387 701 3423 mons
718 3388 746 3435 p.
766 3382 813 3422 616.
886 3367 911 3438 ξ.
934 3373 958 3420 6.
987 3370 1024 3434 Cf.
1047 3373 1070 3433 ξ.
1086 3383 1106 3421 6.
1125 3369 1148 3419 Ι.
1167 3371 1200 3419 de
1274 3405 1278 3414 .

241 3461 294 3496 rer.
310 3447 362 3496 dio.
378 3443 409 3510 (e,
420 3443 450 3510 1).
505 3439 530 3512 ξ.
547 3445 571 3492 7.
592 3443 630 3508 Cf.
641 3457 661 3502 1,
672 3455 692 3494 6.
707 3455 728 3500 1,
738 3453 772 3492 21.
782 3453 816 3492 46.
838 3441 955 3491 Frontia.
970 3441 1002 3489 de
1016 3448 1130 3491 controv.
1141 3456 1199 3506 apr.

237 3533 266 3580 p.
282 3527 316 3568 66.
332 3528 365 3567 66.
381 3515 486 3564 Lanam.
502 3515 580 3580 „Ptin
596 3529 634 3578 ep.
651 3525 689 3568 ro.
708 3525 734 3564 66
755 3510 810 3577 (66).
834 3511 964 3575 meopte.
981 3523 1001 3572 e,
1016 3525 1036 3562 r.
1056 3513 1078 3573 ξ.
1093 3523 1127 3562 eo.

242 3583 268 3656 ἓ.
284 3589 308 3638 8.
324 3584 404 3634 -τιΙι,
421 3599 486 3650 tpr.
502 3585 534 3634 D.
549 3585 581 3634 de
595 3601 647 3634 rer.
663 3585 713 3633 dia.
729 3581 760 3648 (t,
775 3581 806 3648 8).
822 3584 845 3644 ξ.
861 3581 1003 3633 10.I.eod.
1018 3579 1050 3646 (8,
1066 3580 1095 3650 1).
