2672 4112
228 197 269 254 24
571 204 597 237 u.
618 174 728 238 unumve
746 201 845 236 cronno.

226 331 306 387 uideo
317 329 457 386 Platonem
471 329 547 384 illum
560 337 646 397 tuum,
664 343 742 400 quem
758 335 789 384 tu
804 326 950 394 admiraris,
968 341 1047 398 quem
1064 325 1189 382 omnihus

226 415 377 488 anteponis,
394 429 474 487 quern
490 414 602 468 manime
618 411 716 481 diligis.

290 513 331 570 M.
355 513 435 568 Visne
457 513 559 586 igitur,
581 520 612 566 ut
634 510 680 565 ille
695 509 788 566 Cretae
809 525 869 568 curn
885 507 968 565 Clinia
988 518 1090 565 etcum
1106 509 1188 566 Lace·

226 598 366 654 daemonio
387 596 495 670 llegillo
512 597 624 664 aestiuo,
646 609 724 667 quem
747 593 779 649 ad
803 594 910 649 modum
931 591 1073 664 describit,
1098 592 1141 650 die
1158 595 1186 649 in

225 681 389 754 cupressetis
405 679 565 734 Gnosiorum
582 686 609 734 et
623 679 715 750 spatiis
731 675 915 748 siluestribus,
937 675 1032 732 crebro
1047 677 1186 746 insistens,

224 765 359 820 interdum
383 763 567 837 adquiescens,
591 761 624 818 de
646 763 778 816 institutis
799 777 889 816 rerum
912 757 1078 834 publicarum
1101 777 1131 816 ac
1152 757 1187 816 de

226 849 333 922 optimis
350 846 456 921 legihus
472 847 600 919 disputat,
619 847 658 901 sic
675 861 725 900 nos
737 846 809 900 inter
819 844 867 899 has
882 844 1083 918 procerissimae
1098 860 1186 918 popu-

225 931 268 988 los
288 933 316 986 in
339 930 418 986 uiridi
439 945 574 1003 opacaque
589 931 646 1001 ripa
661 927 869 998 inambulantes,
890 938 946 982 tum
963 935 1051 983 autem
1067 927 1187 983 residen-

226 1024 283 1090 tes,
307 1021 465 1090 quaeramus
485 1013 570 1069 isdem
585 1011 619 1068 de
634 1010 715 1068 rehus
731 1011 829 1086 aliquid
851 1011 959 1067 uberius
975 1025 1054 1086 quam
1070 1010 1189 1068 lorensis

226 1115 292 1154 usus
308 1090 460 1153 desiderati

286 1193 327 1256 16.
351 1198 385 1254 Α.
401 1197 458 1270 Ego
474 1213 540 1252 uero
555 1197 607 1252 ista
622 1195 714 1251 audire
729 1197 818 1269 cupio.

287 1280 328 1338 M.
353 1280 421 1348 Quid
437 1282 473 1336 ait
487 1279 621 1348 Quintus?

288 1363 321 1432 Q.
344 1363 420 1420 Nulla
435 1363 469 1418 de
483 1380 513 1419 re
529 1365 623 1436 magis.

288 1461 330 1520 M.
353 1463 385 1519 Et
406 1470 481 1520 recte
503 1462 624 1536 quidem:
647 1464 767 1520 namsia
786 1463 922 1526 habetote,
943 1461 1019 1518 nullo
1038 1463 1066 1518 in
1087 1477 1189 1536 genere

225 1546 389 1622 disputando
399 1562 480 1622 posse
494 1547 532 1602 ita
545 1544 677 1620 patelieri,
693 1545 758 1620 quid
773 1546 809 1602 sit
823 1547 926 1602 homini
940 1553 1034 1602 natura
1047 1545 1189 1617 tributum,

228 1638 358 1704 quantam
372 1632 425 1686 uim
441 1646 532 1686 rerum
547 1631 707 1703 optimarum
723 1647 798 1686 rnens
814 1629 929 1686 humana
945 1631 1093 1700 contineat,
1109 1631 1190 1686 ouius
1278 1648 1280 1650 ·

226 1715 346 1770 muneris
368 1713 474 1770 colendi
493 1711 679 1788 efficiendique
701 1730 780 1770 eausa
802 1715 857 1770 nati
878 1721 905 1770 et
926 1716 955 1769 in
969 1713 1055 1770 lucem
1071 1712 1136 1768 editi
1150 1714 1189 1768 si·

226 1814 297 1868 mus,
322 1813 390 1870 quae
411 1799 446 1854 sit
466 1795 621 1854 coniunctio
646 1798 800 1868 hominum,
827 1814 896 1870 quae
921 1797 1051 1854 naturalis
1071 1797 1188 1852 societas

225 1883 297 1938 inter
314 1883 405 1954 ips0s;
434 1881 475 1937 his
496 1883 566 1937 enim
589 1881 727 1955 explicatis
746 1881 807 1936 lons
828 1881 919 1954 legunt
940 1889 968 1936 et
987 1881 1054 1936 iuris
1072 1880 1188 1936 inueniri

225 1973 326 2039 potest.

289 2043 332 2104 tt.
354 2049 390 2106 Α.
413 2048 472 2105 Non
495 2065 561 2120 ergo
583 2065 598 2104 a
619 2049 754 2122 praetoris
777 2047 882 2119 edicto,
910 2055 940 2103 ut
962 2047 1083 2120 plerique
1104 2063 1189 2118 nunc,

226 2150 313 2206 neque
329 2150 343 2189 a
356 2131 497 2188 duodecim
512 2132 619 2201 tabulis,
638 2141 667 2188 ut
681 2133 846 2204 superiores,
861 2131 908 2187 sed
923 2133 1030 2204 penitus
1045 2146 1078 2186 eu
1093 2131 1187 2186 intimo

225 2216 397 2290 philosophia
412 2215 585 2270 hauriendam
599 2216 666 2270 iuris
682 2213 847 2287 disciplinam
862 2222 950 2288 putas.

291 2314 331 2370 M.
351 2314 413 2370 Non
428 2315 499 2369 enim
513 2313 541 2370 id
556 2315 710 2387 quaerimus
725 2314 777 2370 hoo
791 2331 932 2385 sermone,
946 2314 1091 2388 Pomponi,
1106 2329 1187 2387 quem

218 2397 385 2454 'admodum
400 2413 541 2453 caueamus
557 2397 585 2453 in
599 2399 658 2453 iure
674 2405 721 2454 aut
731 2397 794 2471 quid
812 2399 845 2453 de
864 2413 970 2471 quaque
987 2397 1189 2454 consultatione

225 2481 446 2555 respondeamus.
476 2482 578 2538 sitista
591 2496 637 2538 res
651 2497 763 2555 magna,
782 2483 853 2537 sicut
867 2489 924 2552 est,
940 2495 1008 2554 quae
1023 2481 1158 2554 quondam
1172 2495 1187 2535 a

226 2564 318 2621 multis
333 2565 412 2620 claris
428 2565 509 2635 uiris,
530 2581 602 2622 nunc
623 2563 656 2620 ah
672 2582 726 2621 uno
741 2581 846 2622 summa
860 2565 1018 2621 auctoritate
1033 2573 1062 2621 et
1076 2565 1187 2622 scientia

226 2650 386 2718 sustinetur,
406 2647 453 2704 sed
468 2646 546 2704 nobis
563 2650 600 2705 ita
616 2648 808 2722 conplectenda
823 2651 851 2704 in
865 2649 916 2705 hae
930 2648 1114 2721 disputatione
1129 2654 1188 2703 tota

226 2747 306 2788 causa
321 2740 363 2787 est
378 2732 499 2788 uniuersi
513 2733 580 2788 iuris
595 2749 625 2789 ac
639 2733 747 2806 legum,
769 2740 800 2788 ut
820 2733 872 2788 hoo
887 2731 967 2788 ciuile
981 2733 1055 2804 quod
1075 2731 1187 2788 dicimus

224 2817 252 2871 in
267 2831 380 2888 paruum
396 2815 527 2888 quendam
544 2825 572 2873 et
587 2824 732 2891 angustum
753 2816 844 2873 locum
865 2814 1057 2872 concludatur:
1077 2805 1186 2870 natura¹

225 2900 296 2954 enim
320 2900 386 2954 iuris
412 2899 567 2972 explicanda
586 2899 666 2956 nohis
688 2907 730 2955 est
749 2915 834 2972 eaque
853 2899 885 2955 ah
905 2899 1021 2954 hominis
1041 2897 1187 2971 repetenda

224 2989 330 3053 natura,
350 2982 559 3040 considerandae
573 2984 656 3056 leges,
678 2982 774 3056 quibus
785 2984 909 3040 ciuitates
918 2983 978 3054 regi
989 2981 1113 3050 debeant,
1129 2975 1187 3038 tum

224 3066 290 3122 haec
309 3065 451 3138 ,tractanda
471 3084 539 3141 quae
561 3069 703 3141 conposita
723 3074 787 3121 sunt
808 3074 836 3122 et
850 3066 984 3139 descripta
998 3067 1057 3124 iura
1072 3073 1100 3120 et
1114 3067 1187 3120 iussa

222 3150 403 3224 populorum,
423 3151 451 3206 in
471 3151 569 3224 quihus
591 3167 626 3207 ue
645 3151 732 3206 nostri
748 3149 856 3222 quidem
871 3149 965 3223 populi
980 3148 1102 3206 latebunt
1118 3162 1189 3222 quae

224 3242 356 3290 uocantur
371 3235 429 3290 iura
444 3235 542 3291 ciuilia.

288 3335 328 3391 Vl.
351 3332 395 3394 18,
417 3333 450 3401 Q.
474 3334 535 3389 Alte
550 3350 615 3390 uero
632 3339 669 3404 et,
686 3340 717 3387 ut
734 3339 853 3406 oportet,
876 3349 889 3388 a
910 3334 1006 3407 capite,
1026 3332 1121 3403 irater,
1144 3347 1186 3387 re·

223 3457 425 3467 -ι

296 3513 315 3580 ¹)
334 3523 441 3576 naturae,
460 3519 543 3562 natura
562 3509 618 3560 AB.
