2694 4110
244 171 303 239 796
454 187 553 226 ranam.
572 188 626 224 arra.
644 188 707 226 acre.
725 187 812 224 vome.
831 175 980 225 281-285.

244 321 313 376 aeris
329 318 407 376 alieni
422 311 612 390 solutionem,¹
634 320 661 376 si
674 317 710 374 ab
725 318 853 376 intestato
872 333 933 374 cum
953 317 1037 374 fratre
1057 326 1105 373 tuo
1121 321 1205 376 matri
1282 372 1284 376 ,

244 404 323 460 heres
345 403 488 469 exstitisti,
510 394 667 460 'reuocare²
689 417 744 458 non
766 410 857 474 potes.
894 401 962 458 Dat.
984 399 1153 458 Nicomediae
1171 401 1202 460 V.

244 501 309 542 noo.
326 485 401 540 biart.
419 487 508 558 lagg.
524 479 581 541 liti
597 492 624 540 et
639 484 669 544 ll.
685 500 775 540 conss.

306 566 372 627 281.
396 562 493 624 ⁴la'dem
510 567 618 624 Aurelio
634 567 738 624 Seuero
753 567 929 628 Alexandro.
965 567 1086 624 Pateria
1101 566 1201 635 filium,
1217 580 1278 629 [roe]

244 669 322 725 quem
337 654 364 708 in
380 659 517 726 potestate
533 650 622 721 habet,
639 650 783 708 conferens
799 653 858 725 ipso
874 653 933 707 iure
948 651 1127 710 donationem
1141 669 1202 711 uon

138 733 325 808 [tt]at.a·iacit;
349 735 396 792 sed
412 751 444 792 er
458 735 611 808 praeceptis
628 742 791 792 statutorum
815 745 923 808 recepta
940 727 943 812 )
961 735 1126 795 humanitate
1140 737 1202 810 pla-

243 814 324 887 cuit,⁶
347 819 369 875 si
384 820 412 874 in
427 817 522 876 eodem
545 818 643 874 iudicio
665 834 841 892 perseuerans
863 817 998 876 inlatum
1020 821 1201 891 concesserit,

243 903 429 960 liberalitatem
445 903 503 958 eius
515 901 589 958 salua
605 901 666 976 lege
678 901 790 958 Falcidia
805 901 922 976 probari.
944 901 1061 958 Proinde
1072 904 1094 958 si
1111 911 1200 976 pater,

244 988 289 1060 qui
301 1003 350 1060 per
360 985 502 1058 epistulam
515 999 557 1040 res
570 983 617 1040 tibi
629 985 701 1041 dono
715 984 799 1055 dedit,
815 1002 870 1042 noo
885 993 1012 1042 reuocata
1027 984 1200 1058 liberalitate,

243 1085 293 1126 nec
314 1077 413 1126 mutata
438 1068 594 1138 uoluntate,
617 1068 722 1125 letalem
744 1068 814 1125 diem
836 1070 965 1126 intestato
981 1067 1064 1140 obiit,
1087 1069 1200 1126 inlibata

244 1153 353 1210 donatio
375 1162 525 1226 permanet,
547 1152 607 1208 'nisi
622 1159 711 1208 tamen
728 1151 797 1225 legis
814 1151 944 1208 Falcidiae
966 1153 1036 1208 ratio
1052 1155 1200 1212 comminui

243 1253 300 1294 eam
323 1229 477 1309 exegerit⁶3
501 1235 573 1308 quod
595 1237 618 1292 si
633 1235 721 1292 locum
744 1235 1028 1305 transmeandum
1051 1235 1198 1294 donatione

244 1319 340 1376 iratres
356 1321 395 1374 tui
407 1319 548 1389 deducent,
568 1327 700 1392 quatenus
712 1317 739 1374 id
751 1318 808 1375 fieri
823 1319 984 1376 indemnitas
996 1325 1024 1374 et
1035 1321 1102 1376 iuris
1113 1313 1197 1377 ratio⁷

243 1399 1199 1476 inoptinerrdisportionibus‚quaseoshaberenecesseest,erigunt.8

243 1486 318 1542 iuxta
334 1485 401 1542 hane
415 1486 482 1540 iuris
498 1485 610 1542 iormem
626 1502 734 1559 praeses
756 1487 911 1559 prouinciae
927 1485 960 1542 ad
975 1487 1062 1542 uicem
1081 1487 1198 1544 familiae

244 1567 435 1626 herciscundae
451 1567 569 1626 oliicium
583 1571 732 1626 sententiae
748 1585 811 1629 suae
825 1569 933 1642 legibus
948 1569 1115 1642 temperabit.
1145 1569 1198 1632 ΡΡ.

243 1652 380 1728 Byzantio,
396 1651 437 1711 Xl.
453 1653 504 1708 lral.
520 1654 583 1725 Apr.
599 1652 709 1708 Maximo
725 1661 754 1708 et
767 1652 893 1726 Aquilino
910 1648 1014 1712 conss.9

306 1731 376 1795 282.
392 1736 472 1792 lidem
484 1735 640 1809 Calpurniae
653 1737 829 1793 Aristonetae.
852 1735 984 1803 Quoniam
999 1753 1055 1794 non
1068 1745 1195 1793 contenta

243 1823 386 1894 rescripto,
402 1819 475 1894 quod
490 1820 523 1876 ad
538 1821 636 1897 primas
651 1835 745 1893 preces
761 1835 912 1893 acceperas,
932 1821 1029 1876 iterato
1044 1819 1194 1893 supplicare

244 1905 366 1974 uoluisti,
389 1920 421 1959 er
435 1905 493 1960 iure
515 1905 678 1976 rescriptum
693 1903 853 1976 reportabis.
895 1897 1086 1962 Communes¹⁰
1107 1919 1151 1960 res
1167 1905 1195 1962 in

244 1987 359 2046 solidum
372 1987 465 2044 donari
481 1997 629 2060 nequeunt,
644 1987 692 2044 sed
703 1988 842 2059 portiones
854 2003 959 2059 eorum,
975 1987 1022 2059 qui
1034 1987 1147 2060 donant,
1163 1988 1196 2044 ad

244 2087 302 2142 eos,
319 2072 365 2145 qui
377 2071 449 2126 dono
461 2071 604 2144 accipiunt,
621 2071 762 2127 transitum
778 2070 889 2128 iaciunt.
912 2064 989 2128 nee¹¹
1005 2070 1103 2144 ambigi
1115 2087 1196 2145 opor·
1291 2085 1296 2097 ¹

243 2164 293 2231 tet,
309 2155 468 2212 donationes
480 2157 558 2210 etiam
569 2155 641 2211 inter
652 2153 789 2226 absentes,
805 2156 828 2209 si
839 2153 1028 2226 exuoluntate
1038 2153 1196 2212 donantium

243 2241 444 2313 possessionem
466 2239 499 2310 ii,
522 2235 619 2311 quibus
642 2236 770 2294 donatum
792 2245 848 2307 est,
871 2239 1069 2308 nanciscantur,
1094 2238 1211 2294 ualidas·

244 2315 344 2378 esse.¹²
354 2321 467 2391 bestat,
483 2329 514 2376 ut
524 2315 576 2376 si¹³
590 2319 662 2378 lilius
674 2329 738 2378 tuus
748 2321 938 2377 immoderatae
952 2321 1120 2378 liberalitatis
1132 2321 1197 2378 eilu-

317 2469 336 2536 1)
352 2471 474 2528 Materni,
489 2472 563 2519 cuins
572 2473 722 2520 solutionem
733 2471 817 2534 fratri
826 2471 975 2521 donationis
984 2472 1012 2520 in
1022 2487 1077 2520 eum
1087 2474 1196 2540 collatae

244 2555 323 2592 cauea
337 2543 387 2591 soli
401 2539 547 2589 incubuisse
557 2540 696 2590 Annianus
705 2547 852 2604 putaverat.
878 2541 916 2603 Cf.
928 2540 959 2590 L.
970 2551 1004 2592 15.
1025 2540 1051 2594 0.
1062 2541 1094 2591 de
1108 2543 1194 2592 donat.

242 2611 274 2676 (8,
286 2610 333 2676 54).
386 2606 407 2675 ²)
421 2609 463 2658 Ita
483 2609 541 2658 Vct,
557 2611 595 2660 ed.
611 2610 704 2660 Helico.
720 2625 833 2660 reuocare
849 2610 876 2659 V
877 2610 897 2660 ⁶.
913 2612 952 2660 ed.
964 2611 1087 2669 Monate,
1102 2619 1196 2675 etpost

242 2687 324 2746 potest
337 2695 389 2744 pro
404 2686 481 2744 potes.
554 2676 575 2746 8)
595 2681 704 2730 Videtur
719 2682 901 2746 corripendum
914 2680 996 2740 IIII.,
1015 2689 1043 2730 nt
1060 2683 1096 2731 sit
1109 2697 1132 2730 a.
1148 2691 1194 2733 28⁷.

246 2752 280 2800 At
293 2753 319 2800 in
335 2751 357 2799 I.
375 2751 399 2799 θ.
415 2749 586 2814 subscriptum
599 2759 651 2802 eet:
672 2749 739 2800 ‘PP.
760 2751 790 2799 V.
806 2750 846 2800 Id.
862 2751 942 2812 Maii,
963 2767 1045 2802 conae.
1060 2758 1087 2800 nt
1100 2747 1193 2814 sapra'

244 2821 372 2887 (Maximo
385 2821 423 2870 II.
438 2829 463 2870 et
477 2821 600 2885 Aquilino
616 2835 697 2872 conse.
712 2837 736 2870 a.
751 2819 818 2886 aaa).
892 2818 913 2886 ⁴)
927 2820 1013 2872 Sobel.
1028 2835 1121 2884 morp:
1139 2819 1192 2870 llic.

244 2893 270 2940 Si
284 2899 352 2954 pater
366 2893 389 2940 io
404 2892 580 2941 filiumfamilias
599 2892 691 2955 aliquid
709 2892 823 2954 confert,
842 2891 972 2940 liberalitas
991 2893 1041 2940 eius
1056 2891 1123 2940 salue
1138 2892 1194 2956 tepe

244 2961 348 3010 Falcidia
362 2961 483 3024 probanda
498 2970 542 3012 est.
591 2959 611 3027 δ)
629 2961 666 3023 Cf.
682 2968 733 3011 not.
743 2973 764 3012 4.
781 2977 806 3025 p.
819 2973 865 3013 tte.
910 2958 932 3026 θ)
947 2963 968 3010 si
983 2968 1060 3010 tamen
1075 3000 1081 3014 .
1094 3001 1100 3014 .
1111 3001 1117 3014 .
1129 3000 1136 3013 .
1150 2976 1194 3011 uer

244 3033 348 3094 exegerit
366 3032 397 3081 V.
412 3035 501 3096 priona
514 3049 598 3090 manu,
613 3033 652 3082 ed.
668 3031 781 3081 Menenia.
829 3029 850 3098 ⁷)
866 3039 889 3080 et
903 3033 995 3082 inserit
1014 3031 1071 3083 Vei.
1119 3029 1140 3098 8)
1156 3031 1193 3096 Of.

244 3102 276 3151 L.
290 3113 311 3152 a.
333 3102 358 3152 0.
374 3103 405 3152 de
420 3103 493 3165 inoff.
507 3102 565 3152 don.
582 3101 613 3168 (a,
628 3099 673 3166 aa).
693 3100 725 3149 L.
740 3113 773 3153 ιο.
789 3113 822 3154 to.
838 3111 871 3152 tt.
889 3101 914 3152 O.
927 3103 990 3165 fam.
1006 3117 1058 3152 erc.
1074 3100 1160 3168 (aaa).

244 3169 266 3239 9)
282 3187 306 3223 a.
321 3183 370 3225 aso.
444 3170 476 3237 ¹⁰)
493 3172 530 3235 Cf.
546 3173 578 3222 L.
592 3184 626 3224 12.
648 3172 673 3221 0.
689 3173 720 3220 de
735 3173 793 3222 don.
810 3171 844 3238 (a,
859 3171 903 3237 54).
923 3171 1008 3222 Sebol.
1027 3187 1125 3236 mare:
1143 3171 1192 3231 llio,

243 3257 434 3293 communesres
449 3243 588 3292 insolidum
608 3243 691 3292 donari
711 3256 758 3291 non
777 3257 857 3306 posse.
885 3243 1029 3292 Donationcs
1048 3243 1120 3290 etiam
1134 3243 1195 3291 inter

243 3314 355 3364 absentes
368 3327 441 3378 posse
456 3313 508 3362 lieri
523 3320 547 3362 et
561 3313 651 3362 ualidas
667 3327 729 3371 esse,
744 3313 765 3362 si
781 3327 808 3361 ex
822 3313 943 3362 uoluntate
954 3313 1091 3362 donantium
1101 3313 1133 3374 bi,
1144 3313 1194 3375 qoi-

242 3385 287 3432 hus
302 3384 413 3434 donatum
432 3390 480 3441 est,
495 3384 663 3434 nanciscantur
681 3383 859 3445 possessionem
878 3397 957 3432 rerum
977 3383 1124 3433 donatarum.

246 3449 280 3516 ¹¹)
294 3453 342 3502 Est
356 3453 388 3504 L.
403 3465 423 3506 a.
441 3453 466 3502 0.
481 3455 513 3502 de
527 3455 586 3503 don.
602 3453 632 3520 (8,
643 3451 687 3550 54).
741 3449 774 3519 1²)
788 3452 889 3502 Sciret:
907 3453 972 3502 ldem
986 3467 1058 3515 supra
1073 3465 1125 3516 pag.
1138 3451 1193 3502 Vlll.

243 3528 267 3570 et
281 3523 341 3571 inira
355 3537 407 3586 pag.
423 3523 468 3571 XV.
485 3529 508 3572 et
517 3524 597 3573 lllllll.
650 3521 659 3552 ¹
673 3524 683 3586 )
696 3522 768 3572 Hinc
782 3525 876 3586 incipit
888 3523 920 3572 Ιι.
930 3535 951 3574 4.
968 3522 993 3572 0.
1005 3524 1037 3571 de
1052 3523 1124 3585 inoff.
1136 3521 1194 3572 don.
