2692 4114
263 223 327 287 564
594 237 720 273 nourrrvs
739 236 874 273 verusve.

264 360 359 414 schola
375 359 474 412 relicta
490 358 582 412 forum
600 358 705 412 adituri
723 359 811 422 erant,
829 358 895 410 dum
913 359 1075 428 posterioris
1087 359 1216 428 planiore

263 428 294 480 et
309 427 439 480 uberiore
457 425 642 494 explicatione
660 425 716 478 iuri
733 426 762 479 in
782 425 882 478 scholis
894 426 940 480 vel
973 425 1086 478 rivatim
1099 441 1215 494 operam

264 494 371 546 daturis
389 493 546 547 consultum
558 492 626 548 ibet.
657 491 713 545 Sed
725 493 754 545 in
767 493 809 545 dis
832 492 941 546 onendo
980 491 1127 570 egularum
1140 494 1215 549 libro

264 563 294 614 et
309 560 413 628 partim
431 560 516 614 etiam
538 559 568 612 in
590 558 783 627 componendo
807 510 871 613 gaii
888 559 1081 614 Institutiones
1103 563 1215 614 secutus

263 627 485 696 deprehenditur
501 627 552 692 ita,
564 627 597 678 ut
610 627 764 703 praemisso
777 627 876 680 itidem
889 626 923 679 de
935 626 1002 680 iuris
1014 627 1138 681 fontibus
1150 627 1214 682 loco

263 695 294 748 et
310 711 445 748 summam
463 693 542 746 illam
560 693 724 746 divisionem
741 693 771 746 in
789 693 845 758 ius,
868 693 945 760 quod
963 693 999 746 ad
1013 709 1149 771 personas
1166 695 1215 748 vel

262 761 362 815 adres
379 760 425 815 vel
443 761 478 814 ed
496 761 620 814 actiones
652 759 763 824 ertinet,
782 776 933 827 earumque
946 763 1070 829 partium
1082 761 1215 815 distribu-

261 829 353 882 tiones
369 829 399 880 in
416 829 578 906 uniyersum
601 777 749 904 reiineret,
772 828 801 880 et
818 827 929 906 singula
946 828 1053 896 capita,
1076 829 1215 896 quatenus

262 895 433 964 Regularum
447 896 557 948 diversa
568 895 640 948 ratio
652 894 821 960 patrebatur,
833 893 962 948 srmrlrter
970 896 1113 960 tractaret,
1124 897 1215 950 auctis

262 964 359 1016 tamen
376 962 543 1030 quibusdam
561 963 591 1014 et
602 960 748 1014 interdum
761 962 846 1014 etiam
858 962 937 1014 novis
950 961 1073 1014 materiis
1086 961 1212 1027 adiectis,

263 1029 343 1083 velut
360 1029 394 1082 de
413 1029 534 1093 dotibus,
553 1027 588 1082 de
607 1027 802 1081 donationibus
814 1028 888 1081 inter
900 1029 991 1081 virum
1003 1030 1033 1082 et
1044 1044 1168 1095 uxorem,
1185 1033 1215 1084 et

262 1097 291 1148 in
309 1096 364 1149 fine
376 1097 451 1160 iuris,
490 1095 547 1148 uod
557 1095 595 1148 ad
606 1110 740 1163 personas
752 1095 883 1162 pertinet,
896 1095 931 1148 de
943 1111 1016 1149 novo
1028 1111 1214 1163 personarum

261 1164 322 1217 inre
341 1180 376 1216 ex
393 1163 457 1232 lege
470 1113 548 1215 iulia
569 1162 704 1229 etaPapia
721 1162 865 1230 Poppaea:
887 1178 945 1230 qua
966 1179 996 1216 re
1019 1178 1085 1216 eane
1107 1163 1215 1218 fectum

263 1231 317 1295 est,
336 1232 369 1284 ut
386 1229 525 1298 quaedam
544 1229 579 1282 ad
597 1229 650 1283 fori
672 1245 752 1281 usum
774 1231 982 1298 pernecessaria
999 1245 1054 1283 non
1073 1230 1213 1285 desidera-

263 1300 367 1361 rentur,
386 1296 435 1350 sed
453 1297 539 1350 etiam
557 1298 589 1348 ut
606 1295 768 1364 perspicuus
784 1296 833 1349 ille
850 1312 944 1350 rerum
957 1296 1214 1352 distribuendarum

262 1365 292 1416 et
309 1365 536 1431 exponendarum
554 1362 630 1428 ordo,
648 1379 704 1482 (3υο
717 1361 780 1416 Gaii
791 1363 985 1417 institutiones
996 1364 1147 1432 excellunt,
1165 1365 1213 1420 ad-

262 1430 378 1484 modum
395 1430 590 1483 obscuraretur
607 1431 638 1483 et
675 1430 865 1485 eformaretur.

330 1496 391 1560 Quo
408 1498 535 1564 ternpore
554 1497 583 1550 et
595 1513 651 1564 qua
662 1498 771 1550 ratione
783 1497 893 1566 integer
904 1497 1018 1566 Ulpiani
1030 1497 1104 1552 liber
1115 1499 1150 1553 ad
1162 1499 1214 1554 has

262 1563 377 1618 lacinias
386 1563 515 1618 redactus
527 1563 571 1629 sit,
582 1580 637 1617 non
650 1564 782 1617 convenit
792 1565 867 1618 inter
879 1564 953 1618 viros
966 1567 1071 1620 doctos
1095 1565 1213 1619 Momm·

263 1632 322 1684 seni
343 1632 386 1684 est
402 1631 554 1697 sententia,
572 1647 628 1684 non
646 1630 695 1683 diu
713 1634 777 1698 post
793 1631 967 1684 Constantini
984 1634 1114 1700 tempora
1131 1635 1213 1687 exsti·

261 1699 329 1752 tisse
346 1697 489 1752 hominem
500 1715 600 1766 parum
612 1698 726 1751 doctum
739 1700 768 1751 et
779 1698 981 1751 incredibiliter
993 1699 1146 1767 stupidum,
1163 1702 1214 1768 qui

263 1764 377 1834 Ulpiani
387 1765 499 1827 librum,
511 1767 545 1818 ut
555 1765 617 1831 iuri,
631 1780 686 1832 quo
698 1767 758 1818 turn
770 1765 931 1831 utebantur,
940 1765 1029 1834 inagis
1041 1766 1213 1833 conveniret,

261 1833 365 1900 partim
377 1832 512 1886 breviarii
527 1833 630 1899 partim
642 1832 770 1895 mutarit;
788 1830 884 1900 itaque
898 1848 938 1898 ea,
952 1848 1026 1900 quae
1040 1833 1077 1886 ad
1088 1849 1139 1888 nos
1171 1851 1214 1888 er-

262 1899 399 1962 venerint,
416 1915 473 1953 non
489 1900 549 1952 tam
561 1899 627 1952 libri
638 1898 754 1966 Ulpiani
771 1898 811 1951 Re
835 1899 943 1952 ularum
975 1916 1040 1952 uam
1056 1900 1138 1954 huius
1149 1852 1213 1955 Ere·

262 1966 344 2026 viarii
355 1967 486 2034 reliquias
495 1982 564 2020 esse.
591 1965 667 2030 Quae
677 1966 771 2032 opinio
781 1983 808 2018 m
840 1966 925 2020 iideo
938 1917 1088 2020 aimodum
1100 1968 1213 2022 videtur

261 2035 323 2088 veri
340 2033 490 2100 dissimilis,
508 2032 584 2100 quod
601 2033 684 2086 nimis
695 2032 839 2102 stupidum
850 2033 926 2102 cogit
937 2049 1042 2101 ponere
1055 2035 1213 2102 hominem3

260 2101 384 2169 primum
406 2101 481 2156 enim
503 2101 532 2154 in
554 2117 607 2153 usu
628 2099 693 2164 fori,
719 2116 804 2168 quem
825 2099 1001 2168 potissimum
1022 2103 1047 2155 is
1073 2104 1213 2170 spectasse

261 2171 385 2236 putatur,
404 2185 491 2235 quum
508 2169 631 2236 ipsorum
644 2166 773 2221 lotorum
784 2167 850 2220 libri
862 2167 1098 2236 desiderarentur,
1116 2186 1212 2237 quern·

261 2235 413 2290 admodum
430 2236 543 2304 poteret
558 2250 615 2288 non
632 2234 741 2297 videre,
759 2234 866 2288 nullam
884 2235 995 2288 obscuri
1011 2235 1132 2290 hominis
1149 2236 1212 2290 bre·

261 2302 381 2356 viarium
399 2302 596 2356 auctoritatem
614 2317 672 2356 esse
690 2301 870 2355 habiturum?
894 2301 1002 2356 Deinde
1020 2303 1097 2370 qnod
1108 2304 1151 2356 ius
1163 2305 1212 2357 ob·
1290 2305 1296 2324 '

262 2369 384 2422 soletum
405 2368 572 2436 quibusdem
590 2367 658 2421 locis
680 2385 714 2422 ex
735 2367 807 2421 libro
830 2384 972 2423 exseeasse
995 2369 1110 2434 dicitur,
1137 2370 1213 2424 idem

262 2435 331 2488 alibi
347 2435 493 2502 reliquisse
512 2434 738 2511 deprehenditur.
768 2435 869 2511 Taceo,
887 2436 963 2502 quod
980 2437 1118 2503 quaedam
1131 2453 1212 2506 argu-

262 2503 358 2556 menta
369 2503 495 2556 consulto
506 2502 599 2555 omissi
611 2503 714 2555 veteris
731 2502 799 2554 iuris
811 2502 890 2556 velut
900 2509 941 2568 27,
954 2509 978 2555 1.
990 2510 1030 2566 20,
1041 2511 1064 2558 2.
1080 2511 1118 2558 10.
1133 2512 1155 2570 1,
1168 2511 1209 2558 21.

261 2572 371 2624 tantum
383 2586 418 2624 ex
430 2568 568 2624 mendosis
577 2568 743 2623 lectionibus
752 2569 930 2636 colliguntur.
956 2569 1084 2638 Denique
1094 2573 1118 2625 si
1128 2587 1211 2640 quee-

262 2637 328 2691 dam
345 2636 482 2692 eiusmodi
499 2635 600 2689 omissa
617 2637 689 2700 sunt,
726 2636 782 2689 uod
799 2635 905 2690 facturn
923 2652 979 2691 non
996 2654 1083 2706 nego,
1102 2639 1132 2692 at
1148 2640 1214 2692 sunt

263 2705 348 2758 etiam
365 2703 467 2767 multa,
487 2717 558 2770 quae
576 2718 632 2758 non
650 2653 853 2767 obstiieverant,
872 2719 945 2771 quae
957 2705 1086 2772 utraque,
1104 2705 1211 2774 opinor,

262 2771 371 2825 facilius
393 2771 428 2824 ad
451 2785 543 2823 casum
565 2771 666 2824 natura
688 2786 738 2823 sua
758 2771 867 2823 ratione
890 2772 1044 2837 carentem,
1068 2789 1153 2840 quam
1175 2772 1214 2826 ad

263 2837 407 2891 consilium
424 2835 698 2906 hominis'Epieureo
716 2852 782 2890 casu
799 2853 855 2890 non
873 2837 1025 2892 consultius
1042 2841 1211 2894 referuntur.

262 2907 360 2972 Itaque
378 2903 486 2958 ratione
504 2919 537 2958 ec
554 2904 669 2958 consilio
687 2920 752 2958 eum
763 2905 874 2957 tantum
889 2921 970 2958 usum
982 2907 1149 2974 putaverim,
1162 2907 1214 2974 qui

262 2973 291 3023 in
309 2971 390 3024 ruina
405 2971 455 3024 illa
471 2972 575 3026 veteris
596 2971 663 3026 iuris
681 2971 782 3033 civilis,
804 2971 856 3024 hoe
874 2971 917 3025 est
933 2972 1008 3025 cirea
1023 2972 1108 3026 finem
1125 2973 1214 3027 seculi

263 3037 368 3115 quinti,
386 3039 492 3116 primus
510 3054 545 3093 ex
563 3038 688 3159 ‘Ulpiani
706 3047 830 3115 corpore’
849 3037 923 3092 hune
940 3039 1029 3093 solum
1046 3040 1148 3094 librum
1166 3041 1214 3094 vel

262 3105 1213 3252 tlttllfftlllttittillstlitttntllltlr‘vtltt:

262 3256 361 3294 manus
373 3240 422 3297 111.
455 3240 659 3304 raedrcaverat,
677 3241 707 3292 et
718 3240 813 3294 cetera
828 3238 1005 3307 aliquatenus
1022 3243 1133 3295 servata
1144 3243 1214 3295 ruris

262 3309 308 3362 vel
326 3308 419 3363 discen
441 3307 514 3362 rvel
538 3306 658 3360 docendi
680 3307 710 3359 et
733 3307 921 3428 resgondcndi
942 3308 1082 3377 praesidia
1099 3309 1214 3378 Ulpiani

262 3391 373 3444 quoque
384 3375 596 3429 celeberrimum
608 3389 709 3427 nomen
719 3375 748 3428 et
757 3391 775 3427 u
791 3373 934 3427 'lissimum
943 3391 1012 3444 opus
1021 3377 1209 3433 retineretur.¹
1225 3391 1289 3442 [ree]

336 3566 355 3633 ¹)
369 3569 505 3618 Vaticanum
515 3569 608 3633 Ulpiani
622 3569 730 3620 codicem
738 3570 847 3634 primitus
857 3584 869 3618 e
880 3570 962 3620 codice
975 3568 1094 3634 ‘corporis
1105 3569 1209 3635 Ulpiani’
